3750 6000
45 196 48 201 ’
155 200 210 256 323

791 184 1000 247 lNNOCENTll
1020 188 1044 245 ll
1067 186 1165 247 PdPAE

1751 189 1803 245 dii

188 321 249 394 Ego
263 318 384 378 Ubaldus
399 317 476 375 diac.
488 316 565 374 card.
576 314 711 372 S.llariae
725 314 752 370 in
763 313 813 371 Via
825 316 888 370 Lata
899 313 947 370 SS.
959 323 986 383 Α
1001 315 1128 386 proinde,
1144 316 1236 373 dilecti
1250 317 1277 373 in
1293 317 1412 375 Domino
1429 315 1591 386 lilii,vestris
1620 317 1800 391 petitionibus

185 410 247 484 Ego
262 408 458 482 Chrysogonus
473 406 542 464 diac.
559 404 664 463 cardin.
680 403 707 461 S.
726 402 819 460 Mariae
835 403 862 459 in
876 404 946 460 Por-

152 498 205 557 tieu
221 499 270 556 SS.

186 598 245 670 Ego
252 596 413 652 Beruardus
421 593 512 667 presb.
521 592 597 649 card.
608 592 650 648 tit.
664 591 695 648 S.
712 591 883 664 Chrysogoni
895 590 945 646 SS.

185 688 282 742 Datum
311 685 383 757 apud
413 683 574 756 campilium
603 698 652 755 par
686 697 799 736 manum
829 678 945 736 dmerioi

150 777 179 832 S.
196 777 326 832 Romanae
341 773 471 831 Ecclesiae
485 772 557 829 diac.
573 770 669 838 card.,
683 786 711 824 ιιι
726 770 819 826 Nonas
847 767 946 835 llartii,

150 865 243 921 indict.
260 881 306 931 xv,
322 860 680 920 lucarnationisltominioae
691 875 764 916 anuo
779 861 858 928 ttae,
875 872 947 930 pon·

149 952 266 1011 tihcatus
282 968 347 1010 rere
361 954 399 1008 D.
418 953 513 1008 lunoc.
525 966 601 1023 papae
617 950 640 1005 ll
650 964 723 1006 anno
734 964 775 1004 ιιι.

479 1039 610 1097 cclxx.

212 1143 252 1198 lt
267 1140 408 1197 Dictaeum
425 1139 685 1211 compostellanum
707 1138 879 1209 episcopum.

372 1230 461 1299 (duno
476 1229 556 1297 1137,
574 1227 652 1282 ldart.
665 1229 724 1293 tot)

265 1319 396 1391 linoaaz,
423 1319 533 1391 lisporia
548 1315 677 1388 sagrada,
690 1314 754 1381 XX,
766 1312 840 1381 eal]

183 1412 373 1465 luxocanrrus
383 1407 540 1479 episcopus,
557 1420 654 1461 servus
668 1417 812 1459 servorum
827 1400 888 1469 Dei,
906 1415 948 1456 ve-

146 1498 262 1554 nerabili
276 1497 351 1552 iratri
367 1497 477 1551 Droaco
485 1493 709 1565 compostellano
723 1489 943 1562 archiepiscopo,

145 1588 258 1643 salutem
273 1596 299 1642 et
313 1585 491 1658 apostolicam
501 1582 733 1640 benedictionem.

999 405 1209 462 rationabilibus
1233 406 1384 464 clementer
1407 407 1564 471 annuimus.
1594 416 1621 465 et
1649 408 1799 466 ecelesiam

1000 493 1110 562 Christi,
1122 495 1149 550 in
1165 511 1218 567 qua
1244 495 1346 552 divinis
1374 497 1441 553 estis
1468 496 1608 570 obsequiis
1638 498 1798 570 mancipati,

1001 584 1157 654 apostolicae
1167 584 1242 641 sedis
1256 585 1409 656 patrocinio
1419 587 1631 643 communimus.

1037 672 1185 728 statuimus
1199 673 1271 729 euim
1286 683 1316 729 ut
1326 691 1500 747 quascunque
1512 676 1714 748 possessiones,
1726 693 1799 748 quae·

1001 777 1109 836 cunque
1120 761 1192 818 bona
1207 763 1301 820 eadem
1317 763 1432 821 ecclesia
1450 764 1478 820 in
1506 765 1711 836 presentiarum
1723 766 1797 835 iuste

1001 858 1028 908 et
1043 851 1164 925 legitime
1192 853 1324 924 possidet,
1344 860 1391 909 aut
1413 853 1440 908 in
1468 853 1587 910 laturum
1611 855 1795 911 concessione

1000 940 1799 1016 pontificum,largitioneregumvelpriuoipum,oblatione

1001 1029 1131 1097 fidelium,
1149 1047 1198 1089 seu
1212 1031 1274 1087 aliis
1285 1031 1366 1102 justis
1380 1031 1478 1098 modis,
1495 1039 1642 1104 praestaute
1666 1033 1796 1102 Domino,

1001 1121 1100 1194 poterit
1109 1120 1234 1192 adipisci,
1251 1119 1797 1194 firmavobisvestrisquesuccessoribus

1002 1216 1029 1266 et
1041 1208 1144 1266 illibata
1164 1209 1313 1266 consistant
1330 1225 1336 1265 ε
1351 1209 1479 1283 inquibus
1494 1210 1553 1267 baee
1567 1211 1689 1283 propriis
1701 1213 1794 1268 nomi-

1002 1298 1081 1353 nibus
1099 1298 1224 1355 duximus
1247 1298 1430 1370 exprimenda
1444 1319 1454 1355 .·
1468 1299 1538 1355 duas
1567 1298 1671 1357 seilicet
1699 1309 1794 1372 partes

1002 1393 1167 1451 redditusde
1189 1395 1299 1452 civitate
1322 1395 1432 1452 Exoniae
1449 1413 1456 1461 ;
1472 1403 1577 1453 terram
1604 1396 1637 1452 de
1665 1397 1796 1468 lectuna,

1002 1500 1083 1556 quam
1098 1484 1191 1541 Simon
1202 1482 1237 1541 de
1251 1482 1347 1540 llolins
1362 1491 1391 1541 ut
1405 1500 1477 1541 uxor
1486 1485 1545 1556 eius
1566 1485 1679 1542 Adeliua
1710 1487 1798 1544 eidem

1001 1581 1073 1649 loco,
1091 1580 1188 1638 divium
1216 1582 1323 1655 pietatis
1351 1582 1459 1650 intuitu,
1489 1582 1628 1654 contulit3
1647 1590 1747 1641 terram
1773 1595 1800 1641 et

179 1677 310 1734 Universa
326 1677 447 1732 Romana
463 1673 539 1730 curia
553 1680 580 1728 et
592 1671 725 1729 Ecclesiae
740 1668 836 1725 fideles
855 1664 944 1723 nostri
961 1689 988 1750 B
1003 1686 1096 1727 socam
1109 1672 1143 1727 de
1155 1670 1496 1745 anglischecnihteGylde
1512 1671 1681 1739 3eocleslam
1702 1674 1737 1730 de
1752 1673 1799 1729 Bix

142 1782 193 1839 pro
208 1766 295 1822 latore
306 1764 479 1837 praesentium
495 1764 557 1818 dria
572 1761 709 1819 communi
723 1758 779 1815 lilio
794 1766 888 1814 nostro
920 1763 947 1811 et

143 1854 348 1913 clericosedem
362 1854 541 1925 apostolicam
557 1850 719 1922 suppliciter
740 1853 935 1904 exoraverunt.

145 1945 202 2002 Nos
216 1945 298 2016 igitur
326 1959 419 1999 eorum
447 1941 577 2013 precibus
604 1939 752 2011 diligenter
780 1943 944 2001 annuentes,

146 2032 305 2090 fraternitati
318 2040 370 2088 tuae
385 2047 434 2103 pro
449 2030 546 2086 eodem
562 2028 713 2101 apostolica
728 2026 832 2097 scripta
847 2023 944 2094 dirigi·

146 2139 215 2191 mus,
226 2130 357 2195 rogantes
364 2121 529 2186 mandando,
542 2129 641 2176 uteum
650 2117 768 2188 benigne
779 2112 945 2185 suscipiatis,

145 2220 281 2293 eiquepro
293 2219 324 2273 B.
342 2216 412 2273 Petri
424 2224 449 2273 et
459 2225 555 2272 nostra
564 2213 717 2270 reverentia
728 2208 945 2268 ecclesiasticum

146 2307 306 2367 beneficium
321 2323 384 2363 cum
394 2304 540 2378 praebenda
549 2304 576 2360 in
587 2301 811 2375 compostellana
822 2297 947 2356 Ecclesia

147 2401 175 2455 in
190 2398 317 2471 proximo
332 2395 480 2454 concedas.

179 2497 241 2552 Dat.
262 2495 289 2550 in
305 2493 424 2551 Bibione
440 2492 534 2549 Castro
546 2507 573 2548 ιιι
590 2490 652 2546 ldus
679 2490 727 2544 lis.
757 2490 840 2544 llari.
861 2487 893 2557 (i.
914 2502 941 2542 e.

147 2593 211 2659 post
227 2585 301 2655 Kal.)

477 2675 622 2735 CCLXXI.

146 2776 517 2849 Adulbertourcbicpiscopo
531 2773 815 2846 loquatiuomundct
825 2772 948 2843 cisami·

184 2852 255 2906 tiam
278 2849 447 2906 monasterii
469 2847 496 2902 S.
515 2845 715 2902 Emmernmmi
732 2843 946 2916 Ratisponensis

184 2929 269 2978 conto
279 2920 440 2992 Siqebotum
455 2919 579 2974 mititem
596 2920 728 2973 tueatur.

370 3017 464 3090 (Anno
475 3015 554 3083 ll3'l,
570 3015 648 3071 llari.
665 3015 722 3086 aa.)

233 3117 308 3190 [lez.
328 3116 486 3172 Thesaurus
506 3109 653 3179 Accedat,
681 3109 704 3179 l,
720 3124 762 3176 ιιι,
780 3111 853 3178 tab]

181 3218 375 3272 [amoenamus
403 3210 559 3283 episcopus,
583 3224 677 3265 servus
703 3223 848 3264 servorum
881 3204 943 3270 bet,

146 3304 296 3366 venerabili
311 3301 386 3360 tratri
402 3300 439 3355 Α.
453 3298 612 3372 linguntinu
635 3296 850 3368 archiepiscopo,
880 3311 946 3367 apo·

147 3395 251 3453 stolicrc
265 3392 339 3449 sedis
354 3390 455 3463 legato,
471 3387 587 3446 salutem
605 3394 631 3443 et
646 3385 828 3459 apostolicam
856 3384 944 3441 bene·

146 3488 307 3546 dictionem.

179 3587 262 3642 Lator
276 3583 452 3657 praesentium
474 3580 644 3651 Gerbardus,
674 3581 709 3638 sd
735 3597 787 3637 nos
815 3580 941 3648 veniens,

143 3677 276 3733 adversus
291 3673 451 3746 sigebotum
464 3671 580 3727 militem
595 3675 711 3743 questus
722 3677 764 3727 est
779 3669 864 3742 quod,
881 3686 944 3725 eum

143 3766 202 3838 ipse
214 3772 241 3820 et
255 3761 453 3834 consanguinei
463 3761 525 3832 ejus
532 3759 568 3816 de
582 3758 682 3815 familia
695 3759 732 3814 Β.
748 3759 943 3815 Emmemmmi

142 3854 267 3922 existant,
293 3852 365 3908 idem
394 3849 541 3922 sigebotus
569 3849 597 3904 in
619 3848 760 3921 propriam
782 3849 943 3905 servitutem

143 3942 280 4001 vindicare
288 3948 412 3998 conetur.
425 3937 748 4011 llaproptariraternitati
758 3946 812 3993 tuae
821 3937 943 4012 rogando

143 4033 305 4091 mandamus
317 4039 453 4104 quatenus
468 4037 562 4085 contra
577 4028 741 4084 vexationes
757 4025 879 4098 ejusdem
895 4026 942 4083 Si-

144 4130 238 4206 geboti
253 4129 401 4202 praelatum
413 4125 586 4182 Gerbardum
593 4126 707 4197 ejusque
717 4124 943 4196 consanguineos

142 4219 171 4277 in
185 4234 236 4276 sua
242 4218 345 4289 iustitia
358 4223 543 4272 manuteneas.
564 4215 598 4269 Et
612 4213 637 4269 si
649 4212 723 4270 idem
733 4213 879 4285 sigebotus
894 4229 943 4270 eos

141 4315 237 4367 contra
249 4306 386 4376 justitiam
402 4319 519 4376 gravare
532 4301 747 4375 presumpserit,
762 4300 883 4358 debitam
912 4303 941 4357 in

142 4413 204 4453 eum
218 4394 379 4452 sententiam
395 4391 529 4464 proferas.

175 4492 247 4555 Data
259 4491 372 4549 viterbii
387 4505 425 4547 vu
436 4489 497 4545 Kal.
513 4488 624 4561 Aprilis.

468 4596 621 4653 cclxxii.

232 4697 415 4770 Prioileqium
428 4711 479 4768 pro
499 4696 627 4753 &etesia
655 4695 842 4753 matinensi.

353 4786 444 4855 (huno
459 4785 538 4850 titt,
560 4783 656 4855 April.
674 4786 713 4855 8.)

141 4877 263 4953 inmun,
282 4874 403 4938 tolera,
414 4872 625 4943 conventiones,
645 4873 751 4930 titteroe
769 4875 848 4933 inter
861 4892 940 4948 reyes

320 4948 465 5020 Anqhoeet
480 4947 561 5014 attus,
577 4954 599 4999 t.
621 4943 642 5013 l,
660 4961 688 5017 p.
702 4945 759 5018 tt]

176 5061 364 5114 lsuucaurma
379 5053 537 5126 episcopus,
555 5067 651 5109 servus
663 5068 806 5110 servorum
819 5053 879 5122 ltei,
893 5054 935 5111 di·

139 5152 210 5207 lecto
224 5145 280 5200 utto
299 5144 472 5209 Nouussuo,
489 5142 574 5214 priori
589 5140 714 5199 ecclesia
742 5142 842 5198 Christi
865 5143 934 5200 iutra

139 5230 638 5298 muroslundonieusisciyitatiasita,
655 5230 771 5303 ejusque
793 5229 936 5305 iratribus,

143 5336 197 5384 tam
211 5319 393 5395 presentibus
405 5334 485 5391 quam
500 5318 598 5375 suturis
613 5319 640 5375 in
655 5328 828 5392 perpetuum.

176 5416 340 5492 apostoliam
361 5414 437 5472 sadis
458 5413 610 5473 clementia
638 5416 764 5491 congmit
792 5417 936 5493 religiosas

1001 1777 1062 1818 cum
1078 1761 1229 1817 redditibus
1243 1760 1300 1817 suis
1316 1776 1323 1830 ;
1340 1761 1483 1818 ecclesiam
1499 1761 1533 1817 de
1543 1761 1697 1818 'totenham
1711 1778 1717 1817 ε
1730 1779 1801 1835 prau-

1001 1866 1077 1915 tcrea
1091 1874 1269 1931 quascunque
1283 1857 1428 1935 ecclesias,
1444 1874 1493 1915 seu
1509 1865 1608 1924 terras,
1635 1866 1712 1914 extra
1727 1859 1800 1916 civi-

1000 1955 1081 2004 tatem
1092 1948 1312 2016 Laudiniensem,
1330 1947 1372 2004 vel
1386 1946 1467 2018 inira,
1484 1964 1498 2002 a
1514 1948 1563 2003 Dei
1579 1947 1705 2004 tidelibus
1722 1948 1801 2005 vobis

1000 2037 1196 2094 rationabiliter
1212 2036 1310 2094 collata
1321 2053 1371 2093 seu
1384 2037 1507 2110 aliaquae
1516 2037 1542 2092 in
1552 2045 1690 2109 posterum
1703 2036 1799 2094 offerri

999 2125 1155 2200 contigerit,
1172 2126 1249 2183 vobis
1264 2134 1291 2183 et
1305 2143 1355 2198 per
1369 2142 1421 2183 yos
1432 2126 1521 2183 eidem
1548 2126 1672 2183 ecclesiae
1703 2136 1797 2185 aucto·

1000 2217 1078 2273 ritate
1093 2216 1242 2288 apostolica
1255 2214 1406 2271 firmamus.

1035 2315 1213 2372 Decernimus
1227 2330 1296 2388 ergo
1310 2323 1339 2370 ut
1354 2314 1421 2370 nulli
1435 2314 1546 2371 omnino
1556 2315 1697 2371 bominum
1716 2315 1798 2373 liceat

1001 2405 1126 2461 eamdem
1141 2404 1284 2462 ecclesiam
1297 2413 1399 2461 temere
1412 2404 1582 2477 perturbare,
1599 2411 1644 2460 aut
1656 2404 1716 2474 ejus
1729 2421 1796 2478 pos-

999 2494 1139 2552 sessiones
1153 2497 1267 2560 auterre,
1285 2493 1328 2551 vel
1341 2493 1445 2550 ablatas
1460 2494 1585 2562 retinere,
1602 2492 1737 2563 minuere,
1747 2505 1796 2551 aut

1000 2584 1134 2658 aliquibus
1146 2583 1335 2640 vexationibus
1350 2582 1478 2656 fatigare,
1494 2583 1545 2640 scd
1563 2583 1657 2640 omnia
1686 2584 1794 2656 integra

1000 2690 1198 2740 conserventur
1212 2698 1317 2751 eorum,
1334 2698 1387 2755 pro
1402 2699 1521 2756 quorum
1545 2683 1745 2756 gubernatione
1772 2694 1800 2742 et

1000 2771 1196 2831 sustentatione
1215 2780 1434 2841 cenomannum,
1451 2773 1545 2829 usibus
1555 2772 1721 2830 omnimodis
1737 2790 1800 2845 pro·

1000 2861 1097 2931 lutura,
1121 2861 1197 2917 salva
1224 2861 1353 2917 nimirum
1382 2861 1546 2919 dioeoessani
1567 2861 1692 2933 episcopi
1706 2861 1801 2920 debita

1000 2951 1169 3007 reverentia.

959 3049 984 3114 G
1033 3047 1063 3104 Si
1077 3063 1132 3119 qua
1146 3047 1230 3120 igitur
1243 3048 1271 3103 in
1285 3046 1404 3103 laturum
1419 3048 1606 3107 ecclesiastica
1619 3051 1800 3110 secularisve

999 3152 1126 3209 persona,
1140 3138 1212 3194 bauc
1221 3144 1323 3193 nostrae
1336 3137 1536 3194 constitutionis
1550 3143 1683 3213 paginam
1692 3143 1794 3212 sciens,

998 3234 1094 3283 contra
1107 3242 1167 3282 eam
1180 3235 1283 3282 umere
1298 3227 1559 3295 veniretentnverit,
1582 3231 1703 3287 secundo
1731 3240 1791 3289 ter-

999 3324 1071 3381 tiove
1085 3324 1258 3392 commonita,
1269 3324 1291 3380 si
1309 3340 1365 3380 non
1393 3341 1514 3398 congrue
1537 3327 1714 3396 satisfecerit,
1739 3347 1793 3402 po-

999 3414 1102 3472 testatis
1115 3414 1283 3487 honorisque
1298 3413 1340 3470 sui
1353 3413 1486 3486 dignitate
1502 3429 1614 3473 careat:
1633 3426 1659 3475 et
1673 3434 1689 3473 a
1705 3435 1798 3476 sacra-

998 3502 1102 3560 tissimo
1112 3518 1228 3575 corpora
1243 3519 1276 3560 ac
1290 3504 1423 3576 sanguine
1438 3505 1487 3560 Dei
1497 3513 1525 3562 et
1536 3507 1646 3563 Domini
1661 3508 1798 3582 Redemp-

998 3593 1065 3650 toris
1080 3592 1166 3649 nostri
1184 3592 1249 3648 lesu
1260 3592 1361 3649 Christi
1369 3593 1457 3650 aliena
1473 3593 1528 3663 iiat,
1539 3596 1658 3669 atquein
1670 3602 1798 3656 extremo

998 3681 1125 3738 examine
1139 3681 1271 3738 districta
1285 3681 1381 3738 ultioni
1396 3683 1556 3752 subjaceat.

1032 3778 1142 3836 Cunctis
1155 3786 1246 3835 autem
1260 3779 1349 3837 eidam
1363 3779 1431 3850 ¹loco
1459 3797 1508 3837 sua
1529 3781 1592 3852 jura
1619 3785 1795 3841 servantibus

997 3867 1031 3924 sit
1044 3884 1097 3941 pax
1108 3869 1216 3925 Domini
1227 3869 1314 3925 nostri
1324 3869 1388 3926 Jesu
1401 3869 1512 3939 Christi,
1539 3879 1676 3943 quatenus
1699 3882 1726 3929 et
1751 3875 1797 3933 hic

997 3957 1113 4015 fructum
1127 3959 1206 4015 bonae
1215 3958 1329 4015 actionis
1342 3958 1502 4032 percipiant,
1519 3971 1546 4015 et
1559 3961 1629 4032 apud
1640 3961 1794 4020 districtum

994 4053 1114 4122 judicem
1141 4053 1253 4126 praemia
1274 4060 1383 4111 aetamae
1410 4054 1485 4127 pacis
1511 4055 1660 4112 inveniunt.
1692 4059 1794 4129 Amen,

996 4157 1086 4209 amen,
1096 4157 1188 4200 amen.

1031 4232 1093 4305 Ego
1103 4231 1276 4289 innocentius
1291 4232 1439 4291 Catholicae
1446 4234 1578 4293 Ecclesia
1588 4235 1738 4308 episcopus
1750 4254 1794 4295 ss.

1032 4330 1092 4403 ligo
1105 4329 1305 4388 Theodewinns
1319 4331 1464 4404 episcopus
1473 4349 1511 4389 ss.

953 4409 980 4470 tt
1029 4420 1089 4492 Ego
1114 4418 1267 4493 Gregorius
1295 4419 1427 4478 diaconus
1457 4422 1603 4480 cardinalis
1632 4425 1794 4483 Sanctnmm

996 4507 1085 4581 Sergii
1096 4515 1124 4565 et
1138 4509 1235 4566 liacobi
1249 4525 1288 4565 ss.

1031 4597 1093 4669 Ego
1108 4598 1199 4670 Drogo
1213 4596 1348 4655 Ostiensis
1363 4599 1511 4672 episcopus
1525 4618 1565 4660 ss.

1030 4697 1092 4770 Ego
1105 4696 1249 4753 ttnselmus
1259 4698 1384 4771 presbyt.
1405 4700 1515 4757 cardin.
1535 4718 1578 4758 ss.

1031 4795 1091 4867 ligo
1105 4793 1234 4850 hibertus
1248 4793 1411 4853 Albanensis
1427 4797 1576 4870 episcopus
1595 4815 1633 4855 sa.

1030 4893 1090 4966 Ego
1105 4891 1244 4948 llubaldus
1258 4891 1547 4952 diaconuseardinalis
1562 4896 1591 4952 S.
1604 4896 1789 4956 llariaeiullia

1074 4997 1086 5036 s
1105 5023 1112 5037 .

995 4981 1300 5142 Lalliagosilbrysogonus
1310 5067 1420 5126 diacon.
1439 5067 1515 5126 card.
1531 5068 1602 5127 tituli
1613 5071 1641 5127 S.
1651 5071 1745 5130 Mariae
1760 5074 1789 5130 iu

995 5166 1273 5327 Poggbutlstideiredus
1284 5256 1407 5328 presbyt.
1436 5255 1581 5314 cardinalis
1607 5258 1647 5314 tit.
1677 5259 1786 5319 &notre

993 5326 1149 5383 Anasnstae
1162 5342 1200 5382 ss.

1026 5415 1088 5489 ligo
1102 5415 1187 5474 Lucas
1197 5416 1341 5489 presbyter
1354 5417 1485 5475 cardinal.
1500 5419 1786 5480 Sanctommloannis

140 5522 275 5584 personas
289 5504 432 5563 allectione
446 5511 559 5576 patema
567 5505 694 5579 diligere,
705 5513 733 5565 et
741 5506 803 5566 loca
812 5507 852 5565 eis
862 5523 939 5567 com·
993 5518 1021 5570 at
1034 5512 1119 5580 Pauli,
1135 5529 1174 5574 ss.

142 5597 227 5658 missa
249 5601 348 5668 optata
373 5593 539 5651 detensionis
570 5593 721 5654 munimine
752 5596 899 5656 contovere
927 5617 937 5657 a

1026 5599 1088 5674 ligo
1102 5601 1235 5660 Martiam
1249 5602 1395 5676 presbyter
1409 5603 1484 5661 card.
1505 5604 1543 5661 tit
1554 5605 1586 5661 S.
1600 5604 1733 5678 Stephani
1749 5625 1788 5667 ss.
