3772 6006
93 244 148 302 933

444 365 541 422 xcllt.

151 497 337 569 Priuilepiam
351 510 402 568 pro
420 493 595 552 monasterio
609 490 844 563 Bnuiiilrurpeosl.

331 641 423 711 (duno
439 638 518 703 1144,
532 638 594 692 lan.
609 637 668 693 131

255 756 447 829 [documento
462 755 554 822 Boion,
576 754 611 821 ll,
627 768 653 823 p.
670 751 744 824 1871

133 900 238 955 Lucius
253 897 423 968 espiscopus,
439 909 534 950 serviis
550 908 696 948 serrorum
713 891 774 958 Dei,
791 889 900 946 dilectis

98 987 362 1044 liliisGonrsctico
382 982 591 1039 paumbercensi
607 980 765 1052 praeposito,
785 979 901 1052 ejusque

97 1076 231 1133 fratribus
246 1083 301 1131 tam
316 1071 498 1145 praesentibus
522 1086 605 1142 quam
623 1069 730 1136 futuris,
747 1068 903 1142 regularem

97 1168 181 1223 vitam
195 1163 338 1236 professis,
355 1162 382 1216 in
398 1167 572 1232 perpetuum.

133 1255 177 1312 ltd
193 1256 244 1310 lioc
259 1251 341 1308 nobis
354 1249 484 1307 Ecclesia
499 1246 646 1304 Catholicae
672 1262 767 1304 curaa
792 1261 902 1302 summo

96 1353 210 1418 pastore
229 1343 287 1398 Deo
300 1338 448 1397 commissa
466 1346 517 1406 est,
538 1346 564 1392 ut
581 1337 630 1392 lloi
660 1352 756 1392 servos
784 1335 902 1406 paternis

97 1432 243 1490 affectibus
258 1429 415 1503 diligamus,
429 1435 456 1483 et
475 1442 508 1482 eo
523 1425 638 1497 amplius
653 1424 810 1481 studeamus
824 1424 902 1496 ipso·

99 1537 162 1577 rum
177 1518 351 1576 devotionem
366 1516 456 1572 modis
470 1514 598 1571 omnihus
611 1513 766 1580 coufovere,
783 1529 836 1585 quo
853 1512 903 1569 fer·

99 1610 210 1667 centius
224 1607 290 1679 ipsis
305 1604 457 1676 disciplinis
481 1602 688 1669 ecclesiasticis,
705 1610 731 1658 et
746 1608 901 1658 sanctoruni

100 1702 213 1754 Petrum
228 1695 331 1767 regulis
344 1694 480 1750 inbaerere
495 1699 654 1748 noscuntur.
668 1692 743 1747 Tunc
758 1691 829 1745 enini
846 1691 902 1747 Deo

99 1796 198 1860 gratus
212 1784 379 1857 apostolicus
396 1782 560 1853 impenditur
584 1780 737 1845 famulatus,
755 1780 778 1834 si
791 1788 901 1835 sancto-

691 232 869 294 EPlSTOLAE
888 231 933 292 ΕΤ
955 228 1166 292 Pltlt‘ttttdtl.

913 367 939 426 Α
955 361 1133 433 protectionis
1148 375 1228 415 uuam
1246 360 1391 415 bisantium
1407 375 1529 428 aureum,
1544 361 1622 418 nobis
1637 363 1752 419 nostris·

1696 229 1750 292 914

954 467 1008 522 que
1035 448 1245 505 successoribus
1260 448 1411 505 annualiter
1436 450 1610 521 persolvetis.
1641 450 1668 507 Si
1696 467 1751 523 qua

953 534 1038 608 igitur
1051 533 1078 588 in
1095 534 1212 588 futurum
1228 532 1416 589 ecclesiastica
1430 535 1606 591 saecularisve
1621 551 1750 607 persona,
1836 569 1839 573 >

954 624 1024 678 hanc
1039 629 1138 678 noslrae
1161 621 1366 678 constitutionis
1383 623 1510 694 pagiuam
1525 623 1626 694 sciens,
1655 634 1752 682 contra

955 727 1014 768 eam
1031 719 1136 767 temere
1152 710 1242 766 renire
1257 711 1543 781 tentai'erit,seciindo
1556 713 1671 773 tertiora
1684 730 1754 772 com·

955 800 1066 868 monita,
1096 798 1149 855 nisi
1177 808 1283 855 reatum
1312 816 1394 856 suum
1416 817 1536 875 congrua
1566 802 1752 861 satisfactione

954 888 1117 953 correxerit,
1133 887 1277 959 potestatis
1307 888 1472 960 honorisque
1487 890 1528 945 sul
1557 891 1689 965 dignitate
1704 907 1753 950 ca-

956 976 1754 1053 rent,reamquesediviuojudicioexisteredeperpetrata

955 1064 1096 1139 iniquitate
1120 1073 1275 1137 cognoscat,
1305 1075 1331 1121 et
1346 1082 1363 1121 a
1378 1067 1563 1125 sacratissimo
1579 1084 1695 1142 corpore
1721 1087 1753 1128 ac

956 1154 1089 1226 sanguiue
1104 1153 1154 1210 Dei
1182 1163 1208 1210 et
1237 1153 1345 1210 Domini
1372 1155 1562 1228 Redemptoris
1587 1158 1754 1216 nostrilesu

957 1243 1061 1299 Christi
1090 1243 1180 1298 aliena
1208 1239 1264 1309 fiat,
1293 1252 1376 1315 atque
1390 1243 1417 1298 in
1431 1252 1552 1302 extremo
1571 1247 1695 1304 examine
1708 1247 1753 1303 di·

956 1331 1057 1388 strictae
1071 1329 1166 1386 ultioni
1179 1330 1329 1401 subjaceat.
1346 1331 1455 1389 Cunctis
1480 1343 1571 1390 antem
1587 1336 1676 1392 eidem
1692 1337 1754 1396 loco

954 1420 1030 1492 justa
1054 1419 1225 1476 servantibus
1253 1418 1288 1475 sit
1314 1435 1370 1492 pax
1399 1421 1448 1477 Dei
1482 1432 1509 1478 et
1536 1423 1645 1481 Domini
1670 1427 1754 1482 nostri

956 1510 1019 1565 lesu
1036 1507 1143 1575 Christi,
1161 1515 1292 1580 quatenus
1316 1518 1342 1564 et
1358 1509 1400 1564 hic
1416 1509 1532 1566 fructum
1547 1513 1625 1568 bonae
1638 1514 1754 1571 actionis

956 1597 1116 1670 percipiant,
1129 1606 1156 1652 et
1169 1597 1241 1669 apud
1251 1596 1402 1654 districtum
1409 1598 1531 1669 judicem
1550 1602 1663 1671 praemia
1672 1611 1754 1659 reter-

958 1703 1000 1742 nae
1015 1685 1091 1759 pacis
1105 1685 1256 1745 inveniant.
1265 1690 1363 1743 Amen.

994 1776 1089 1830 Datuni
1105 1774 1198 1830 llomae
1217 1791 1265 1846 per
1279 1792 1388 1831 manum
1417 1778 1538 1846 baronis,
1567 1790 1668 1839 sancta
1697 1783 1753 1840 lio-

100 1893 161 1932 rum
177 1876 301 1931 locorum
318 1871 437 1928 salubris
456 1869 599 1936 institutio,
621 1868 696 1941 rigor
716 1877 742 1923 et
761 1867 828 1924 ordo
848 1882 901 1924 uo·
956 1878 1044 1919 manae
1075 1862 1205 1919 Ecclesiae
1234 1865 1514 1934 subdiaconi,itllal.
1536 1867 1688 1936 Februarii,
1714 1871 1755 1927 in-

100 1964 165 2021 strls
184 1960 344 2036 patrociniis
363 1959 390 2014 iu
411 1957 557 2031 religionis
574 1959 691 2028 puritate
715 1956 815 2013 fuerint
833 1970 901 2013 cori-
956 1952 1082 2008 dictione
1098 1966 1156 2017 iiii,
1177 1951 1379 2008 incarnationis
1394 1953 1546 2013 Dominicis
1572 1973 1644 2015 anno
1673 1962 1751 2027 llll,

103 2060 221 2110 seinata.
249 2052 411 2121 Eapropter,
433 2047 524 2103 dilecti
545 2047 570 2101 in
590 2046 707 2101 Domino
726 2043 783 2111 lilii,
805 2045 901 2101 vestris
955 2040 1129 2112 pontificatus
1142 2055 1208 2096 vero
1222 2040 1316 2096 domni
1335 2042 1409 2097 Lucii
1426 2042 1450 2098 ll
1464 2061 1542 2116 papae
1555 2061 1627 2103 anno
1652 2049 1752 2119 primo.

99 2143 181 2214 justis
197 2138 422 2213 postulationibus
437 2136 587 2193 clementer
601 2136 756 2203 annuimus,
772 2143 798 2189 et
813 2136 902 2190 Bealae

102 2233 263 2304 uirgineis
278 2226 425 2284 ecclesiam
440 2225 468 2280 in
484 2240 537 2298 qua
565 2224 658 2279 divino
673 2223 821 2296 mancipati
835 2223 902 2280 estis

101 2320 247 2391 obsequio,
264 2316 315 2372 sub
332 2315 404 2372 beati
420 2315 491 2370 Petri
507 2322 533 2369 et
548 2321 641 2369 nostra
656 2313 825 2384 protectione
839 2329 902 2367 sus-

101 2410 230 2483 cipimus,
259 2415 287 2462 11
305 2403 448 2477 prasentia
476 2402 569 2474 scripti
590 2402 731 2475 privilegio
750 2402 904 2459 communi·

101 2515 172 2566 mus,
203 2503 354 2552 statuentes
373 2501 402 2547 ut
417 2507 594 2563 quascunque
613 2491 813 2562 possessiones,
830 2506 903 2563 1111-

102 2602 212 2660 cunque
226 2585 300 2641 bona
312 2582 410 2639 eadem
439 2580 557 2638 ecclesia
576 2579 817 2651 inpresentiarum
831 2580 904 2647 juste

103 2687 132 2735 ot
149 2674 282 2733 canonice
310 2669 444 2744 possidet,
472 2677 516 2724 aut
537 2668 564 2723 iii
585 2668 704 2723 futurum
725 2667 904 2724 concessione

102 2762 272 2839 pontificum,
302 2759 446 2831 largitione
461 2773 559 2830 regum
579 2757 622 2813 vel
638 2757 804 2828 principum,
821 2755 903 2812 obla·

104 2856 178 2910 tione
191 2849 312 2908 fidelium
329 2865 377 2904 seu
392 2846 453 2903 aliis
469 2846 551 2916 justis
569 2846 668 2912 modis,
688 2846 747 2900 Deo
773 2844 902 2916 propitio,

104 2941 207 3016 poteris
221 2938 345 3010 adipisci,
377 2934 454 2991 firma
480 2935 557 2990 iobis
572 2934 724 3007 ruinisque
739 2932 905 2990 successori·

104 3033 157 3087 bus
172 3037 199 3084 et
226 3027 330 3083 illibata
345 3031 531 3097 permaneant.
549 3022 577 3077 ln
605 3022 702 3093 quibus
717 3022 776 3079 haec
791 3022 905 3093 propriis

104 3119 234 3175 duximus
249 3113 403 3171 exbibenda
419 3110 575 3171 vocabulis:

105 3227 161 3274 tem
189 3223 216 3272 et
244 3212 429 3269 molendinum
458 3226 552 3280 unum,
574 3208 715 3276 llomdorf,
736 3209 906 3264 Windeherc

106 3323 169 3364 cum
195 3304 252 3360 suis
278 3300 468 3374 pertinentiis;
489 3298 590 3370 pradia
611 3314 671 3370 quse
698 3313 712 3354 1
739 3297 906 3370 Berengario

106 3394 218 3462 comite,
229 3401 256 3448 et
271 3390 335 3446 aliis
350 3388 399 3444 Dei
429 3388 557 3443 fidelibus
572 3385 728 3442 devolionis
742 3387 839 3441 intuitu
855 3402 907 3441 vo-

107 3484 153 3540 bis
167 3496 302 3540 concessa
318 3485 389 3533 sunt.
407 3477 496 3532 Liceat
512 3476 594 3531 etiam
623 3475 778 3547 preposito,
797 3475 842 3548 qul
857 3490 907 3546 pro

109 3583 235 3644 tempore
250 3567 340 3633 fuerit,
361 3567 522 3622 advocatum
537 3579 619 3637 quem
634 3564 724 3619 eidem
739 3563 800 3620 loco
816 3563 908 3618 utilem

109 3670 136 3719 et
151 3656 337 3715 necessarium
349 3670 410 3710 esse
421 3653 601 3725 perspexerit,
614 3652 764 3707 communis
774 3651 909 3707 velsanio

110 3751 150 3808 ris
167 3746 251 3820 partis
267 3745 381 3798 fratrum
396 3743 520 3807 consilio,
533 3741 683 3797 secundum
694 3739 907 3813 Deumeligere;

111 3846 139 3896 et
163 3837 186 3893 si
209 3834 310 3890 inutilis
325 3830 482 3904 apparuerit
498 3846 649 3896 removere,
680 3829 777 3886 sicula
800 3829 910 3901 praede·

110 3925 268 3984 cessoribus
283 3921 384 3977 nostris
400 3920 479 3976 honre
494 3918 688 3974 recordationis
703 3918 836 3985 Paschali,
851 3917 910 3974 ilo-

111 4016 194 4072 norio
212 4019 240 4068 et
264 4009 425 4066 innocentio
441 4015 568 4063 statutum
585 4022 647 4063 esse
674 4007 854 4080 dignoscitur,
885 4013 912 4062 et

113 4112 218 4185 scripto
232 4125 282 4165 suo
292 4108 439 4163 firmatum.
454 4106 525 4162 Sane
540 4105 663 4161 laborum
675 4113 831 4161 vestrorum
843 4120 912 4178 quos

113 4199 233 4276 propriis
261 4197 387 4253 manibus
400 4203 445 4251 aut
460 4194 614 4267 sumptibus
629 4195 725 4261 colitis,
747 4210 796 4250 seu
810 4194 844 4250 de
858 4209 913 4249 nu-

114 4288 248 4348 trimentis
269 4294 425 4342 vestrorum
452 4282 608 4339 animalium
623 4284 713 4339 nullus
727 4284 837 4339 omnino
853 4283 912 4338 cle-

113 4376 187 4432 ricus
202 4373 245 4429 vel
272 4371 360 4426 laicus
387 4369 510 4425 decimas
525 4383 541 4423 a
556 4368 634 4423 vobis
662 4367 766 4440 erigat.
785 4366 912 4424 Obeunte

115 4467 313 4521 vcrotenunc
338 4457 458 4527 ejusdem
489 4456 541 4512 loci
569 4455 773 4528 prepositovel
803 4445 953 4511 tuorumD

115 4550 237 4624 quolibet
253 4562 453 4612 successomm,
470 4544 561 4600 nullus
576 4544 614 4599 ibi
629 4544 747 4617 qualibet
762 4543 914 4616 subreptio·

115 4642 160 4697 nis
175 4637 273 4695 astutia
288 4636 331 4693 rel
346 4635 480 4690 violentia
494 4642 678 4706 preponatur,
695 4634 747 4688 nisi
763 4649 843 4704 quem
861 4633 914 4689 fra·

116 4739 172 4784 tres
200 4725 343 4783 communi
358 4721 484 4788 consilio,
515 4721 557 4776 rel
572 4737 635 4793 pars
650 4721 757 4777 consilii
785 4721 913 4790 sanioris,

116 4816 264 4874 secundum
280 4814 352 4868 beati
380 4811 522 4884 Augustini
537 4810 673 4882 Regulam
688 4810 847 4883 praeviderit
862 4810 915 4867 eli-

115 4906 247 4979 gendum.
256 4901 434 4959 Decernimus
445 4915 513 4973 ergo
527 4907 555 4955 ut
576 4900 643 4954 nulli
655 4900 766 4955 omnino
776 4899 914 4954 hominum

115 5003 198 5060 liceat
227 5001 365 5074 praefalam
381 4999 527 5056 ecclesiam
556 5007 661 5055 temore
674 4998 846 5070 perturbare,
867 5002 916 5053 aut

116 5091 179 5164 ejus
193 5090 383 5163 possessiones
398 5087 512 5153 auferre,
530 5088 571 5143 iel
585 5087 690 5142 ablatas
707 5087 839 5153 retinere,
860 5101 916 5140 nii-

116 5196 212 5246 nuere,
229 5184 275 5233 aut
290 5177 424 5248 aliquibus
440 5175 629 5231 vexationibus
642 5175 770 5246 fatigare,
787 5174 837 5230 sed
851 5188 913 5229 om-

116 5269 161 5324 nia
176 5267 282 5338 integra
309 5273 506 5321 conserventur
534 5278 641 5327 eorum,
656 5279 707 5334 pro
722 5278 837 5336 quorum
853 5279 915 5318 sus·

1302 2210 1397 2267 xciv.

955 2334 997 2390 lit
1008 2331 1158 2389 rnonoclicr
1166 2332 1193 2389 S.
1206 2334 1400 2392 Poacr·atii.-
1414 2336 1514 2394 Irritus
1526 2337 1652 2395 dicarit
1668 2340 1755 2398 cher-

993 2409 1036 2460 111
1042 2420 1172 2531 felium
1179 2404 1234 2473 filii
1242 2405 1374 2462 Patribus
1386 2409 1446 2463 scis
1455 2424 1629 2466 successores
1642 2411 1714 2480 ficol
1722 2413 1753 2468 lii

992 2491 1039 2531 ecc
1053 2491 1127 2532 estis.

1205 2574 1301 2646 (Anno
1327 2576 1506 2648 1144-1145.)

1133 2672 1248 2745 inlusi,
1266 2672 1382 2741 concil„
1403 2674 1480 2746 xxi,
1502 2676 1583 2750 alin]

994 2789 1093 2844 britius
1115 2788 1270 2862 episcopus,
1293 2806 1390 2846 servus
1414 2807 1555 2850 seriorum
1584 2793 1645 2864 Dei,
1671 2795 1756 2867 priori

959 2885 985 2933 et
999 2879 1141 2933 monachis
1152 2878 1243 2935 Sancti
1268 2879 1401 2936 Pancratii
1413 2880 1564 2938 salutemet
1577 2883 1756 2955 apostolicam

959 2966 1192 3024 benedictionem.

593 3110 738 3178 scirnisca,
755 3111 822 3166 Rota
840 3126 904 3166 curae
921 3084 946 3147 c
996 3074 1063 3129 Cum
1076 3073 1162 3129 simus
1175 3074 1210 3130 ad
1225 3073 1349 3146 regimen
1364 3075 1528 3134 uniuersalis
1543 3078 1684 3147 Ecclesia,
1699 3081 1758 3139 Do·

959 3162 1033 3218 mino
1048 3161 1219 3233 disponente,
1235 3165 1335 3233 vocati,
1350 3165 1421 3221 sicut
1434 3180 1468 3222 ea
1481 3165 1589 3224 solvere
1611 3168 1756 3238 debemus,

960 3266 1021 3323 quae
1049 3249 1137 3322 ipsius
1163 3250 1295 3308 Ecclesia
1322 3253 1443 3308 nutriunt
1466 3255 1759 3324 honestatem;sicea

961 3346 1086 3395 tenemur
1100 3339 1218 3396 evellere
1244 3357 1305 3413 quar
1320 3341 1461 3398 canonicis
1485 3343 1598 3400 obviant
1618 3344 1757 3415 institutis,

961 3436 988 3484 et
1002 3429 1145 3484 materiam
1161 3427 1350 3485 dissolutionis
1366 3430 1490 3487 ridentur
1503 3430 1612 3490 afferre.
1625 3434 1696 3493 Sane
1711 3451 1759 3492 re-

961 3517 1069 3573 lationis
1084 3525 1183 3573 vestrae
1193 3525 1288 3574 tenore
1299 3519 1483 3592 comperimus
1493 3537 1603 3594 prauam
1614 3524 1689 3596 apud
1698 3540 1759 3594 vos,

962 3607 1013 3661 suh
1025 3606 1262 3676 praedecessorum
1279 3615 1431 3665 vestrorum
1451 3611 1628 3684 negligentia,
1640 3629 1759 3670 consuc-

962 3692 1082 3748 tudinem
1096 3692 1287 3764 introductam,
1304 3696 1379 3765 quod
1393 3694 1442 3752 tilii
1456 3713 1565 3768 eorum,
1595 3700 1642 3772 qui
1656 3710 1761 3760 vestras

963 3781 1095 3838 ecelesias
1110 3789 1264 3847 tenuerunt,
1280 3791 1321 3838 ut.
1333 3825 1339 3838 .
1351 3825 1375 3839 ..
1394 3786 1516 3856 patribus
1531 3789 1566 3843 ab
1592 3788 1660 3860 ipsis
1680 3799 1760 3848 ante·

964 3870 1120 3928 caesoribus
1148 3870 1250 3927 nostris
1282 3870 1515 3930 confirmationem
1543 3874 1578 3930 de
1605 3875 1761 3936 obtinendis

964 3959 1099 4026 ecclesiis,
1127 3959 1278 4028 consecuti,
1308 3961 1360 4016 sub
1387 3961 1596 4033 reprehensibili
1610 3966 1762 4026 collusione

965 4048 1060 4105 volunt
1088 4049 1161 4120 ipsas
1176 4047 1309 4104 ecclesias
1321 4048 1384 4118 jure
1398 4051 1581 4109 successionis
1594 4052 1708 4123 babere,
1734 4059 1764 4115 et

965 4136 1060 4193 talium
1086 4135 1319 4193 confirmationum
1331 4138 1443 4195 obtentu
1457 4138 1548 4212 aliqua
1562 4143 1695 4212 pensione
1716 4159 1763 4200 ra·

966 4233 1050 4296 tenta,
1083 4234 1174 4297 patres
1202 4223 1273 4282 filios
1300 4226 1351 4282 sibi
1381 4227 1548 4286 constituere
1575 4245 1762 4289 successores.

967 4315 1033 4370 Cum
1059 4315 1141 4388 igitur
1168 4330 1200 4371 ei
1216 4315 1269 4371 boc
1284 4324 1311 4372 et
1338 4316 1477 4375 canonicae
1504 4317 1656 4391 disciplinae
1682 4321 1764 4395 rigor

967 4402 1133 4477 infringitur,
1151 4412 1178 4459 et
1190 4403 1351 4475 temporalia
1366 4405 1447 4461 vobis
1461 4406 1561 4463 damna
1576 4409 1738 4479 proveniunt
1754 4426 1763 4482 ;

967 4493 1113 4565 praedictas
1141 4493 1333 4550 concessiones
1349 4494 1392 4551 iel
1419 4493 1647 4564 confirmationes,
1676 4499 1766 4557 taliter

967 4590 1002 4646 ab
1016 4591 1175 4647 eorumdem
1191 4591 1314 4647 locorum
1328 4591 1431 4664 priore,
1448 4593 1492 4650 vel
1507 4595 1590 4650 etiani
1603 4596 1636 4651 ab
1653 4605 1764 4669 aposto-

968 4686 1020 4743 lica
1034 4686 1101 4743 sede
1115 4686 1231 4743 veritate
1246 4689 1330 4745 tacita
1342 4688 1497 4760 impetrata,
1518 4691 1604 4748 irritas
1618 4709 1681 4750 esse
1696 4709 1765 4752 oen·

969 4791 1080 4844 semus;
1095 4776 1272 4848 praesentium
1285 4777 1363 4834 vobis
1376 4779 1537 4836 auctoritate
1550 4782 1686 4838 licentiam
1700 4798 1766 4841 con·

970 4865 1109 4933 cedentes,
1138 4873 1168 4919 ut
1181 4864 1208 4919 in
1224 4863 1347 4922 ecclesiis
1374 4867 1480 4937 vestris,
1509 4884 1564 4924 non
1593 4870 1766 4928 obstantibus

970 4953 1205 5022 concessionibus,
1234 4961 1280 5009 aut
1311 4953 1562 5012 confirmationibus
1589 4957 1656 5026 illis,
1685 4960 1766 5017 liceat

888 5084 895 5096 .
970 5042 1048 5097 vobis
1061 5042 1175 5097 idoneas
1203 5056 1333 5113 personas
1348 5043 1461 5116 eligere,
1476 5052 1505 5101 11
1519 5044 1621 5102 electas
1637 5048 1766 5120 episcopo

968 5137 1141 5201 presentare,
1156 5138 1186 5185 ut
1199 5129 1350 5186 animarum
1364 5146 1430 5188 cura
1457 5143 1569 5205 recepta
1583 5134 1618 5191 de
1636 5137 1765 5208 spiritua·

967 5227 1039 5283 libus
1055 5227 1090 5295 ei,
1107 5227 1185 5284 iobis
1200 5236 1291 5284 sutem
1305 5229 1340 5285 de
1354 5229 1548 5301 temporalibus
1575 5230 1692 5290 debeant
1719 5250 1765 5291 re·

116 5357 265 5413 tentatione
281 5363 307 5409 et
333 5352 530 5426 gubernatione
558 5365 690 5408 concessa
718 5358 790 5417 suut,
819 5351 915 5407 usibus
968 5324 1115 5398 ⁸P⁰⁰d⁰'⁰·
1131 5324 1204 5380 Num
1231 5340 1300 5400 “3⁰
1314 5326 1580 5385 ⁰m¹¹i⁰⁰h⁰mi¹¹⁰m
1599 5330 1680 5389 44444444
1694 5332 1766 5390 4444444

116 5444 283 5503 omnimodis
297 5441 445 5515 profutura,
470 5442 544 5497 salva
560 5440 633 5496 sedis
648 5441 803 5513 apostolica
817 5448 914 5497 aucto·
969 5422 1097 5494 paginam
1112 5430 1214 5478 44044494
1230 5424 1415 5482 4044448404444
1430 5424 1646 5502 4444444444θι4444
1660 5429 1766 5487 44844144

117 5536 206 5602 ritate,
222 5544 249 5589 et
262 5532 414 5591 dioecesani
436 5530 557 5602 episcopi
570 5530 701 5588 canonica
725 5529 840 5599 justitia.
874 5529 916 5586 Ad
970 5519 1113 5576 temerario
1127 5520 1282 5586 contraire;
1303 5521 1327 5578 si
1350 5522 1411 5597 quis
1438 5531 1528 5581 autem
1557 5527 1608 5584 hoc
1634 5533 1768 5588 attentare

117 5623 247 5683 indicium
263 5629 353 5678 sumni
381 5619 463 5689 bajus
477 5633 494 5674 a
508 5619 575 5676 sede
602 5618 753 5690 apostolica
781 5626 917 5693 percepta
969 5619 1185 5691 presumpserit,
1213 5617 1431 5692 indignationem
1445 5622 1639 5695 omnipotentia
1662 5625 1723 5696 Dei,
1738 5631 1766 5682 et
