3772 6006
68 203 124 259 ΩΒ

668 204 846 263 aelswius
866 208 910 265 ET
929 209 1139 266 rutvttunut.

1675 214 1728 271 426

68 363 96 409 et
110 354 159 409 hic
175 353 290 409 hactum
304 352 385 410 hona
400 355 515 410 aetionis
528 356 688 427 percipiant,
704 364 731 411 et
744 358 816 428 apud
829 359 872 414 di·
887 362 916 424 Α
931 362 1027 428 scions,
1043 369 1136 416 contra
1150 375 1210 416 eam
1226 368 1326 417 temere
1340 361 1432 418 venire
1446 363 1595 429 tentaverit,
1609 363 1727 418 seeundo

69 443 197 498 strictum
211 441 331 513 judicem
347 444 458 513 pramis
485 453 593 499 aeteruae
616 445 691 514 pacis
716 445 869 526 inveniant.

67 536 169 587 Amen.

105 629 210 684 Datum
226 628 348 684 Laterani
365 645 533 701 permanum
546 632 688 701 aymerici,
700 632 808 688 diaconi
819 649 876 689 car·

68 717 171 771 diualis
185 725 213 772 et
226 718 380 773 cancellarii
411 726 510 773 saneta
536 720 667 775 Romanae
691 721 829 791 Ecclesia,
846 738 875 776 nr

70 806 138 859 ltlus
153 806 264 875 Aprilis,
281 806 377 861 indict.
396 821 424 876 n,
436 808 630 863 luminationis
645 809 794 866 Dominicae
804 827 875 865 anno

70 893 247 965 trattati),
264 894 433 966 pontificatus
461 897 553 951 domni
585 898 732 954 iunocentii
758 915 835 970 papae
851 901 875 954 ll

67 998 150 1038 anno
165 1000 197 1038 ιι.

397 1084 559 1140 CCCLXlX.

72 1180 261 1250 Confinnutio
283 1180 418 1237 tonorum
441 1183 611 1238 monosterii
641 1183 877 1254 Praseut'uqenaia

291 1265 501 1322 Rutirbouensis
526 1265 662 1322 diaecesis.

274 1365 363 1432 (huno
397 1365 475 1427 lltu,
502 1363 589 1432 April.
618 1366 681 1434 ll.)

256 1460 475 1531 [ecconauaaa
499 1461 534 1529 ll,
561 1477 591 1531 p.
616 1462 697 1530 ata]

108 1578 302 1632 lassocasrms
318 1576 472 1649 episeopus,
488 1594 580 1634 servus
594 1594 737 1633 serrorum
757 1579 817 1647 Dei,
834 1578 877 1633 di-

929 451 1040 506 tertiot‘e
1056 450 1229 519 commonita,
1246 449 1296 504 nisi
1311 458 1414 506 reatum
1429 467 1506 506 suum
1521 451 1726 525 congrassatis-

929 540 1045 595 factione
1060 539 1217 604 correxerit,
1235 540 1373 609 potestatis
1401 539 1562 610 honorisque
1577 541 1617 595 sui
1633 542 1725 614 digui-

930 634 983 682 tate
998 635 1096 693 eareat,
1111 643 1239 697 reamque
1267 644 1296 682 se
1325 628 1418 683 divino
1443 628 1547 698 judicio
1566 628 1679 686 existere
1693 631 1727 685 de.

930 724 1081 787 perpetrata
1095 716 1234 786 iniquitate
1247 725 1403 788 cognoseat,
1425 724 1505 788 atque
1524 715 1729 773 asncratissimo

929 820 1042 874 corpere
1070 812 1096 859 et
1124 804 1255 877 sanguine
1284 805 1392 860 Domini
1420 805 1502 861 nostri
1542 805 1604 860 lesu
1632 806 1729 861 Christi

931 892 1088 948 alienafiat.
1117 894 1314 949 Consert’antes
1342 901 1431 948 autem
1453 896 1521 963 hauc,
1538 894 1730 966 omnipotentis

930 981 978 1036 Dei
1006 989 1033 1036 et
1058 982 1198 1037 beatorum
1224 981 1295 1036 Petri
1315 989 1342 1036 et
1357 982 1432 1037 Pauli
1459 983 1642 1055 apostolorum
1670 983 1729 1054 ejus

930 1071 1045 1141 gratiam
1059 1077 1266 1141 consequantur.
1283 1072 1379 1125 limen.

967 1169 1025 1239 Ego
1054 1169 1225 1225 Innocentius
1259 1168 1404 1224 Catholicae
1430 1168 1558 1227 Ecclesia
1582 1169 1726 1242 episeopus

932 1271 971 1311 ss.

968 1354 1026 1426 Ego
1040 1354 1187 1428 Gregorius
1201 1354 1331 1413 diaconus
1343 1356 1416 1411 card.
1434 1355 1483 1411 SS.
1500 1355 1610 1428 Georgii
1627 1363 1652 1411 et
1666 1357 1730 1411 Bac-

931 1441 983 1497 chii
999 1459 1037 1497 ss.

968 1540 1026 1611 Ego
1043 1541 1133 1596 Petrus
1160 1542 1302 1598 cardinalis
1330 1541 1469 1614 presbyter
1494 1542 1599 1598 Sancta
1627 1541 1730 1597 Susan-

73 1665 148 1721 lecto
163 1662 221 1721 filio
237 1666 346 1721 Eaaon
363 1667 583 1740 l‘ruleuingeusis
608 1668 762 1723 monasterii
786 1667 877 1723 abbati
933 1645 975 1684 ΠΨ
989 1645 1027 1684 ³⁵·

74 1754 194 1825 ejusque
221 1755 421 1810 successoribus
447 1755 608 1828 regulariter
631 1755 825 1812 substituendis
850 1757 878 1810 in

75 1850 252 1913 perpetuum.

115 1957 193 2013 Sicut
206 1959 308 2028 injusta
323 1960 492 2030 pascualibus
510 1961 598 2016 nullus
612 1969 653 2017 est
666 1959 822 2016 tribuendus
835 1961 879 2016 el-

79 2046 179 2112 lectus,
195 2047 232 2102 ita
248 2047 369 2120 legitima
385 2048 595 2104 desiderantium
611 2065 665 2104 uon
679 2058 719 2105 est
733 2048 882 2106 differenda

77 2136 186 2207 petitio.
205 2136 330 2204 Proinde,
347 2137 443 2193 dilecte
471 2138 499 2191 iu
514 2137 630 2192 Domino
645 2136 683 2193 lili
699 2138 769 2195 Erbo
784 2138 878 2208 abbas,

77 2224 131 2278 tuis
147 2225 323 2296 petitionibus
338 2226 485 2281 elementer
511 2227 666 2294 annuimus,
695 2234 721 2280 et
736 2227 880 2283 Pausania·

77 2328 168 2386 gense
181 2314 385 2384 monasterium,
401 2315 443 2369 cui
459 2315 516 2369 Deo
531 2322 638 2370 auctore
655 2331 770 2386 praesse
785 2316 881 2388 digno·

76 2402 173 2470 sceris,
188 2403 239 2457 sub
252 2403 408 2474 apostolicae
419 2403 492 2459 sedis
500 2403 583 2459 tutela
589 2403 758 2475 suscipimus,
771 2412 797 2459 et
807 2422 880 2476 pne-

77 2491 166 2546 sentis
191 2491 282 2563 scripti
311 2492 413 2563 pagina
440 2492 649 2558 commuuimus,
678 2500 825 2548 statuentes
852 2498 881 2546 ut

79 2595 256 2650 quascunque
270 2580 462 2652 possessiones,
479 2596 645 2651 quaecuuque
662 2581 734 2636 bona
749 2580 821 2635 idem
837 2581 880 2636 lo·

78 2684 127 2722 cus
140 2668 373 2740 inpresentiarum
399 2669 470 2740 juste
494 2677 521 2723 et
548 2669 677 2726 canonice
691 2669 821 2741 possidet,
836 2677 882 2724 aut

79 2757 107 2810 in
124 2756 243 2811 futurum
259 2757 431 2813 concessione
447 2756 614 2829 pontificum,
629 2758 770 2831 largitione
785 2774 880 2831 regum

79 2844 123 2901 vel
138 2845 302 2919 principum,
314 2845 450 2901 oblatione
461 2843 592 2913 fidelium,
603 2862 650 2902 seu
660 2846 719 2901 aliis
730 2847 809 2917 justis
823 2862 881 2901 ιιιο·

78 2934 133 3001 dis,
151 2934 210 2989 Deo
225 2934 352 3006 propitio,
369 2934 467 3005 poterit
481 2934 604 3007 adipisci,
621 2932 699 2989 strata
715 2934 761 2990 tibi
777 2936 881 3004 tuisque

79 3022 284 3077 suecessoribus
296 3031 322 3076 et
337 3022 438 3077 illibata
453 3030 640 3094 permaneant.
670 3026 700 3078 ln
715 3023 811 3094 quibus
823 3025 881 3078 hue

79 3111 201 3183 propriis
214 3111 340 3173 duximus
363 3111 539 3182 exprimenda
567 3112 727 3168 vocabulis:
757 3112 882 3170 videlicet

79 3199 160 3255 villas
174 3216 222 3253 seu
235 3200 426 3269 possessiones,
447 3215 513 3270 quas
540 3199 700 3255 venerabilis
714 3209 804 3256 noster
818 3199 881 3255 Otto

78 3287 290 3359 Bumbergensis
303 3289 445 3361 episcopus
459 3288 548 3343 eidem
579 3290 742 3344 uiouasterio
758 3289 880 3354 eontulit,

80 3377 290 3440 Gabernebaeh,
326 3377 505 3439 llunncbach,
547 3376 697 3443 ltalistorli,
732 3377 880 3442 stainloch,

80 3465 221 3533 Ahebaeb,
249 3463 387 3529 Obertloff,
404 3463 581 3537 Grassolfiug,
605 3466 770 3530 Hembureh,
786 3467 882 3520 Naun-

82 3555 205 3621 ltireheu,
226 3553 454 3626 Dietpurgerreut,
471 3554 629 3621 vittenreut,
651 3571 712 3608 cum
728 3555 782 3608 suis
796 3555 881 3625 perti-

83 3643 195 3697 nentiis.
216 3643 391 3697 Prohibemus
412 3643 522 3712 iusuper
535 3658 569 3698 ue
584 3643 710 3713 praelatas
725 3659 777 3710 res,
793 3643 881 3698 cidem

83 3732 248 3786 monasterio
260 3730 318 3800 jam
334 3732 456 3800 collatas,
485 3730 528 3786 rel
556 3731 584 3785 iu
599 3740 678 3786 antea
692 3732 880 3797 conferendas,

83 3821 215 3892 praedieto
230 3821 368 3893 episeopo,
386 3821 426 3875 t‘el
443 3820 522 3874 alicui
535 3836 718 3875 suceessorum
735 3820 882 3875 distrahere

81 3911 128 3963 uel
156 3909 277 3964 minuere
305 3908 393 3964 liceat.
423 3909 600 3963 Decemimus
633 3917 722 3962 autem
752 3916 790 3972 ut,
820 3909 884 3978 quia

81 4013 257 4053 communem
273 3999 354 4052 vitam
369 3998 497 4052 ducentes
520 3998 553 4052 de
576 3998 690 4052 aliorum
706 3998 884 4067 eleemosynis

81 4095 110 4142 et
122 4084 300 4142 beneficentia
313 4086 412 4142 debent
427 4088 528 4152 vivere,
554 4102 621 4155 quos
637 4087 752 4156 propriis
766 4086 883 4157 sumpti-

82 4176 136 4230 bus
151 4175 288 4248 colligitis,
305 4192 320 4230 a
335 4175 414 4232 vobis
429 4175 548 4230 decimus
571 4176 690 4246 exigere,
708 4175 750 4229 vel
765 4175 885 4245 recipere

83 4280 167 4321 nemo
195 4272 353 4334 prasumat.
372 4264 513 4319 Saueimus
528 4263 608 4317 etiam
630 4270 657 4318 ut
672 4263 737 4318 ordo
752 4264 884 4318 monasti-

83 4370 142 4420 cus,
153 4354 199 4424 qui
211 4353 359 4409 secuudum
374 4354 403 4408 B.
418 4352 552 4409 Benedicti
578 4352 710 4424 Regulam
726 4360 753 4406 et
766 4352 883 4407 studium

892 1721 919 1781 B
969 1727 1027 1798 Ego
1043 1728 1177 1784 Gerardus
1190 1728 1331 1801 presbyter
1345 1729 1421 1786 eard.
1442 1729 1524 1786 lits.
1541 1728 1632 1785 Crucis
1647 1729 1674 1785 iu
1689 1730 1731 1785 Je-

934 1817 1049 1872 rusalem
1064 1834 1103 1871 ss.

970 1915 1027 1986 Ego
1056 1916 1141 1971 Lucas
1167 1916 1308 1988 presbyter
1334 1917 1413 1973 card.
1449 1916 1489 1972 tit.
1515 1916 1565 1973 SS.
1582 1918 1692 1973 loannis
1707 1926 1733 1974 et

934 2003 1008 2057 Pauli
1023 2019 1061 2058 ss.

967 2099 1024 2173 Ege
1042 2100 1160 2155 vassallo
1175 2098 1248 2158 diac.
1267 2102 1344 2157 card.
1372 2102 1402 2159 S.
1414 2102 1549 2161 Eustachii
1560 2100 1640 2172 juxta
1654 2111 1727 2158 teru-

934 2188 1009 2259 plum
1024 2189 1152 2260 Agrippas
1167 2206 1205 2245 ss.
1561 2180 1563 2184 ὗ

970 2286 1067 2340 Datum
1083 2287 1205 2340 Laterani
1220 2302 1269 2357 per
1281 2303 1390 2342 manum
1404 2288 1537 2358 aymerici
1565 2289 1639 2344 diae.
1657 2287 1733 2343 eard.

934 2383 961 2429 et
976 2374 1137 2440 cancellarii,
1153 2390 1184 2429 ιιι
1199 2374 1262 2429 ldus
1288 2376 1397 2446 Aprilis,
1427 2377 1575 2434 indictione
1591 2393 1621 2447 n,
1638 2379 1733 2432 lucar-

935 2463 1052 2518 nationis
1066 2463 1215 2518 Domiuieae
1244 2479 1314 2518 anno
1344 2466 1423 2532 1130,
1454 2463 1624 2536 pontificatus
1643 2465 1735 2520 domni

935 2551 1082 2607 luuocentii
1096 2552 1120 2606 ll
1135 2567 1214 2623 papae
1228 2568 1299 2608 auno
1316 2569 1347 2607 x.

1261 2650 1410 2706 CCCLXX.

988 2749 1151 2806 Monorterii
1166 2750 1354 2806 hiarbaceurit
1364 2753 1435 2822 jttru
1451 2755 1480 2807 el
1494 2755 1683 2826 porrectiones

1253 2829 1416 2899 confirmat.

1153 2920 1246 2988 (Anno
1263 2920 1341 2985 tiss,
1357 2921 1442 2989 April.
1460 2923 1523 2991 ll.)

1005 3001 1210 3073 [Scaaoeancm.,
1226 3002 1336 3058 Altutia
1349 3003 1477 3074 diplom,
1496 3004 1518 3073 l,
1534 3022 1561 3076 p.
1578 3009 1660 3077 ata]

970 3102 1161 3154 lanecanrins
1175 3100 1327 3170 episcopus,
1343 3116 1436 3156 servus
1450 3118 1589 3157 servorum
1614 3105 1672 3170 Dei,
1690 3106 1735 3161 di-

935 3189 1003 3243 lecto
1017 3185 1072 3243 filio
1087 3189 1233 3242 Baarunro
1247 3188 1414 3244 llurbaeensi
1430 3190 1520 3246 abbati
1546 3191 1656 3262 ejusque
1671 3210 1735 3249 suc-

934 3276 1085 3331 cessorihus
1111 3276 1270 3349 regulariter
1296 3276 1496 3349 substituendis,
1531 3279 1732 3353 inperpetuum

935 3365 1106 3421 memoriani.

971 3463 1153 3517 Sacrosauetae
1183 3462 1309 3518 Ecclesia.
1336 3464 1466 3520 Romanae
1490 3466 1600 3536 antiqua
1621 3483 1734 3524 eonsue-

937 3551 999 3605 tudo
1014 3559 1040 3605 et
1054 3550 1171 3622 dignitas
1196 3551 1279 3623 exigit
1295 3552 1420 3606 omnibus
1435 3554 1492 3622 ejus
1506 3553 1663 3628 suffragium
1680 3557 1734 3612 im·

936 3638 1102 3710 plorantibus
1116 3647 1275 3709 opportunae
1286 3641 1405 3695 tuitionis
1419 3640 1579 3714 suffragium
1595 3644 1734 3702 exhibere.

936 3728 992 3784 Nec
1005 3727 1116 3782 dubium
1133 3727 1214 3796 quod,
1240 3730 1263 3781 sl
1290 3729 1479 3800 religiosorum
1495 3733 1613 3787 virorum
1629 3735 1732 3805 petitio·
1831 3718 1834 3725 ²

936 3815 1016 3869 nibus
1030 3814 1278 3881 condescendimus,
1308 3818 1407 3871 nostris
1433 3821 1525 3889 procul
1540 3820 1622 3878 dubio
1637 3831 1733 3892 postu·
1789 3824 1793 3829 “

936 3904 1081 3959 lationibus
1094 3903 1254 3959 elementem
1271 3905 1417 3959 Dominum
1432 3909 1591 3977 reperimus.
1617 3911 1675 3966 Hoc
1690 3913 1733 3967 ui-

936 3992 1269 4058 mirumintuitu,dilecte
1297 3993 1325 4047 ln
1354 3994 1472 4049 Domino
1501 3995 1734 4055 filibertulleah-

937 4082 995 4150 bas,
1012 4081 1062 4135 tuis
1074 4080 1213 4136 desideriis
1240 4090 1352 4152 paterna
1380 4083 1546 4155 benignitate
1566 4084 1735 4157 impertimur

938 4187 1086 4237 assensum,
1115 4179 1142 4224 et
1169 4170 1343 4225 hlurbaeeuse
1375 4173 1578 4239 monasterium,
1608 4176 1650 4229 cui
1677 4177 1736 4233 Deo

938 4267 1046 4315 auctore
1056 4275 1171 4330 praesse
1186 4258 1362 4330 dignosceris,
1380 4261 1518 4330 praesentis
1531 4261 1622 4334 scripti
1637 4265 1737 4336 pagina

938 4347 1146 4416 commuuimus,
1162 4355 1308 4403 statuentes
1334 4356 1363 4402 ut
1392 4365 1565 4422 quascunque
1584 4353 1736 4423 possessio·

85 4451 217 4509 vestrum,
230 4443 257 4498 in
272 4458 304 4498 eo
320 4442 482 4497 monasterio
507 4441 626 4497 noscitur
648 4441 792 4507 institutus,
809 4441 882 4497 lutu—
898 4433 924 4494 D
940 4454 996 4507 nes,
1013 4452 1180 4507 quaecuuque
1206 4435 1278 4491 bona
1305 4437 1378 4492 idem
1406 4439 1571 4495 venerabilis
1597 4441 1672 4496 locus
1698 4442 1738 4497 iu-

84 4533 124 4588 ris
136 4533 302 4603 temporibus
315 4531 415 4586 ibidem
430 4538 560 4602 perpetuo
575 4537 761 4586 conservetur.
781 4530 884 4586 Statui-

85 4639 149 4678 mus
161 4622 271 4693 insuper
283 4628 313 4674 ut
325 4620 426 4675 uentiui
443 4620 553 4674 lratrum.
574 4627 724 4674 vestrorum
746 4625 806 4688 post
824 4619 884 4674 lae·

88 4720 143 4767 tsm
158 4710 297 4765 ineodem
317 4709 479 4764 munasterio
508 4708 703 4780 professionem
731 4707 834 4777 absque
850 4707 884 4761 li-

86 4801 177 4856 ceutia
200 4798 304 4869 pratea
329 4796 370 4851 sui
399 4797 434 4851 ad
461 4797 543 4852 alium
558 4795 646 4851 locum
662 4797 740 4850 liceat
756 4795 880 4854 transire.

87 4888 162 4944 h'ulli
176 4903 242 4960 ergo
256 4887 396 4942 huminum
411 4886 490 4940 liceat
516 4884 588 4940 idem
616 4884 770 4940 caenobium
785 4893 885 4940 temere

88 4977 255 5050 perturbare,
273 4985 317 5031 aut
333 4975 392 5043 ejus
406 4974 589 5044 possessiones
611 4974 727 5040 auferre,
753 4974 884 5042 minuere,

87 5068 133 5125 tel
147 5064 284 5136 aliquibus
298 5064 429 5120 molestiis
453 5063 578 5134 fatigare,
603 5063 651 5118 sed
674 5063 766 5120 onmia
781 5062 886 5134 integra

86 5163 282 5213 conserventur
302 5169 408 5218 eorum,
436 5168 485 5223 pro
513 5168 626 5222 quorum
650 5151 888 5224 gubernationem

86 5245 282 5303 sustentatione
295 5257 423 5299 concessa
437 5250 507 5309 sunt,
537 5240 628 5297 usibus
642 5240 806 5296 omnimodis
819 5255 886 5310 pro·

87 5336 188 5392 luitura
202 5334 232 5389 Si
247 5348 301 5404 qua
315 5331 397 5405 igitur
410 5330 437 5384 in
452 5329 570 5385 loturum
583 5329 762 5385 ecclesiastica
776 5330 888 5384 sacula-

87 5426 159 5483 riste
174 5438 299 5496 persam,
324 5422 394 5477 banc
421 5427 519 5475 uostrae
547 5418 744 5475 constitutionis
757 5419 886 5491 paginam

127 5548 203 5620 (111)
213 5548 286 5620 Lege
298 5547 366 5601 1139
375 5551 404 5600 ut
412 5543 556 5600 conveniat
565 5559 651 5598 annus
661 5543 704 5598 hic
714 5559 774 5598 cunr
785 5543 889 5598 caeteris

88 5622 163 5681 nafis
183 5617 384 5690 chronologicis
405 5616 557 5688 appositis:
583 5615 687 5670 lucillus
709 5615 781 5670 euim
802 5622 843 5671 est
860 5615 888 5670 iu

938 4526 1139 4599 presentiarum
1165 4525 1237 4596 juste
1266 4535 1291 4582 et
1319 4528 1447 4582 canonice
1477 4529 1603 4599 possidet,
1634 4538 1687 4586 tam
1710 4531 1737 4586 iu

938 4615 1069 4687 collegiis,
1095 4630 1174 4684 quam
1204 4614 1232 4668 iu
1260 4615 1453 4685 praeposituris,
1485 4617 1605 4672 ecclesiis
1624 4618 1737 4674 decimis

937 4705 995 4760 sive
1009 4703 1068 4759 aliis
1091 4703 1254 4773 quibuslibet
1277 4704 1367 4770 rebus,
1389 4720 1456 4772 quas
1471 4706 1622 4760 Ererurdus
1636 4707 1736 4762 lunda-

939 4791 1114 4861 torejusdem
1131 4790 1295 4856 monasterii,
1324 4798 1350 4845 et
1378 4792 1422 4844 al‘i
1446 4792 1539 4848 lideles
1552 4794 1604 4848 siri
1619 4792 1669 4864 ipsi
1684 4811 1738 4851 coe-

940 4881 1021 4937 nobie
1035 4881 1214 4944 contulerunt,
1240 4896 1406 4950 quacunque
1432 4881 1514 4935 etiam
1544 4882 1571 4935 iu
1599 4890 1736 4953 posterum

939 4969 1110 5026 concessione
1126 4967 1293 5040 pontificum,
1310 4967 1473 5023 liberalitate
1492 4985 1586 5043 regum
1602 4972 1645 5027 vel
1660 4974 1738 5042 priu-

940 5060 1040 5128 cipum,
1058 5059 1195 5113 oblatione
1217 5056 1347 5124 fidelium,
1378 5074 1425 5111 seu
1453 5057 1513 5112 aliis
1538 5059 1617 5129 justis
1646 5063 1737 5130 titulis,

939 5154 1084 5218 praestante
1099 5147 1225 5214 Domino,
1242 5146 1340 5217 poterit
1360 5145 1482 5215 adipisci,
1513 5147 1593 5203 firma
1608 5149 1655 5205 tibi
1672 5151 1739 5205 tuis-

940 5253 992 5306 que
1007 5235 1204 5291 suceessoribus
1233 5242 1260 5288 et
1288 5233 1391 5289 illibata
1405 5244 1592 5303 permaneant.
1609 5239 1740 5295 Decerni-

941 5324 1330 5398 musergoutnulliomuiuo
1359 5325 1498 5379 homiuum
1530 5325 1570 5380 ias
1598 5328 1630 5381 sit
1645 5328 1742 5397 praedi-

941 5423 1013 5470 etum
1040 5413 1194 5469 cmuobium
1223 5429 1304 5485 super
1332 5413 1383 5467 hae
1410 5421 1500 5469 nostra
1536 5413 1740 5473 confirmatione

944 5543 1012 5623 hanc
1035 5540 1130 5604 solam,
1156 5554 1236 5620 quam
1250 5538 1293 5619 ¹iu
1316 5547 1426 5595 ceteras
1447 5550 1533 5610 nutus,
1557 5543 1694 5614 scriptoris
1714 5545 1742 5599 iu

943 5628 1018 5670 curia
1030 5626 1149 5667 errorem
1162 5626 1313 5683 irrepsisse.

1587 5710 1631 5770 11
