3750 6000
97 238 150 293 381

399 360 593 417 cccxxxnl.

97 486 290 559 annitentem
310 499 362 559 pro
376 485 488 541 abbatia
511 485 682 556 Floraffieasi
697 486 805 542 ordinis
821 487 899 541 Prn-

380 558 614 612 monstratansia.

331 661 420 733 (dano
436 664 516 728 1138,
532 662 600 717 Dec.
619 661 678 733 11.)

247 775 389 849 [liranus
407 775 475 848 Opp.
492 775 611 848 diplom.
627 777 673 842 lV,
690 773 751 847 11.]

131 877 330 930 tnnoaanrrns
360 874 521 945 episcopus,
549 890 643 929 servus
671 888 809 930 servorum
840 872 899 939 uei,

96 964 196 1019 dilecto
212 962 268 1020 filio
296 962 453 1018 Garunnae
477 961 640 1018 Floreffiensi
663 963 765 1031 abbati,
789 962 901 1033 ejusque

96 1053 298 1108 successoribus
312 1053 443 1107 canonice
455 1052 625 1106 instituendis
640 1053 667 1106 iu
682 1058 850 1123 perpetuum.

130 1151 216 1205 iustis
224 1151 295 1205 rotis
304 1165 441 1204 assensum
454 1149 588 1218 prebere,
600 1155 627 1205 et
636 1149 826 1220 religiosorum
834 1164 899 1219 pre·

96 1255 141 1294 ees
156 1238 286 1310 benignis
296 1238 407 1293 auribus
416 1238 545 1293 exaudire
555 1239 711 1308 apostolicae
721 1237 900 1293 convenitdi-

96 1328 207 1399 gnitati.
226 1328 285 1383 lloo
298 1328 420 1398 prolecto
434 1327 541 1393 intuitu,
557 1327 653 1382 dilecte
669 1327 695 1380 in
720 1327 836 1382 Domino
862 1325 900 1380 lili

96 1415 234 1473 Gerlande
259 1415 368 1482 abbas,
397 1423 450 1471 ture
476 1415 630 1471 devotionis
657 1416 782 1486 precibus
809 1414 901 1471 debita

95 1505 265 1577 benignitate
278 1505 448 1574 impertimur
468 1520 616 1570 assensum,
647 1512 672 1558 et
701 1502 899 1559 Floreffiensem

96 1595 241 1650 eeclesiam
266 1595 318 1662 cai,
345 1595 403 1649 Deo
432 1601 550 1661 auctore,
580 1609 694 1663 praeesse
723 1592 898 1665 dignosceris,

97 1699 160 1738 cum
174 1682 304 1737 omnibus
318 1682 352 1736 ad
367 1698 427 1737 eam
443 1682 648 1754 pertinentibus,
675 1681 815 1753 praescntis
841 1681 898 1753 pri-

98 1771 193 1844 vilegii
208 1771 307 1844 pagina
323 1771 531 1827 communimus.

133 1896 166 1950 ln
181 1894 281 1965 quibus
294 1896 353 1950 haec
367 1895 484 1967 propriis
513 1895 669 1951 nominibus
696 1894 823 1949 duximus
849 1910 899 1949 ex·

99 1982 264 2055 primeacla:
280 1983 389 2040 Curtem
404 1983 438 2039 de
452 1984 602 2056 blcillinga,
617 1991 719 2040 curtem
748 1984 782 2039 de
809 1983 901 2038 llerle-

97 2080 175 2128 mont
203 2089 265 2127 oum
293 2072 434 2144 sexaginta
460 2072 617 2128 bonnuariis
645 2081 672 2127 et
699 2072 803 2128 decima
831 2072 899 2142 ejus,

98 2161 232 2218 allodium
248 2161 276 2216 in
291 2162 406 2232 capella.
422 2163 489 2217 ltem
510 2162 537 2217 in
561 2162 655 2217 eadem
679 2161 783 2233 capella
804 2169 900 2216 terram

99 2249 231 2315 Falarini,
260 2257 287 2305 et
314 2257 412 2306 terrmn
441 2250 582 2322 amalphi,
620 2266 700 2320 qnam
736 2250 830 2304 noetis
866 2248 900 2303 ab

99 2339 224 2394 Ecclesia
238 2337 364 2393 Leblcnsi
377 2339 428 2393 sub
452 2355 534 2394 censu
562 2339 675 2395 duorum
701 2339 899 2407 denanarium;

99 2426 409 2494 curtemdeSerevilla,
432 2434 458 2482 et
486 2428 625 2483 dimidiam
656 2436 758 2499 partem
788 2427 901 2482 decimae
942 2423 944 2426 ’

100 2516 169 2586 ejus,
185 2525 213 2572 et
227 2524 325 2572 terram
340 2532 421 2587 quam
436 2517 533 2571 tenetis
547 2517 574 2571 iu
597 2517 667 2572 valle
696 2516 857 2572 Columbina
885 2532 901 2571 o

98 2606 223 2661 Waltero
237 2605 272 2659 de
287 2605 394 2671 l'illers,
409 2606 458 2660 sub
476 2622 558 2661 censu
572 2614 675 2675 septem
691 2605 851 2670 solidorum,
875 2612 901 2658 et

98 2702 215 2764 quatuor
242 2693 427 2763 denariorum,
456 2694 641 2749 molendinum
675 2709 782 2764 qunque
821 2710 902 2764 snper

97 2782 243 2839 Sambram
259 2781 382 2849 lluvium,
399 2783 426 2836 in
442 2782 543 2838 allodio
559 2783 631 2852 qtrod
660 2782 756 2837 dicitnr
780 2782 898 2850 dardeis,

96 2870 175 2941 cujus
187 2869 329 2925 dimidiam
347 2877 449 2942 partem
479 2870 573 2925 tenetis
601 2887 617 2926 a
644 2870 764 2926 Gerarde
792 2871 899 2940 clerico,

95 2967 122 3014 et
147 2958 317 3015 Godescalco
347 2958 441 3014 irenes
466 2958 526 3029 ejus
553 2959 716 3027 llerelmeis,
745 2959 794 3014 sub
820 2976 901 3014 censu

690 236 867 295 nerstein
886 237 930 293 ΕΤ
949 239 1162 297 volutanti.

912 363 1091 425 Ainducero.
1108 367 1230 422 Fratmm
1246 365 1327 422 etiam
1355 373 1512 432 resuomm,
1543 366 1587 436 qui
1616 366 1750 422 stabilita-

1699 243 1750 297 382

956 461 1008 508 tem
1036 462 1063 509 et
1090 456 1272 511 obedientiam
1300 456 1490 525 promiserunt,
1519 454 1619 525 absque
1648 455 1750 527 proprii

955 543 1060 599 abbatis
1088 552 1114 599 et
1141 546 1250 615 capituli
1277 545 1316 599 sui
1346 544 1454 599 licentia
1484 544 1570 598 ntrllus
1597 544 1747 620 discedere,

955 631 1190 702 discedentemque
1219 634 1306 687 nullus
1333 633 1430 688 audeat
1457 633 1581 687 retinere.
1610 633 1644 688 Ul
1669 633 1749 687 ctiam

955 721 1068 775 ccclesia
1092 730 1180 777 restra
1203 738 1252 791 pro
1281 721 1418 777 communi
1447 721 1587 775 interdicto
1615 721 1751 790 parochiae

954 825 1009 864 non
1023 817 1099 865 vacet
1112 811 1282 865 selummodo
1297 826 1331 866 ne
1346 809 1385 864 illi
1409 810 1581 878 recipiantur,
1612 825 1679 878 ques
1705 808 1750 862 in-

954 898 1080 954 terdictos
1093 899 1135 953 trel
1149 899 1394 954 excommunicates
1408 916 1465 953 esse
1480 897 1636 954 constiterit.

989 995 1072 1049 Porro
1095 995 1244 1049 libertatem
1273 994 1391 1049 ecclesiae
1419 1003 1514 1049 restrae
1530 994 1564 1048 ab
1594 992 1751 1048 Alexandro

955 1082 1094 1137 leodiensi
1111 1083 1239 1153 episcope
1261 1083 1402 1154 privilegio
1427 1082 1642 1147 determinatam,
1672 1088 1751 1151 amno

954 1171 1086 1226 firnrotam
1102 1188 1211 1226 assensu
1238 1173 1367 1228 Ecclesiae
1394 1189 1459 1236 suan,
1490 1172 1567 1226 rabis
1594 1170 1750 1225 auctoritate

954 1261 1098 1332 apostolica
1114 1259 1314 1326 confirmamus,
1331 1268 1360 1315 nt
1374 1261 1500 1316 videlicet
1521 1260 1588 1315 sicut
1613 1259 1748 1330 parochia,

954 1351 990 1404 ita
1005 1351 1142 1420 presbyter
1166 1351 1345 1421 parochianus
1371 1350 1398 1403 in
1427 1366 1508 1404 mauu
1535 1348 1617 1404 solius
1644 1345 1749 1402 abbatis

953 1440 996 1503 sit,
1013 1441 1145 1510 asyoodn
1161 1447 1186 1495 et
1201 1440 1314 1494 consilio
1330 1439 1400 1493 liber
1426 1447 1452 1493 ct
1478 1439 1512 1493 ab
1537 1438 1611 1492 omni
1638 1452 1746 1506 prorsas

953 1529 1133 1583 archidiaconi
1150 1536 1176 1584 et
1204 1528 1298 1584 <loanni
1326 1544 1448 1595 censura,
1478 1544 1528 1582 nec
1552 1526 1669 1582 decanm
1695 1524 1745 1579 nisi

952 1635 1013 1673 oum
1030 1619 1218 1673 archidiacono
1231 1619 1294 1672 illuc
1308 1618 1408 1672 veniat.

914 1719 941 1779 Β
991 1714 1113 1769 Clarisma
1128 1731 1244 1784 qrreqnc,
1260 1714 1360 1778 oleum,
1376 1715 1590 1769 consecrationes
1612 1711 1746 1778 alurium,

954 1803 1136 1868 ecclesiarum,
1163 1803 1400 1858 coordinationes
1425 1803 1581 1858 clericerum
1609 1817 1625 1856 a
1652 1801 1752 1857 dimoe-

954 1908 1018 1946 sano
1034 1892 1161 1962 episcopo
1172 1893 1318 1963 accipietis,
1335 1891 1356 1946 si
1372 1893 1487 1963 gratiam
1507 1891 1661 1961 apostolicas
1679 1889 1752 1944 sedis

954 1981 1086 2048 babuerit,
1108 1990 1133 2036 et
1152 1997 1183 2035 ea
1203 1981 1281 2036 vobis
1295 1982 1378 2051 gratis
1395 1989 1421 2035 et
1435 1982 1491 2034 sine
1507 1981 1646 2034 exactione
1660 1978 1751 2048 aliqua

954 2070 1083 2125 exhibere
1098 2070 1220 2124 veltrarii.
1238 2071 1361 2139 Alioquin
1385 2070 1479 2125 eadem
1508 2085 1524 2123 a
1550 2068 1670 2138 quolibet
1695 2069 1749 2123 Ca-

954 2159 1053 2214 tholice
1068 2159 1204 2229 accipiatis
1218 2160 1353 2229 episcope,
1372 2160 1416 2228 qni
1439 2169 1529 2213 nostra
1554 2158 1635 2211 tultus
1655 2166 1749 2212 aucto·

954 2248 1040 2313 ritate,
1058 2248 1128 2317 qnod
1144 2248 1300 2318 postulatur,
1317 2248 1466 2318 indulgeat.

991 2347 1167 2402 Decernimus
1182 2362 1247 2420 orgo
1259 2355 1286 2401 ut
1297 2348 1363 2401 nulli
1382 2347 1492 2402 omnino
1511 2346 1651 2401 bominum
1666 2344 1752 2399 fassit

954 2453 1011 2502 vos
1027 2437 1069 2491 vel
1086 2437 1241 2507 praedictam
1273 2434 1472 2491 Fleretiiensem
1502 2435 1643 2490 ecclesiam
1672 2447 1753 2502 super

954 2528 1004 2582 hac
1019 2533 1110 2580 nestra
1124 2525 1312 2580 constitutione
1328 2534 1427 2580 temere
1444 2524 1608 2595 perturbare,
1628 2531 1673 2577 aut
1691 2520 1750 2591 ejus

954 2614 1026 2669 bona
1040 2614 1083 2669 rel
1097 2614 1278 2685 possessiones
1292 2614 1407 2680 auterre,
1433 2613 1476 2669 vel
1499 2613 1602 2667 ablatas
1623 2610 1747 2674 retinere,

954 2704 1084 2768 minnere,
1114 2704 1156 2758 rel
1187 2701 1352 2772 quibuslibet
1379 2702 1510 2757 molestiis
1537 2701 1674 2770 latigare;
1703 2697 1752 2754 scd

954 2792 1045 2845 emnia
1074 2792 1178 2864 integra
1203 2800 1403 2856 consternentur,
1434 2807 1527 2845 eorum
1556 2806 1603 2861 pro
1637 2803 1750 2859 quorum

953 2879 1149 2950 gubernatione
1165 2887 1192 2934 et
1205 2880 1399 2935 sustentatione
1415 2894 1542 2936 concessa
1564 2885 1635 2945 suut,
1659 2876 1751 2931 usibus

953 2968 1117 3023 omnimedis
1132 2969 1280 3040 protutura.

94 3048 212 3103 duomm
229 3046 389 3116 ⁵⁰¹ld0ss¹ffl›
418 3048 536 3117 reliquas
560 3064 625 3103 l⁰f0
654 3048 720 3103 dusss
748 3056 837 3120 dallei
864 3048 939 3140 abc
989 3065 1017 3120 Si
1033 3065 1092 3135 quis
1106 3074 1194 3120 autem
1212 3082 1277 3120 ausu
1293 3065 1433 3120 temerario
1448 3065 1510 3119 hnic
1532 3072 1621 3119 nostro
1644 3062 1752 3117 decreto

93 3136 212 3191 ecelesia
240 3136 314 3191 beati
343 3136 458 3191 Foillaoi
486 3136 636 3204 Fossensis,
666 3144 692 3192 et
728 3153 744 3192 a
780 3137 898 3207 quodam

93 3226 212 3297 Hugone
227 3224 312 3281 nobili
334 3224 403 3291 siro,
427 3225 477 3279 sub
493 3241 574 3280 censu
597 3224 711 3281 duomm
733 3224 893 3282 solidorum.

93 3315 162 3369 ltem
179 3313 235 3368 duo
250 3314 405 3369 molendina
421 3313 532 3387 vangir,
546 3331 629 3368 unum
650 3315 699 3369 sub
723 3331 803 3370 ceusu
827 3314 898 3369 duo·

92 3418 154 3457 rum
169 3400 330 3469 solidorum,
347 3410 374 3457 et
400 3403 513 3457 alterum
541 3403 600 3458 sine
626 3419 717 3472 censu,
747 3412 774 3457 et
800 3410 899 3458 terram

94 3507 177 3562 quam
193 3491 291 3546 tenetis
304 3490 339 3546 ab
353 3492 468 3563 llugnne
482 3491 602 3547 blultone
617 3491 683 3547 citra
706 3491 848 3547 Sambram
872 3492 900 3545 in

93 3579 227 3650 parochia
240 3587 328 3635 vestra
344 3593 352 3648 ;
367 3586 469 3635 curtem
486 3580 567 3635 etiam
583 3579 616 3635 dc
631 3581 733 3646 Verris,
759 3580 900 3635 dimidiam

91 3675 199 3740 partem
215 3668 307 3723 allodii
323 3667 356 3723 de
370 3668 495 3738 Timeon,
509 3668 620 3724 domum
636 3669 747 3738 insuper
768 3669 900 3740 Hospita-

91 3758 147 3813 lem
163 3757 191 3810 in
205 3757 270 3812 silla
283 3758 398 3823 illanze,
414 3773 474 3813 cum
496 3758 551 3811 suis
577 3758 702 3812 omnibus
723 3757 898 3829 appendiciis,

90 3847 143 3902 snb
159 3845 249 3901 reditu
263 3847 341 3900 unius
355 3847 440 3913 aurei,
456 3863 471 3901 a
486 3845 622 3902 comitissa
637 3846 796 3900 Emisscude
820 3846 900 3901 beato

91 3936 173 3992 Petro
188 3934 323 3990 oblatam.
344 3937 414 3990 item
429 3934 563 3990 decimam
582 3943 609 3989 et
631 3934 722 3990 dotem
746 3935 900 4005 ubicunque

91 4023 266 4093 adjacentem
281 4020 448 4079 Floreffiensi
474 4023 687 4088 ecclesianam
712 4023 901 4079 mansionariis

92 4120 120 4167 et
134 4112 242 4167 cantens
255 4111 335 4166 rebus
349 4112 438 4168 eidem
453 4112 615 4182 possessioni
639 4111 762 4178 subditis,
788 4111 899 4167 domum

93 4200 364 4271 qnoqueparoohiae,
392 4209 420 4256 et
443 4217 552 4256 censum
580 4200 675 4270 capitis
704 4201 824 4268 familiae,
854 4198 900 4271 qui

92 4306 175 4361 sapor
190 4288 275 4345 altare
288 4289 407 4361 ponitur,
422 4290 589 4361 appendices
614 4289 750 4354 ecclesias
775 4289 901 4346 videlicet

93 4376 186 4433 Sancti
204 4377 340 4433 Laurentii
355 4376 389 4433 de
405 4377 512 4445 Samira,
537 4377 628 4434 Sancti
656 4377 761 4433 llartini
790 4378 823 4432 de
850 4380 897 4433 Jo-

92 4465 168 4534 diou,
201 4466 309 4522 Sanctae
335 4466 475 4522 Gertmdis
503 4466 537 4522 de
564 4464 725 4535 Flornffiole,
764 4434 938 4537 aliamqueD

93 4554 242 4610 ecclesiam
265 4555 295 4608 B.
323 4554 455 4623 tiaram,
485 4554 618 4625 capellam
647 4555 771 4609 similiter
795 4555 901 4610 comitis

92 4642 367 4698 oumsuiaomuibus
387 4643 564 4714 pertinentiis,
594 4658 654 4714 quae
683 4643 809 4697 nimirum
837 4659 899 4698 cum

95 4731 210 4803 prelata
225 4731 338 4787 ecclesia
355 4731 387 4785 B.
408 4731 530 4787 llariaea
554 4731 703 4786 Godelride
720 4731 899 4786 Namurcensi

93 4818 358 4876 oomitedatasunt.
384 4819 531 4874 Dimidium
559 4827 688 4891 praterea
716 4819 896 4889 ardenellam,

94 4916 121 4963 et
150 4907 265 4980 triginta
291 4899 444 4964 bonnuaria
470 4908 542 4980 apud
572 4907 678 4965 Sartum
706 4907 845 4975 Bemordi,
873 4914 901 4963 et

94 4996 202 5051 tertiam
217 5003 321 5068 partem
337 4997 460 5069 postule.
477 4996 565 5053 Simili
581 4996 783 5068 quoquomodo
807 4997 898 5052 sanci-

93 5086 194 5153 vimus,
223 5092 253 5139 ut
280 5084 314 5139 de
342 5085 492 5152 laboribus,
522 5102 590 5156 quos
619 5086 737 5157 propriis
774 5085 900 5140 manibus

92 5174 283 5247 sumptibusve
298 5173 436 5246 colligitis,
461 5190 508 5230 seu
535 5173 569 5228 de
595 5175 690 5229 restris
718 5173 897 5242 nutrimentis,

92 5263 159 5319 dare
182 5262 306 5319 decimas
333 5263 460 5333 cuiqnam
496 5278 550 5317 non
587 5262 733 5334 cogamini.
769 5262 897 5318 Ordinem

93 5368 212 5424 qnoque,
242 5358 270 5407 et
294 5351 462 5424 propositum
491 5356 609 5407 vestmm
638 5350 765 5406 canonice
789 5351 897 5406 vivendi

93 5442 244 5497 secundum
258 5440 292 5496 lt.
318 5440 461 5515 Augustini
488 5441 621 5513 regulam,
651 5447 678 5494 et
705 5440 895 5497 institutionem

94 5529 360 5587 Praemonstrateasis
386 5528 525 5602 Ecclesia,
554 5529 643 5584 nullus
670 5529 767 5585 audeat
799 5529 897 5584 immu-

95 5623 162 5687 tare,
177 5616 225 5675 rol
249 5628 332 5689 anper
358 5632 409 5675 ros
433 5617 558 5677 ordinem
586 5617 695 5675 alterius
721 5616 896 5690 protensionis

952 3155 1085 3209 contraire
1100 3154 1309 3225 praesumpserit,
1339 3153 1456 3208 sectando
1485 3153 1598 3208 tertiove
1626 3166 1752 3206 commo-

952 3242 1031 3307 nitus,
1049 3243 1100 3296 nisi
1115 3251 1219 3298 reatum
1234 3259 1311 3297 surim
1336 3258 1456 3313 congrua
1481 3240 1662 3296 satisfactione
1687 3254 1749 3293 cor-

953 3331 1064 3397 rexerit,
1092 3332 1307 3404 indignationem
1335 3331 1527 3400 omnipotentis
1554 3329 1612 3393 Dei,
1639 3336 1665 3382 et
1692 3327 1745 3381 ΒΒ.

953 3420 1023 3474 Petri
1039 3427 1065 3475 et
1080 3420 1153 3475 Pardi
1168 3421 1351 3491 apestolemm
1367 3419 1425 3489 ejus
1449 3420 1565 3481 incurrat
1587 3425 1613 3472 et
1637 3431 1750 3471 excom·

954 3508 1127 3563 muuicatieni
1148 3508 1312 3578 subjaceat3
1341 3515 1531 3564 conservantes
1558 3521 1622 3562 vero
1649 3503 1698 3559 Dei
1725 3511 1752 3559 et

954 3596 1061 3651 Domini
1076 3597 1263 3668 lledcnrptoris
1277 3598 1369 3663 nostri,
1386 3604 1412 3650 et
1434 3597 1589 3652 coronidem
1611 3593 1749 3665 apostole-

953 3701 1013 3739 rum
1027 3685 1142 3757 gratiam
1158 3693 1364 3755 consequantur.
1382 3688 1478 3740 Amen.

990 3801 1047 3872 Egra
1064 3801 1234 3854 Innocentius
1249 3801 1394 3855 Catholicae
1409 3799 1538 3855 ccclesia
1552 3798 1705 3869 episcopus.

990 3898 1058 3951 Data
1072 3897 1194 3951 Laterani
1220 3913 1268 3967 per
1293 3913 1403 3951 manum
1432 3895 1540 3950 llenrici
1564 3895 1593 3950 S.
1621 3895 1751 3950 Romanoa

955 3985 1081 4041 Ecclesia
1095 3985 1201 4039 diaconi
1216 3984 1359 4040 cardinalis
1378 3993 1404 4038 et
1431 3983 1594 4048 cancellarii,
1624 3998 1661 4036 ιιι
1689 3983 1748 4037 llal.

954 4073 1083 4138 tannarii,
1098 4073 1243 4129 indictione
1258 4091 1277 4137 r,
1296 4072 1490 4127 iucarnationis
1510 4070 1659 4126 Dominicae
1680 4085 1751 4125 anno

956 4165 1035 4231 1138,
1060 4160 1228 4234 pontificatus
1251 4161 1427 4219 verodomni
1451 4159 1598 4216 Innocentii
1620 4160 1644 4214 ll
1672 4173 1751 4228 papae

955 4267 1080 4306 annorx.

1256 4366 1449 4422 CCCXXXlV.

954 4480 1161 4539 Fartdntionem
1172 4498 1205 4539 ao
1235 4481 1362 4554 rioilegto
1380 4481 1499 4538 attacta
1517 4479 1695 4548 tironensis,
1708 4494 1749 4534 ro·

991 4555 1153 4625 tietmarum
1168 4570 1200 4608 or·
1221 4556 1278 4608 ints
1293 4553 1577 4609 Pramoastrotenais
1593 4555 1682 4625 juata
1701 4550 1750 4607 l'o·
1805 4598 1811 4607 .

991 4626 1135 4691 leccenna,
1151 4626 1316 4695 corafirmat.

1184 4739 1275 4807 (Anno
1290 4739 1370 4804 llos,
1387 4739 1451 4793 Dec.
1466 4739 1525 4799 al.)

1069 4853 1269 4924 [llran1,0pp.
1289 4853 1369 4925 dipl,
1386 4861 1455 4907 tem.
1475 4852 1520 4922 lt,
1536 4868 1563 4922 p.
1582 4850 1636 4923 la]

989 4971 1185 5025 lnuocanrrc’s
1214 4968 1365 5038 episcopus,
1394 4983 1488 5022 servus
1525 4982 1663 5021 sorvorum
1690 4966 1750 5031 Dei,

952 5056 1049 5112 dilecto
1064 5056 1119 5112 tilio
1135 5057 1266 5112 Guamno
1280 5055 1370 5111 abbati
1386 5056 1420 5110 de
1447 5056 1516 5111 Casa
1545 5056 1604 5124 Dei,
1630 5055 1656 5109 in
1683 5055 1752 5112 silua

953 5164 1015 5219 qrrae
1032 5147 1129 5201 dicitnr
1144 5146 1264 5214 Viconia,
1281 5144 1391 5214 ejusque
1401 5144 1600 5201 successoribus
1622 5143 1751 5200 canoniae

954 5235 1145 5307 promovendis
1159 5234 1186 5288 in
1201 5241 1373 5306 perpetuum.

988 5349 1099 5418 Quoties
1114 5349 1179 5403 illud
1195 5366 1210 5405 a
1226 5349 1304 5405 nobis
1318 5349 1417 5418 petitur
1436 5350 1509 5422 quod
1530 5348 1626 5405 rationi
1650 5357 1677 5405 et
1703 5350 1750 5404 bo-

951 5439 1203 5494 nestationnvenire
1222 5439 1402 5510 cognoscitur,
1428 5439 1519 5494 animo
1542 5455 1590 5493 nos
1617 5439 1694 5493 deret
1722 5437 1752 5492 li.

949 5528 1023 5583 beuti
1038 5529 1186 5583 concedere
1202 5537 1229 5582 et
1256 5528 1403 5599 petentium
1432 5528 1572 5584 desideriis
1599 5542 1750 5601 congruum

948 5616 1083 5690 impertiri
1097 5616 1267 5693 suffragium.
