3750 6000
521 180 526 191 '
599 150 813 258 'wrctnnnt
835 190 1202 257 nannasannrnnsrs
1224 192 1399 257 ncntcar
1786 194 1856 257 aar

156 198 232 262 llbl

155 330 273 405 lugubri
285 330 816 405 coctaque,utinsecundorsgalinm
828 326 981 384 Gestorum
994 339 1021 405 Α
1035 331 1196 383 vestrarum
1216 326 1382 384 animarum
1408 324 1501 384 seluta
1522 327 1734 400 impenderem.
1750 327 1855 401 Quippe

154 421 228 479 libro
250 423 320 492 dixi,
341 423 404 494 ipsa
428 421 583 478 securitate
609 420 762 485 incautior,
786 419 822 474 eb
846 417 980 473 hostibus
1034 416 1173 488 quoniam
1187 416 1649 488 meipsnmaveetreeeanctitetis
1663 417 1763 473 studio
1778 417 1853 488 cupis

154 527 227 584 pene
240 517 403 584 preventus
418 526 517 566 ensem
528 511 616 566 etiarn
630 509 790 577 amisisset,
802 505 979 563 inclamatus
1033 511 1062 561 et
1076 522 1161 577 spero
1172 506 1350 562 corroborari
1361 507 1545 578 superec,in
1556 521 1614 579 qno
1625 506 1770 562 Dominus
1786 505 1852 562 Dens

153 602 215 659 Ode
230 601 332 656 adfuit.
349 601 483 672 Cumque
506 599 606 656 omnia
629 599 695 654 caci
721 598 866 653 tumuitus
880 603 980 652 essent
1032 611 1086 650 ncs
1110 594 1259 666 operarios
1282 595 1440 651 constituit.
1463 598 1497 650 er
1520 597 1626 660 multa,
1652 594 1765 667 quibus
1788 610 1853 652 oum

153 691 249 762 plena,
269 690 381 761 primus
394 689 444 745 itte
459 689 600 761 porrectis
616 688 645 743 in
662 687 767 742 coelnm
784 684 918 759 precibus
934 685 977 740 in·
1032 685 1220 758 pontificatus
1240 686 1371 757 exponit,
1388 685 1541 742 subdidit:
1560 685 1670 741 Idcirco
1696 684 1851 753 humiliter,

151 780 245 834 tuitus
256 778 327 832 vidit
338 778 480 848 gladium,
492 775 608 833 cmleste
619 775 728 831 scilicet
740 791 858 842 munus,
867 773 977 844 vaginae
1031 773 1116 845 quasi
1141 773 1281 844 indignus
1305 775 1356 829 sed
1381 774 1504 831 devotus
1520 789 1621 846 precor
1633 779 1663 830 et
1678 773 1782 831 hortor
1793 791 1850 830 san·

151 870 238 938 regia
252 866 390 938 illapsum
414 866 565 923 divinitus.
581 866 634 932 Qui
653 882 737 921 casus
753 864 853 920 statim
869 880 902 919 so
917 863 975 918 cla·
1031 863 1160 918 ctitatem
1176 867 1314 928 vestram,
1332 878 1368 918 ne
1383 862 1479 934 tepide
1493 868 1523 919 et
1537 863 1721 936 negligenter
1737 863 1767 920 in
1783 865 1851 936 regi·

152 962 250 1011 macte
266 955 433 1011 Ethelstanc
445 956 564 1021 relatus,
578 962 692 1011 tantum
710 953 848 1010 momenti
860 951 976 1018 habuit,
1033 952 1112 1007 mine
1136 952 1300 1007 animarum
1326 952 1545 1021 conversemini,
1562 959 1594 1008 nt
1609 969 1669 1009 ncn
1686 952 1715 1008 in
1732 957 1851 1026 tempure

151 1050 183 1100 nt
193 1055 221 1100 et
231 1054 300 1101 tunc
312 1045 441 1100 Odonem
454 1045 517 1099 vita
528 1062 588 1100 sua
600 1049 754 1114 patronum
766 1060 822 1098 non
832 1042 978 1097 dubitaret
1030 1044 1189 1098 tremendae
1205 1043 1340 1099 vindictae
1366 1047 1559 1115 conqueratur
1572 1047 1608 1100 de
1622 1043 1707 1100 vobis
1721 1043 1850 1100 Dominus

150 1132 977 1204 dicere,etpcsthlfhelmodefunetoinprimntenrcan·
1032 1131 1153 1187 dicens:
1171 1136 1296 1187 necatores
1321 1147 1375 1188 rrcn
1394 1133 1547 1204 paecedunt
1564 1148 1680 1206 precem
1701 1148 1793 1188 meum
1811 1131 1849 1188 sed

149 1225 195 1279 tia
207 1223 375 1279 sublimare.
385 1220 435 1277 llle
444 1225 494 1296 qui
506 1224 636 1279 nondum
648 1223 796 1279 amicisset
805 1221 862 1293 (55)
875 1236 975 1275 mona·
1029 1224 1187 1292 semetipsos
1197 1221 1313 1291 (Exeat.
1325 1222 1431 1293 xxxiv).
1442 1222 1478 1277 Et
1487 1222 1609 1277 iterum:
1622 1223 1770 1293 Principes
1778 1223 1849 1277 easti-

148 1313 246 1379 cburn,
259 1311 442 1369 constantius
454 1312 549 1377 reniti,
560 1327 595 1367 ne
607 1328 717 1367 morem
728 1312 872 1380 majorum
885 1307 977 1364 ambi·
1029 1315 1139 1376 terunt,
1154 1316 1181 1364 et
1196 1326 1244 1380 cqc
1259 1309 1388 1382 ignorent
1403 1309 1471 1380 (Oce.
1489 1310 1561 1382 vrri),
1575 1310 1627 1366 sed
1654 1310 1755 1382 potius
1777 1326 1849 1366 core·

149 1401 228 1458 tione
240 1417 292 1455 sua
302 1401 593 1468 turbarevideretur;
606 1399 718 1455 nullum
730 1401 807 1456 enirn
820 1401 855 1454 acl
868 1400 896 1453 id
906 1404 977 1454 tern·
1031 1415 1100 1455 mus
1111 1398 1230 1455 familiae
1242 1400 1356 1456 Domini
1369 1416 1454 1472 super
1465 1417 1522 1473 que
1533 1416 1587 1456 nos
1598 1399 1758 1457 constituit
1771 1404 1852 1456 reete

149 1507 204 1562 pua
221 1490 276 1544 nisi
294 1488 452 1544 monachili
469 1490 616 1546 schemate
631 1489 767 1545 indutum
779 1488 976 1558 archiepisco·
1030 1505 1077 1544 res
1101 1490 1198 1545 eibum
1219 1492 1287 1545 dare
1303 1491 1332 1545 in
1348 1494 1479 1563 tempore
1493 1507 1556 1557 suo,
1572 1506 1747 1546 mensuram
1763 1488 1852 1558 tritici,

150 1594 219 1649 pum
236 1577 336 1633 tuisse.
354 1578 407 1631 Sed
425 1593 493 1634 cnm
509 1578 594 1649 regis
609 1577 753 1633 voluntati
773 1577 976 1647 episcoporum
1031 1578 1488 1650 probatamscilicetdoctrinem.
1500 1580 1852 1651 Idtquamviameritcrun

149 1666 976 1735 emninmaesenensaccederet,tandemviareverentie-
1030 1667 1182 1738 qualitate,
1213 1685 1270 1725 ncn
1300 1685 1476 1740 praesumam
1511 1666 1657 1725 consolari
1693 1674 1723 1725 et
1752 1668 1853 1725 hortari

148 1757 242 1812 simus
265 1756 405 1827 propositi
422 1756 466 1811 sui
482 1758 575 1827 rigore
590 1758 727 1825 edomito,
743 1757 772 1812 in
788 1771 975 1812 communem
1032 1772 1223 1828 quemquam,
1241 1757 1347 1829 qnippe
1363 1758 1412 1828 qui
1429 1757 1510 1814 solus
1529 1758 1670 1828 indignus
1684 1761 1715 1813 et
1729 1756 1854 1814 innume·

149 1846 276 1917 perrexit
295 1847 480 1913 sententiam,
497 1847 664 1917 recogitans
679 1846 751 1902 illud
769 1846 973 1918 proverbium:
1031 1844 1169 1901 rabilium
1186 1846 1340 1918 culparum
1355 1862 1434 1914 reue,
1450 1848 1562 1920 gaudeo
1576 1852 1607 1902 et
1622 1845 1745 1917 indigeo
1762 1846 1852 1903 frater·

151 1939 214 1991 Vcc
226 1934 333 2006 populi,
360 1952 416 1992 cccc
437 1939 494 1993 flet.
519 1938 619 2009 ltaque
648 1936 773 1991 transito
797 1935 870 1990 mari
898 1937 973 2008 apud
1031 1934 1075 1989 nis
1086 1934 1336 1991 admonitionibus
1352 1936 1477 1993 fideliter
1493 1935 1653 2001 corrobari,
1666 1941 1771 1991 tamen
1783 1952 1853 2007 prop

150 2026 314 2083 Florianum
332 2025 510 2085 monachilia
526 2027 647 2098 accepit,
663 2025 740 2097 frugi
757 2025 844 2082 horno
859 2030 888 2081 et
903 2041 975 2095 pru·
1030 2029 1072 2077 ter
1084 2024 1236 2095 antiquom
1249 2024 1454 2081 auctoritatem
1466 2027 1717 2097 predecessorum
1729 2039 1852 2080 meorum

150 2115 233 2184 dene,
250 2121 282 2170 ut
297 2134 350 2174 neo
365 2118 493 2173 faronem
510 2116 616 2171 civium
641 2114 757 2181 rideret,
775 2130 827 2171 nec
851 2114 974 2187 priscam
1030 2110 1120 2167 heatae
1130 2113 1240 2170 scilicet
1251 2115 1397 2170 memorias
1405 2114 1561 2186 Augustini
1570 2120 1600 2171 et
1610 2114 1739 2171 eliorum
1748 2120 1852 2171 sancto·

148 2205 388 2262 consuetudinem
401 2205 590 2262 decoloraret.
599 2205 641 2259 lta
651 2209 710 2259 tcto
720 2220 778 2276 qno
787 2203 975 2260 Ethelstanus
1030 2216 1106 2268 curn,
1115 2217 1242 2273 qnorum
1255 2203 1360 2259 studiis
1372 2204 1471 2276 regula
1481 2202 1720 2269 christianitatis,
1732 2205 1850 2275 primun

147 2292 219 2350 vixit
233 2310 303 2363 evo,
317 2295 482 2364 incorrupta
499 2295 573 2364 regis
584 2298 612 2349 et
629 2292 774 2366 pontificis
790 2293 973 2349 familiaritas
1029 2289 1065 2345 ab
1084 2291 1136 2345 hac
1151 2291 1391 2363 archiepiscopali
1407 2294 1475 2348 sede
1490 2293 1604 2348 cunctis
1620 2292 1735 2349 finibus
1749 2291 1850 2364 Angla·

146 2382 258 2454 viguit:
275 2384 344 2438 dnm
371 2383 481 2439 mutuis
506 2383 611 2438 cftlciis
633 2383 686 2439 iste
709 2388 854 2438 exerceret
879 2381 907 2438 in
923 2381 974 2454 Dei
1029 2394 1094 2434 rum
1111 2379 1258 2435 innotuit:
1274 2381 1382 2437 idcirco
1398 2383 1469 2439 istos
1484 2380 1596 2438 divinus
1611 2383 1711 2454 apices
1724 2382 1762 2437 ed
1778 2380 1850 2436 utili·

146 2474 234 2528 rebue
248 2472 411 2545 eloquium,
422 2472 482 2540 iile,
494 2473 519 2528 si
535 2487 655 2528 necesse
670 2479 757 2536 esset,
773 2471 900 2527 vibraret
914 2471 974 2543 gla·
1028 2468 1395 2526 tatcmcmninmvestrum
1406 2471 1848 2544 charaxaredccrevi:quetenoe

147 2561 239 2618 dium.
256 2562 312 2618 Sed
337 2568 493 2634 postquam
518 2561 623 2617 emula
639 2561 791 2618 florentem
808 2563 866 2617 feta
882 2560 973 2617 tulere
1028 2558 1314 2628 rexaugustissimus
1329 2559 1446 2631 egregio
1457 2557 1847 2616 vccabulofldmnndnscurn

145 2651 293 2721 juvenem,
309 2651 370 2707 Ode
396 2658 479 2708 etate
503 2662 646 2717 maturus,
662 2658 690 2706 et
705 2668 795 2707 cenos
818 2653 974 2708 sanctitate
1028 2645 1108 2700 omni
1124 2645 1232 2717 populo
1248 2664 1300 2703 suo
1316 2648 1424 2704 imitari
1440 2650 1575 2721 gaudeat,
1586 2649 1666 2721 quod
1683 2650 1715 2705 iu
1730 2647 1813 2704 nohis
1825 2651 1849 2703 et

148 2738 319 2805 nobilitans,
336 2756 393 2796 non
409 2740 528 2811 imparis
543 2740 678 2796 amicitia
693 2741 770 2809 apud
788 2741 971 2795 ttdmundum
1027 2751 1062 2789 sx
1079 2735 1163 2790 uobis
1174 2736 1282 2807 audiat,
1295 2753 1455 2808 cinnaeque
1470 2742 1648 2810 gentesque
1666 2737 1800 2809 undique
1814 2751 1849 2792 re·

147 2834 177 2885 et
193 2827 335 2884 tidrednm
351 2829 475 2901 gratiam
493 2831 595 2898 tenuit,
607 2831 678 2901 qnia
693 2828 765 2884 nihil
782 2829 822 2883 illi
840 2829 972 2885 moribus
1027 2823 1084 2893 gali
1111 2823 1234 2895 imperio
1258 2827 1353 2896 ipsius
1377 2828 1508 2896 subjecit
1523 2831 1603 2895 ³⁰⁰²·
1619 2826 1725 2882 ¹l¹u¹⁰³
1740 2825 1848 2899 llq¹¹¹il³

148 2916 372 2986 praetenderent,
386 2917 416 2972 in
438 2919 514 2988 qnod
540 2918 618 2989 rigor
640 2917 815 2989 episcopalis
832 2917 971 2973 intentari
1027 2917 1133 2968 nestrae
1147 2916 1378 2971 conversationis
1393 2925 1512 2972 ovanter
1526 2916 1609 2985 aequi
1625 2922 1769 2972 amentes
1783 2914 1848 2971 dele·

147 3005 273 3059 deberet.
292 3006 429 3071 Quinimo
443 3022 511 3061 cum
528 3006 587 3062 illis
601 3006 630 3061 in
647 3006 892 3064 Northanimbrcs
908 3023 971 3079 pro·
1027 3006 1115 3055 cient.
1132 3022 1146 3052 a
1162 3006 1199 3057 at
1223 3020 1289 3060 verc
1314 3005 1455 3059 Edwinns
1470 3003 1548 3059 itlius
1564 3004 1714 3060 Edmnndi
1729 3009 1760 3061 et
1775 3002 1847 3076 regni

148 3093 240 3148 fectus
255 3103 309 3162 eet,
323 3110 380 3150 nen
398 3100 430 3150 ut
446 3095 544 3167 prelia
560 3097 675 3161 feceret,
691 3096 740 3151 aed
757 3102 788 3151 ut
803 3104 969 3153 sanctorum
987 3097 1008 3164 G
1029 3094 1093 3161 posi
1108 3090 1253 3147 Edredum
1271 3103 1405 3165 patruum
1422 3109 1576 3150 successor
1590 3094 1752 3166 praecipitis
1768 3103 1847 3149 teme·

147 3199 244 3240 sacros
253 3185 509 3255 cineres,qocrnm
522 3185 686 3241 illahumns
695 3186 765 3241 olim
778 3188 856 3242 ferax
868 3189 969 3253 fuerat,

146 3270 272 3326 efferret.
282 3270 364 3327 Unde
375 3273 482 3327 factum
495 3279 551 3340 est,
563 3284 592 3328 nt
605 3272 865 3345 precellentissimi
876 3276 971 3332 Patris

147 3359 273 3416 Wiltridi
289 3361 416 3416 dirutam
433 3363 591 3432 portianos
608 3364 684 3434 apud
702 3363 856 3434 Ripensem
873 3364 970 3421 Eccle-

147 3447 220 3505 siam
233 3449 365 3504 dolenter
375 3450 571 3519 conspicatus,
583 3453 677 3507 ruinis
687 3468 776 3524 super
786 3454 969 3511 mauseolum

147 3535 314 3603 eruderatis,
331 3538 468 3607 reliquias
482 3540 668 3596 cantuariam
694 3547 857 3599 reverenter
875 3548 970 3600 trane·

145 3627 243 3694 ferret,
259 3631 287 3682 et
302 3633 333 3681 nt
348 3627 543 3685 clarissimum
568 3631 667 3700 patria
688 3631 775 3701 juber
799 3635 971 3703 produceret

146 3716 176 3772 in
191 3716 352 3786 speculam,
365 3716 480 3773 hercicc
492 3723 583 3774 metro
598 3719 685 3774 vitem
702 3719 782 3776 illins
794 3722 849 3777 texi
862 3738 969 3793 praece·

146 3805 897 3880 pitllxsecntusestidmunusFridegodusquidam
909 3827 970 3867 ver·

146 3894 227 3949 sibus
252 3909 308 3948 non
325 3892 364 3948 ita
384 3894 596 3966 improbandis,
613 3896 669 3951 nisi
694 3899 770 3969 quod
795 3898 968 3955 latinitatem

146 3997 268 4052 perosus
284 3983 459 4053 gracitatsm
484 3990 574 4051 amat,
589 3986 715 4056 gracula
729 3987 816 4042 verba
832 3989 969 4058 trequen-

144 4075 197 4135 tat,
213 4078 246 4126 ut
262 4071 363 4127 meritc
378 4073 463 4127 dictis
477 4074 542 4143 ejus
562 4079 679 4144 aptetur
694 4074 765 4130 illud
781 4076 967 4133 Plautinum:

144 4183 159 4211 a
177 4161 242 4216 Hac
256 4160 372 4231 quidem
391 4169 495 4232 prater
510 4163 642 4219 sibillam
659 4164 734 4235 leget
751 4182 846 4223 nemo.
863 4189 878 4217 a

179 4252 242 4321 Ipse
257 4266 375 4321 quoqne
390 4250 451 4306 Odc
466 4268 524 4306 non
542 4253 686 4308 mediocre
702 4253 864 4310 litterarum
889 4257 968 4312 dedit

1027 3181 1123 3235 nitatis
1138 3186 1167 3235 et
1182 3184 1312 3254 corporei
1328 3182 1415 3238 luxus
1432 3182 1560 3251 infamis,
1575 3182 1725 3255 pontificis
1740 3183 1847 3238 animos

1026 3268 1158 3337 irritavit,
1172 3277 1202 3324 ut
1213 3276 1241 3325 at
1253 3271 1352 3343 ipsum
1364 3290 1381 3328 a
1395 3271 1606 3327 christianitate
1621 3272 1845 3345 suspenderetst

1025 3374 1125 3429 ganeae
1137 3359 1314 3429 pellicatum,
1326 3361 1419 3431 primo
1432 3362 1612 3433 expulsione,
1625 3365 1693 3432 post
1702 3362 1845 3417 succisura

1025 3451 1143 3522 poplitis
1159 3453 1388 3523 interrumperet
1399 3468 1406 3520 ;
1417 3451 1518 3506 retulit
1532 3450 1580 3506 ifle
1594 3452 1689 3507 vicem
1708 3452 1737 3507 in
1754 3466 1844 3506 moue·

1025 3540 1095 3596 chcs
1121 3542 1212 3596 totius
1237 3541 1392 3596 Britanniae
1418 3539 1574 3596 furibunde
1592 3539 1767 3608 bacchatus,
1782 3540 1844 3594 dum

1025 3645 1121 3697 nemo,
1135 3636 1237 3701 preter
1247 3630 1376 3686 Odcnem
1388 3636 1417 3685 et
1427 3635 1613 3685 Dunstenum
1624 3629 1843 3695 tancabbatem,

1024 3718 1067 3773 vel
1093 3721 1180 3775 verbo
1204 3720 1341 3775 resistere
1363 3719 1492 3774 auderet.
1510 3719 1591 3783 Quia,
1609 3724 1641 3774 ut
1655 3719 1770 3775 Seneca
1791 3720 1842 3773 ait:

1025 3829 1039 3858 κ
1047 3807 1149 3864 Gallus
1163 3809 1192 3862 in
1204 3806 1613 3878 sterquiliniosncplurimnm
1622 3806 1733 3872 valeta
1742 3806 1843 3862 interae

1025 3897 1130 3968 praeut
1147 3902 1274 3953 mentem
1288 3897 1315 3951 in
1327 3895 1483 3952 Dominum
1494 3896 1784 3968 dirigerc,miracula
1794 3910 1842 3951 non

1023 4001 1114 4057 egene
1130 3985 1234 4050 fecere,
1251 3986 1342 4041 nrutte
1365 3987 1443 4040 sedis
1465 4001 1525 4041 sue
1541 3984 1718 4055 appendicia
1734 3985 1842 4057 pradia,

1023 4092 1087 4146 qnae
1104 4074 1213 4130 Daniea
1229 4077 1400 4131 excursione
1423 4074 1519 4129 ablata
1533 4079 1629 4140 erant,
1645 4076 1680 4129 ad
1693 4075 1746 4144 jus
1761 4072 1842 4141 legiti-

1023 4180 1105 4219 mnm
1123 4164 1247 4231 trahere,
1260 4164 1289 4218 in
1302 4168 1429 4231 tantum,
1442 4169 1473 4218 nt
1484 4168 1598 4218 constet
1607 4164 1757 4219 neminem
1772 4161 1842 4218 illius

1023 4252 1739 4324 atatisarchiepisccpumperemtldoniintalibus
1751 4253 1841 4315 fuisse,

143 4339 173 4394 in
187 4339 312 4411 epistola
321 4340 479 4410 judicium,
496 4357 585 4412 qnam
601 4347 666 4413 post
686 4344 822 4414 synodale
838 4351 968 4418 tempere
1023 4342 1200 4412 quantulum
1217 4347 1315 4397 autem
1327 4348 1370 4397 eet
1381 4343 1582 4397 testimoninm
1593 4340 1670 4412 quod
1681 4341 1708 4397 ei
1721 4341 1843 4413 perhibet

143 4431 220 4497 regie
250 4430 394 4483 Edmnndi
419 4430 576 4486 concilium
593 4432 627 4486 ad
652 4433 853 4504 suffraganeos
877 4437 968 4503 dedit,
985 4460 1007 4524 D
1023 4431 1181 4498 Osbernns,
1192 4431 1241 4502 qui
1254 4447 1319 4486 eum
1336 4430 1407 4486 dicit
1422 4448 1473 4503 pro
1489 4431 1643 4487 sanctitate
1654 4438 1748 4487 suast
1763 4430 1841 4485 indu·

143 4518 229 4586 qu'us
244 4516 304 4573 brec
317 4518 410 4573 forme
425 4523 486 4575 est:
500 4518 647 4574 «Mirabili
660 4524 887 4592 cunctipotentis
900 4543 970 4594 prae-
1023 4522 1095 4576 stria
1111 4520 1146 4574 ab
1162 4520 1242 4576 omni
1261 4519 1419 4589 anglorum
1440 4524 1509 4576 orbe
1530 4535 1647 4590 semper
1667 4520 1841 4587 deflendum,

142 4604 218 4661 salis
233 4604 365 4676 polorum
381 4607 535 4662 clauseritis
550 4608 721 4678 opitulante,
733 4626 786 4682 ego
796 4611 855 4667 Ono
870 4613 964 4671 Eccle-

142 4695 189 4751 siae
214 4694 369 4751 Salvatcris
393 4694 508 4752 Domini
532 4698 623 4751 nostri
648 4697 717 4754 lesu
742 4699 849 4756 Christi
866 4703 963 4759 archi·

142 4783 307 4855 episcopus.
326 4784 553 4840 Dercbernensis
572 4785 699 4842 civitatis
711 4789 963 4860 metropolitanus,

141 4871 321 4944 coepiscopis
333 4870 399 4927 ndei
411 4871 559 4928 catholice
574 4874 871 4946 compaginatoribus,
882 4879 965 4951 spiri·

140 4960 191 5017 tali
208 4962 359 5030 charitate,
375 4960 462 5017 etiem
474 4963 631 5018 comitatus
648 4965 750 5033 rigore,
765 4968 838 5021 meis
852 4970 965 5025 confre-

141 5050 246 5121 trihus,
258 5050 446 5122 praesentium
462 5051 683 5123 prosperitatem
698 5053 871 5127 aethereique
884 5057 965 5114 deco·

140 5141 181 5196 rls
198 5139 421 5197 beatitudinem.

174 5248 189 5276 a
205 5226 236 5282 Si
256 5230 355 5301 atiquo
381 5228 468 5286 mcdc
494 5229 553 5286 fleri
581 5234 688 5301 posset,
704 5236 737 5287 nt
750 5234 841 5290 totius
864 5238 963 5294 mnndi

138 5331 208 5385 opes
223 5322 289 5372 ante
305 5324 418 5375 nostros
435 5326 612 5390 ponerentur
625 5321 757 5388 obtutus,
774 5327 814 5380 ita
830 5330 862 5380 ut
877 5326 966 5398 irnpe-

1017 4610 1076 4666 nisi
1106 4611 1280 4666 Durrstenue
1306 4611 1506 4677 successisset,
1531 4608 1628 4665 nescio
1653 4625 1713 4681 qua
1738 4608 1840 4666 incuria

1018 4697 1177 4754 Ecclesiam
1194 4698 1709 4769 archiepiscopatustectoracentam
1725 4697 1767 4754 ita
1780 4714 1840 4755 cra·

1017 4787 1148 4845 tionibus
1177 4788 1302 4860 operuit,
1320 4793 1351 4842 ut
1373 4792 1434 4843 toto
1462 4803 1520 4859 quc
1548 4793 1662 4844 tecture
1691 4789 1840 4861 parabatur

1020 4887 1149 4949 tempore
1163 4877 1232 4946 (nisi
1248 4876 1325 4947 quod
1339 4876 1434 4932 dicam
1447 4876 1618 4933 incredibile
1633 4877 1782 4949 videatur)
1796 4891 1840 4932 nes

1019 4966 1124 5037 pluvia
1148 4964 1331 5020 stillicidium
1350 4964 1406 5020 loci
1430 4965 1616 5021 madefecerit
1636 4964 1793 5022 ambitum.
1814 4967 1840 5018 st

1020 5054 1075 5111 hoc
1095 5070 1127 5110 eo
1152 5053 1295 5109 celebrius
1319 5052 1452 5119 habetur,
1474 5054 1550 5125 qnod
1572 5053 1700 5126 plurima
1724 5055 1769 5110 vis
1791 5054 1839 5109 irn-

1020 5144 1128 5208 brinm,
1153 5144 1290 5213 frequens
1315 5147 1471 5213 tempestas
1499 5143 1663 5212 turbinum,
1679 5142 1839 5200 intumitlis

1020 5232 1124 5288 diebus
1139 5230 1287 5287 concussit
1298 5232 1450 5298 mundum,
1462 5232 1666 5304 plurimosque
1676 5233 1715 5289 de
1725 5234 1840 5290 veritate

1020 5318 1839 5395 Dominiciccrporiedubitanteeitaroboravit,utpansrn

138 5403 330 5460 rialimnnere
340 5408 425 5463 nohis
435 5408 634 5466 universaliter
645 5410 967 5479 deservirent,lrhenter
1020 5407 1118 5465 altaris
1133 5424 1249 5463 'mum
1261 5407 1290 5463 5⁰
1308 5425 1438 5478 carnem.
1451 5410 1552 5466 tinum
1568 5409 1667 5467 0⁸¹5&ss
1683 5413 1715 5468 ln
1728 5409 1840 5482 misul·

138 5491 190 5557 ille
205 5491 306 5548 omnia
322 5494 540 5562 distribuerem,
552 5514 656 5570 meque
666 5499 764 5573 ipsum
779 5501 900 5575 insuper
914 5521 965 5576 pro
1022 5513 1098 5564 nem,
1116 5495 1264 5570 Pt0P⁸¹⁸ffl
1287 5500 1464 5570 ⁰⁵l⁰¹¹d⁰felr
1478 5502 1508 5557 ⁰i
1522 5498 1618 5559 dim
1636 5499 1667 5557 ¹¹¹
1683 5501 1839 5573 8οΜὶῦῑῦ

175 5583 231 5655 (55)
247 5584 277 5640 ld
294 5588 339 5640 eet
354 5583 504 5643 induisset.
