3750 6000
102 228 169 286 1313

569 231 750 289 wttauuut
769 230 1095 289 ttattmsatttttttrtsts
1112 229 1273 288 llONAClll

1688 225 1754 281 tati

100 342 252 411 ¹itulissuis
272 357 390 414 reddidit
415 359 558 415 illustrem.
583 359 659 414 Uxor
686 358 745 428 ejus
773 358 895 413 Almodis
910 357 1072 428 Adiaimus
1102 378 1107 412 :
1130 357 1212 426 eujus
1237 356 1389 412 hortatibus
1419 354 1563 419 animatus,
1584 360 1609 407 et
1638 351 1755 406 umbone

101 443 168 512 (15),
185 445 273 499 multis
287 447 406 502 vicissim
420 449 593 518 desponsata,
606 447 715 502 multum
725 447 897 503 exomnihus

102 531 224 587 sobolem
239 534 299 589 tulit
315 554 322 599 ;
339 536 433 592 insano
449 538 611 594 muliercula
624 536 725 608 pruritu
741 544 767 591 et
791 537 897 592 irrere-

101 622 181 689 renti,
196 630 223 676 ut
239 639 301 678 cum
323 625 348 679 ei
370 625 453 698 longo
478 643 527 680 usa
554 626 593 680 rir
621 625 816 694 displicuisset,
831 625 898 680 alias

102 710 229 783 migraret
243 728 333 767 noros
346 714 491 784 impletura
514 722 625 784 penates
638 731 645 781 ;
657 714 773 783 <tetrique
783 714 897 784 primum

102 800 256 854 Arelatensi
271 803 363 856 comiti
385 805 441 872 (l'l)
466 811 559 875 nupta,
588 818 650 857 mox
679 803 750 856 illius
771 810 897 873 pertaesa,

102 887 166 943 huic
180 888 644 961 Willelmoseconjunxit3cuicum
655 891 723 946 duos
737 892 899 963 pelperisset

102 975 181 1044 lilios,
197 978 424 1036 barcinonensem
440 981 473 1036 ad
490 981 654 1037 connubium
673 981 756 1036 illexit
772 982 897 1035 comitem

101 1066 169 1134 (18).
188 1067 267 1122 Porro
285 1069 449 1133 Willelmus,
465 1072 559 1125 mertis
574 1068 689 1125 confinis
715 1069 826 1135 loribus,
843 1070 897 1124 To·

101 1153 227 1210 losanum
238 1158 398 1212 comitatum
410 1158 484 1213 dedit
495 1158 550 1215 hlio
558 1159 710 1228 aetquivcco,
722 1159 898 1214 sedmoribus

101 1244 214 1309 absono,
232 1246 304 1317 qarod
319 1255 392 1302 esset
406 1247 543 1302 crassioris
554 1247 657 1320 ingenii
683 1250 749 1317 (aa),
781 1256 809 1302 ut
833 1248 898 1302 nihil

952 454 1100 518 protectus,
1131 446 1296 501 {isimundus
1331 445 1434 515 primus
1465 442 1587 498 omnium
1622 440 1754 495 laicorum

950 551 1060 591 crucem
1074 536 1180 608 aceepit
1194 537 1242 607 (A.
1263 537 1296 588 1).
1315 538 1394 602 tuto)
1407 532 1557 602 ;adjioians
1568 538 1632 585 roto
1645 537 1749 584 utuun·

953 640 1033 696 qttam
1048 626 1074 678 in
1098 625 1214 695 patriam
1242 623 1352 685 rediret,
1376 623 1422 676 sed
1446 621 1544 691 potius,
1568 619 1699 672 duraturo
1724 619 1751 671 in

952 714 1056 768 Tarcos
1081 715 1185 777 labore,
1212 713 1335 766 arvinam
1352 715 1409 780 (55)
1434 709 1632 780 praeteritarum
1653 706 1754 775 iniqui-

953 808 1038 856 tatum
1053 809 1224 857 extenuaret.
1241 800 1302 856 Jam
1319 814 1385 854 rero
1401 799 1427 852 in
1449 797 1548 851 itinere
1573 795 1652 867 plura
1680 795 1752 848 dedit

952 888 1050 944 indicia
1063 889 1238 952 fortitudinis,
1255 889 1289 943 ad
1301 889 1424 943 laborem
1440 887 1554 957 primus,
1579 884 1614 939 ad
1633 884 1753 955 quietern

952 978 1065 1034 ultimus
1083 994 1089 1047 ;
1106 980 1185 1049 plura
1202 979 1283 1033 etiam
1299 977 1447 1048 patientie,
1460 975 1535 1048 quod
1551 988 1613 1029 arce
1629 974 1689 1043 (56)
1700 975 1754 1026 Aa·

953 1068 1072 1135 tiochiae,
1084 1083 1166 1139 quarn
1181 1074 1360 1137 occupaverat
1370 1066 1439 1135 (57),
1461 1063 1631 1128 Boamundo,
1644 1070 1670 1117 et
1693 1061 1755 1115 turri

951 1156 1048 1223 Dauid,
1073 1156 1236 1221 Gadeirido,
1263 1156 1378 1210 libenter
1401 1155 1526 1209 cesserit.
1557 1150 1613 1207 Sed
1634 1149 1753 1216 tandem,

950 1245 1040 1299 nimiis
1067 1245 1256 1300 exactionibus
1287 1243 1458 1316 quorundam
1496 1241 1582 1295 tracta
1615 1238 1753 1310 patientia,

102 1333 579 1400 Tolosanicontraeumnovarent,
599 1335 894 1391 lamiliaellliusdomi-
952 1333 979 1386 in
1000 1334 1166 1388 deditionem
1194 1332 1271 1407 urbis
1296 1331 1486 1387 nscatonensis
1510 1328 1612 1386 decidit
1636 1331 1683 1399 (A.
1720 1330 1750 1383 6.

102 1422 175 1476 natui
190 1424 300 1478 amueti.
319 1424 487 1480 Raimundus
510 1441 586 1490 uero,
612 1425 753 1481 vivacioris
777 1425 897 1494 spiritus,
955 1422 1044 1492 1969).
1059 1422 1200 1495 Siquidem
1217 1424 1243 1476 in
1264 1422 1354 1492 primo
1376 1422 1546 1475 Francorum
1569 1418 1689 1472 adrentn
1704 1431 1754 1488 op-

7 1524 11 1531 *
104 1511 465 1584 Catureensem(50)603
483 1513 626 1583 accepitet
653 1529 708 1568 non
729 1513 900 1568 mediocriter
957 1510 1363 1582 pidani,enploratisomnium
1381 1510 1649 1564 ducnmnostrorum
1672 1505 1754 1560 mori-

102 1599 160 1670 (51)
174 1602 455 1667 anxit;Arelatensi,
480 1610 506 1657 ct
527 1601 707 1667 Narbonensi,
737 1610 762 1657 et
785 1602 899 1657 Prorin-
955 1598 1015 1666 bus,
1036 1599 1167 1670 ipsumin
1188 1608 1335 1670 patronum
1362 1599 1482 1670 elegere,
1510 1596 1583 1668 quod
1610 1595 1696 1661 multi,
1724 1609 1754 1648 eo

103 1687 177 1755 ciali,
196 1696 223 1743 et
243 1689 426 1745 Lemorieensi
443 1690 587 1761 adjunctis.
613 1690 740 1746 Tolosam
762 1705 897 1760 quoquae
951 1696 1013 1742 ante
1030 1704 1046 1743 a
1064 1691 1154 1743 llonte
1170 1687 1319 1743 Pessulano
1334 1688 1392 1759 (56)
1421 1686 1531 1756 navigio
1556 1685 1697 1740 venientes
1710 1699 1755 1737 ne

914 1740 939 1799 B

104 1792 236 1847 germano
257 1777 332 1843 emit,
359 1779 482 1849 pluribus
508 1780 586 1835 annis
607 1787 668 1834 ante
695 1780 788 1851 magni
812 1787 899 1833 motus
956 1778 1098 1849 gotiatum,
1124 1776 1207 1832 fidem
1230 1779 1290 1848 ejus
1315 1778 1342 1830 ia
1367 1777 1465 1831 eoelnm
1494 1776 1621 1829 tulerant.
1653 1774 1753 1844 ltaque,

105 1865 177 1920 riam
194 1866 317 1935 prolecto
329 1868 530 1939 lerosolymam.
549 1868 602 1923 Sed
618 1869 677 1923 haec
691 1869 770 1923 multi
795 1877 902 1938 tempo-

104 1954 141 2008 ris
152 1956 301 2010 intercessu
317 1964 343 2010 et
357 1965 436 2011 catate
465 1957 592 2026 impensa
607 1957 706 2013 labori.
724 1959 826 2028 ltaque,
853 1974 902 2028 pu·

105 2043 167 2114 gnis
180 2060 288 2115 semper
301 2045 436 2108 assiduus,
453 2046 602 2118 legitimam
621 2063 734 2101 uxorem
750 2062 804 2101 non
827 2046 900 2100 desi·

105 2131 222 2198 derurit,
244 2133 396 2189 multinubo
426 2134 607 2190 concubinatu
633 2134 798 2204 voluptatem
827 2151 902 2189 erer-

104 2236 178 2275 cens.
198 2222 319 2294 Denique
336 2238 367 2277 ex
383 2240 436 2278 una
451 2223 581 2293 pellicum
603 2222 689 2278 tilium
713 2233 814 2291 natum,
835 2224 901 2278 Rer-

102 2315 248 2375 tramnum,
273 2314 439 2383 cognatione
461 2320 486 2367 et
509 2312 666 2368 haereditate
693 2312 824 2383 dignatus
851 2319 901 2378 est,

104 2399 175 2469 quod
190 2400 216 2453 in
232 2399 380 2469 aliquantis
395 2401 551 2472 patrissaret
568 2420 575 2466 ;
591 2402 634 2456 eui
660 2416 773 2456 uxorem
792 2401 904 2469 conjun-

104 2486 142 2542 xit
156 2488 293 2542 llatbildis
317 2490 439 2545 llarcisae
459 2499 566 2561 neptem
592 2490 648 2560 (62)
664 2507 696 2544 ex
724 2489 904 2561 Langobardn

106 2584 209 2642 natam,
226 2585 255 2630 ut
271 2577 343 2632 illius
360 2578 491 2633 allinitate
506 2579 566 2633 illas
581 2579 637 2646 (56)
652 2579 904 2651 provinciaepartes

110 2670 253 2719 tutaretur.
270 2668 333 2733 lpse
349 2682 456 2737 quoque
472 2668 600 2721 extremis
616 2667 673 2722 lere
688 2668 767 2722 annis
787 2683 903 2722 uxorem

113 2752 213 2808 ascivit
227 2752 309 2806 liliam
326 2755 397 2824 regis
416 2755 637 2820 Tarraconensis,
666 2755 834 2826 splendidam
851 2757 902 2810 alo-

104 2847 157 2895 tem
173 2848 279 2910 pactus,
306 2850 438 2897 aeteraam
454 2844 555 2898 scilicet
576 2845 807 2899 conterminarum
835 2860 904 2916 pro-

103 2927 251 2983 vinciarum
269 2946 378 3000 pacem.
395 2933 453 2986 Neo
477 2932 562 2987 multo
592 2941 662 3003 post,
692 2934 781 2988 nirem
807 2934 904 3005 capitis

106 3017 269 3086 respiciens,
286 3019 541 3090 lerosolymitannm
560 3022 611 3076 iter
626 3023 712 3086 roait,
736 3028 766 3075 ut
795 3021 861 3075 lassi
877 3028 903 3076 et

957 1866 1062 1921 traditis
1088 1867 1220 1933 clavibus,
1252 1874 1424 1922 sacramento
1459 1865 1557 1919 ducem
1581 1862 1702 1934 adegere
1730 1869 1756 1915 ut

956 1955 1022 2009 nulli
1046 1955 1260 2010 Christianorum
1289 1962 1450 2025 potestatem
1478 1952 1555 2008 urbis
1587 1950 1754 2017 retunderet,

956 2043 980 2098 si
995 2044 1036 2098 rel
1052 2044 1112 2114 ipse
1128 2043 1212 2099 nollet
1227 2053 1328 2108 tenere,
1341 2042 1386 2097 vel
1410 2041 1549 2114 nequiret.
1565 2042 1641 2097 Tunc
1665 2054 1756 2110 apro·

956 2132 1064 2189 ceribus
1093 2133 1260 2187 mussitatum
1298 2140 1349 2200 est,
1388 2129 1623 2202 expostulantibus
1660 2128 1754 2184 urbem

956 2222 1031 2292 regis
1046 2221 1177 2284 dominio,
1194 2221 1266 2290 arrad
1282 2237 1376 2292 parurn
1392 2220 1417 2275 ei
1428 2221 1531 2275 raleret
1541 2233 1658 2288 reguiam
1670 2217 1693 2272 si
1703 2232 1755 2272 non

956 2310 1067 2366 haberet
1083 2312 1259 2373 Ascalonem,
1277 2326 1337 2381 quae
1353 2310 1480 2364 hostibus
1490 2315 1559 2363 esset
1574 2307 1754 2377 receptaculo,

956 2400 1224 2456 nostrisobstacu10.
1242 2400 1274 2454 Et
1297 2415 1342 2454 rex
1369 2398 1478 2472 quidem
1503 2397 1601 2453 leviter
1629 2399 1699 2466 (59),
1727 2402 1755 2449 ιιι

957 2489 1057 2552 onmia,
1078 2496 1104 2543 et
1128 2488 1202 2544 vultu
1231 2488 1385 2559 tranquillis
1412 2487 1590 2542 conveniente
1619 2485 1752 2550 moribus,

956 2593 1013 2631 rem
1029 2576 1167 2648 allegabat
1184 2595 1189 2640 ;
1206 2578 1296 2634 caeteri
1319 2577 1496 2647 pervicacius.
1519 2576 1584 2631 Haec
1599 2574 1646 2629 illa
1670 2589 1754 2629 verna

956 2665 1031 2737 parri
1045 2666 1192 2737 pendebat,
1205 2683 1259 2721 aon
1274 2665 1389 2720 infirmis
1400 2664 1549 2720 rationibus
1571 2663 1644 2718 dicta
1657 2678 1750 2719 corum

956 2771 1066 2809 cassans
1081 2755 1138 2826 (69)
1155 2773 1161 2811 ;
1180 2755 1281 2810 Omnes
1291 2755 1380 2810 socios
1396 2770 1459 2809 suos
1471 2754 1529 2823 Jam
1551 2753 1603 2806 sihi
1632 2752 1752 2823 receptui

955 2843 1135 2909 consuluisse,
1153 2844 1253 2915 partim
1270 2845 1354 2912 605
1370 2844 1484 2913 patriam
1501 2841 1641 2909 derectos,
1653 2841 1751 2911 partim

957 2933 1117 3004 acquisitam
1133 2933 1314 2987 inhabitantes
1329 2932 1499 3002 provinciam
1516 2950 1524 2997 3
1545 2947 1574 2984 se
1585 2931 1686 2996 solum,
1702 2929 1753 2985 ab·

955 3022 1047 3091 jurata
1067 3021 1185 3076 naturali
1205 3023 1262 3092 (61)
1278 3030 1359 3088 terra,
1377 3035 1430 3076 nec
1448 3021 1512 3076 illuc
1541 3034 1624 3090 posse
1651 3018 1753 3082 redire,

103 3099 183 3157 ellieti
198 3103 322 3171 corporis
338 3104 409 3158 vires
423 3104 482 3173 jam
496 3105 538 3159 vel
553 3122 614 3160 sero
633 3106 690 3160 Deo
709 3106 878 3162 deserrirent
895 3124 901 3169 ;
917 3101 942 3165 C
957 3126 1008 3164 nec
1023 3109 1065 3165 hio
1081 3118 1223 3180 receptum
1235 3112 1345 3166 habere.
1363 3111 1483 3165 Cessisso
1503 3126 1532 3164 se
1546 3109 1572 3161 in
1601 3107 1663 3162 aliis
1680 3128 1686 3163 :
1704 3109 1755 3163 hoo

104 3198 215 3246 auctore
231 3191 367 3263 praecipue
384 3193 542 3249 Caturcensi
560 3194 702 3265 episeopo,
714 3195 792 3263 cujus
803 3195 902 3265 praci-

105 3295 161 3349 pua
175 3295 258 3351 opere
274 3281 333 3350 ipse
348 3298 459 3353 semper
472 3282 647 3354 impugnatus
659 3286 745 3338 luerat
760 3299 765 3336 :
783 3285 864 3338 etiarn
876 3284 903 3338 in

108 3369 225 3439 quodam
241 3369 342 3424 duellio
357 3370 445 3425 altero
460 3370 561 3425 lumine
577 3373 704 3442 privatus,
734 3373 812 3442 cujus
840 3373 905 3426 insi·

107 3472 162 3527 gne
175 3456 332 3511 calimitatis
348 3475 403 3527 prae
420 3475 450 3514 se
466 3459 559 3515 terens
574 3477 627 3514 non
645 3461 731 3515 solurn
746 3477 799 3516 non
816 3462 904 3516 occul-

107 3543 190 3610 tabat,
206 3544 253 3599 sed
270 3545 352 3599 etiam
368 3547 536 3619 gloriabatur
551 3548 632 3615 ultro,
647 3549 785 3619 specimen
803 3550 904 3604 nubilis

106 3631 210 3688 militiae
239 3641 388 3689 ostentans.
429 3636 504 3692 Tunc
532 3646 621 3691 autem
652 3646 746 3693 mutua
781 3638 905 3693 l'aaderati

107 3721 237 3788 amicitia,
253 3733 280 3776 ιιι
296 3731 465 3780 senectutem
484 3741 560 3779 suam
585 3725 686 3782 divinis
713 3736 905 3783 consumerent

106 3809 234 3877 cultibus,
251 3811 365 3868 Urbano
378 3813 438 3883 jorn
454 3815 480 3867 in
496 3814 716 3885 praedicationem
740 3832 826 3887 prono
854 3819 904 3871 sti-

105 3899 194 3954 mulos
216 3899 353 3967 addidere,
379 3908 418 3968 ut,
444 3904 565 3957 transitis
588 3904 713 3975 Alpibus,
735 3906 904 3976 potissimum

109 3987 182 4058 apud
200 3989 306 4072 §larum
322 3992 440 4046 lloatcm
451 3993 594 4047 concilium
609 4003 731 4066 cogeret,
747 3996 820 4066 quod
830 4000 905 4052 esset

108 4092 141 4131 eu
156 4075 254 4132 civitas
268 4087 293 4133 ct
306 4078 415 4134 illorum
431 4081 526 4150 patriae
552 4082 712 4154 propinqua,
742 4092 768 4138 et
791 4101 822 4139 ex
850 4093 903 4140 tota

107 4163 194 4220 Gallia
209 4167 382 4222 venientibus
393 4176 554 4239 opportuna.
571 4171 764 4238 Veruntamen,
784 4173 811 4226 in
841 4174 902 4245 ipso

958 3199 1039 3253 modo
1054 3207 1221 3267 paterentur,
1239 3207 1267 3252 ut
1282 3199 1445 3253 Ascalonem
1458 3199 1483 3252 in
1500 3197 1658 3251 fidelitatem
1669 3196 1755 3251 sancti

957 3288 1100 3356 Sepulchri
1117 3294 1379 3353 teneret3caeterum,
1396 3304 1430 3341 ne
1443 3285 1569 3341 redderet
1583 3293 1753 3340 sacramento

958 3376 1065 3431 secisse.
1096 3376 1156 3445 Quo
1182 3377 1275 3431 audito
1301 3376 1391 3431 cuncti
1415 3383 1553 3446 strepere,
1579 3373 1712 3445 perfidum
1728 3379 1754 3429 et

957 3465 1084 3534 cupidum
1101 3482 1210 3530 uocare,
1227 3466 1314 3520 utrix
1329 3464 1456 3519 manibus
1477 3471 1670 3534 temperarent.
1688 3466 1755 3519 Con-

957 3555 1075 3609 tumelioe
1090 3555 1174 3625 hujus
1192 3554 1289 3610 rubore
1304 3569 1397 3609 comes
1409 3551 1533 3620 suffusus,
1547 3553 1583 3608 ab
1597 3552 1668 3624 aequi
1683 3551 1754 3607 boni·

959 3658 1010 3714 que
1028 3642 1077 3698 viri
1092 3642 1326 3704 descivitollicio;
1344 3643 1461 3697 inimicis
1471 3642 1521 3697 Dei
1537 3642 1630 3698 claves
1640 3641 1753 3696 civitatis

959 3731 1015 3798 (99)
1030 3731 1204 3796 contradens,
1221 3739 1247 3785 et
1268 3739 1369 3786 metum
1394 3730 1538 3801 pejerandi
1561 3729 1706 3784 multorum
1727 3731 1754 3783 in

958 3827 1100 3888 posterum
1129 3819 1266 3891 sunguine
1294 3835 1484 3890 compensans.
1502 3819 1597 3890 Neque
1626 3818 1700 3872 enirn
1722 3818 1755 3872 ad

957 3907 1028 3962 hunc
1042 3908 1113 3962 diem
1129 3908 1226 3964 ciuitas
1241 3908 1353 3978 illnoapi
1369 3909 1412 3963 rel
1428 3907 1452 3963 vi
1469 3908 1512 3964 rel
1528 3907 1639 3977 ingenio
1651 3906 1752 3976 potuit:

958 3997 1022 4066 quin
1040 3999 1095 4066 (69)
1110 4006 1137 4052 et
1165 3998 1256 4068 plures
1277 4015 1313 4052 ex
1343 3997 1500 4052 hominibus
1524 3995 1606 4063 illius,
1635 3995 1754 4051 attinenti

957 4086 1031 4139 urbis
1052 4086 1193 4156 opulentia
1222 4087 1359 4152 delectati,
1384 4085 1447 4141 ((6ιί
1476 4085 1626 4157 transfugio
1654 4085 1753 4140 civium

957 4174 1114 4230 charitatem
1126 4191 1262 4230 meruere.
1280 4176 1317 4229 lta
1326 4175 1366 4229 rir
1380 4175 1437 4242 illc,
1449 4174 1643 4244 lerosolymam
1656 4189 1753 4247 egres-

105 4253 140 4307 ad
155 4255 299 4309 concilium
315 4257 422 4325 itinere,
438 4259 567 4326 pontifex
582 4261 657 4314 obitu
669 4261 904 4318 deiecitSucces-
957 4279 1013 4331 sus,
1030 4263 1183 4319 Laodiciam
1198 4265 1294 4332 renit;
1325 4280 1378 4334 qua
1406 4263 1564 4334 subjugata,
1585 4262 1753 4332 aliquantum

106 4342 142 4397 sit
157 4343 242 4413 604
257 4357 327 4400 curto
340 4344 412 4400 illius
425 4347 523 4418 praesul
538 4348 594 4418 (51)
605 4348 735 4415 ruditate
748 4367 801 4422 qno
822 4369 903 4424 supra
957 4351 994 4406 ibi
1028 4367 1165 4406 morarum
1192 4352 1286 4406 nexuit
1312 4369 1319 4405 :
1350 4367 1466 4423 cumque
1494 4350 1755 4422 Constantinopolim

917 4465 943 4525 l)

109 4647 206 4704 danum
226 4649 284 4701 Dux
317 4657 378 4704 erat
399 4658 529 4722 praeterea
549 4651 683 4707 Narbonis
705 4661 732 4707 et
754 4653 904 4710 Provinciae
993 4656 1140 4724 (53)((1ιιι.
1160 4672 1188 4710 ι.
1208 4654 1315 4719 d...‚el
1328 4656 1417 4719 iltius
1435 4671 1458 4708 s.
1479 4668 1505 4708 c.

109 4720 243 4775 marchio.
994 4728 1221 4796 (5()Ριιιιιι(,ι.
1241 4728 1270 4780 d.
1291 4743 1328 4784 e..
1343 4697 1485 4798 pontlfcn,
1502 4740 1527 4780 a.
1544 4740 1569 4778 s
1590 4724 1610 4779 l.

145 4792 203 4863 (lh)
223 4791 357 4847 Atmodtc.
379 4791 444 4845 Filia
467 4801 524 4847 erat
554 4793 691 4860 bernardi,
723 4796 848 4851 llarchiae
877 4803 903 4851 et
994 4801 1207 4867 (hildramnus.
1221 4815 1244 4853 e.
1257 4799 1314 4864 el,
1330 4798 1346 4851 l
1352 4800 1532 4865 ,ιιιὶιιιιιιιι
1552 4811 1586 4862 a,
1610 4797 1750 4862 ernian,

109 4862 256 4919 Lemovicii
272 4862 389 4918 comitis.
406 4862 493 4931 llujus
508 4863 582 4933 prior
596 4866 696 4935 conjux
708 4865 757 4920 luit
776 4868 854 4939 lluuo
869 4869 901 4930 V

109 4935 235 4989 dominus
250 4934 283 4989 de
296 4934 414 5000 Leziacc,
431 4948 446 4985 a
461 4950 514 5003 quo
528 4934 644 4991 divortio
660 4938 792 5005 sejnncta,
809 4946 903 5008 postea

109 5007 215 5072 Pontio,
232 5007 340 5060 Tolosae
355 5003 449 5060 comiti
465 5005 563 5073 nupsit

146 5077 203 5147 (li)
219 5077 380 5134 Arelatensi
390 5075 496 5131 comiti.
511 5077 621 5133 llcctius
626 5077 743 5147 ,Hugoni
753 5094 767 5132 a
778 5078 900 5136 Leziaco.

147 5150 204 5218 (te)
217 5150 475 5204 Barcinoaearem..
481 5149 638 5204 .eomitem.
648 5149 837 5220 Rayrnnndum
850 5153 901 5207 Bc-

110 5219 299 5288 rengariuml,
316 5219 442 5273 comitem
461 5207 702 5275 barcinonensem.

145 5291 201 5351 (19)
217 5291 338 5359 laeena
353 5307 375 5344 s.
393 5291 420 5344 d.
436 5308 472 5354 ιι,
490 5293 627 5360 aaimi,l.

145 5364 153 5418 t
157 5363 200 5421 ιθ)
217 5360 428 5415 caturcensem
453 5360 562 5429 Querci.

144 5433 201 5496 (51)
217 5431 276 5484 Non
290 5430 480 5487 rnediocriter.
491 5449 513 5488 c
528 5435 555 5488 d
567 5449 590 5488 e
597 5432 897 5507 ,immotaequaaturm

110 5517 132 5555 s
150 5500 179 5564 1.,
194 5500 416 5566 inirrrmeasura,
432 5517 459 5556 a.

136 5541 337 5699 (51))1ιι1116ιι
348 5574 478 5628 murciae
487 5579 616 5655 neptem
625 5574 713 5643 ulau,
727 5591 776 5632 seu
786 5576 899 5645 Helena,

111 5642 134 5701 0
165 5657 226 5699 onis
240 5641 508 5714 iburgundiaducis
525 5660 615 5706 soror,

957 4869 985 4925 d.
1002 4875 1057 4924 et

992 4942 1189 5010 (ttetAreee
1209 4943 1300 5012 pirate,
1317 4955 1343 4994 a
1361 4955 1421 4994 s..c
1438 4938 1465 4994 d.
1482 4937 1503 4993 l.

992 5014 1048 5081 (57)
1064 5012 1153 5084 Occup
1156 5016 1264 5067 ararat.
1275 5027 1300 5065 a
1312 5010 1339 5064 d.
1351 5028 1376 5065 c.
1388 5010 1418 5075 t.,
1441 5013 1678 5082 rinocaapoocrut
1687 5027 1710 5064 s
1722 5026 1749 5065 c

992 5019 1048 5152 (56)
1064 5085 1227 5138 Peccata-no.
1241 5100 1263 5136 s
1281 5082 1395 5145 c.d..,e
1400 5029 1542 5148 literaria,
1559 5097 1587 5135 a.
1606 5081 1627 5134 l.

993 5156 1050 5224 59)
1065 5156 1223 5209 beurterc
1244 5153 1271 5208 d.
1288 5168 1325 5212 e.
1347 5123 1460 5218 (ιη’(ιιι,
1476 5166 1536 5207 as.
1554 5152 1575 5206 Ι.

991 5228 1047 5295 (oo)
1064 5225 1200 5280 Cassaas.
1215 5238 1241 5278 a.
1254 5224 1282 5280 (1.
1295 5239 1319 5278 e.
1332 5223 1361 5288 1.,
1374 5240 1458 5279 carra
1480 5225 1600 5295 sachar,
1616 5240 1658 5291 s.,
1671 5241 1755 5281 caera

955 5299 1033 5359 suat,
1050 5311 1065 5350 c
1081 5298 1118 5358 t.,
1134 5299 1271 5359 cassatus,
1288 5311 1303 5349 c
1318 5300 1344 5352 Ξ.

991 5369 1049 5439 (61)
1064 5367 1197 5422 Naturali
1213 5408 1219 5420 .
1234 5366 1265 5419 d.
1286 5382 1321 5430 c.‚
1339 5367 1446 5429 eratali,
1463 5383 1489 5422 a.
1505 5383 1528 5421 s.
1547 5382 1572 5423 c.
1590 5366 1608 5421 l.

992 5439 1047 5506 (59)
1066 5439 1207 5493 dictitatis.
1228 5436 1254 5490 d.
1271 5453 1308 5502 e,
1326 5438 1417 5490 omitt.
1435 5437 1461 5490 in
1477 5453 1538 5492 as.
1555 5453 1582 5495 c.
1599 5439 1617 5493 l.

993 5509 1052 5580 (69)
1069 5509 1155 5578 Quiri.
1175 5522 1203 5562 a.
1223 5524 1246 5562 c.
1265 5506 1295 5562 d.
1315 5524 1342 5563 e.
1360 5507 1391 5573 l..
1408 5509 1484 5580 quio,
1500 5525 1524 5565 a.
