3750 6000
178 238 249 296 asan
637 218 821 288 'wunsam
842 232 1174 291 menusanumsttsrs
1193 233 1352 294 nossem
1763 238 1830 298 assa

172 371 255 436 caput
274 361 369 419 attolit.
395 359 531 432 Quocirca
554 357 752 414 Normauniam
776 358 973 414 Belssmitanns
986 359 1015 419 Α
1029 358 1089 431 (22)
1102 358 1203 430 pietate
1225 361 1355 418 fluctuare
1366 361 1548 434 permitteret:
1565 369 1593 418 et
1610 362 1737 434 proiecto
1753 378 1829 420 com-

171 452 294 519 veniens,
311 459 338 508 et
352 460 414 507 tunc
428 458 455 506 et
473 448 603 519 deinceps
619 445 714 501 babuit
728 446 902 518 malignitatis
916 463 972 504 sum
1027 464 1111 505 mune
1125 450 1298 507 commodum
1322 459 1348 507 et
1362 451 1459 523 pietas,
1481 450 1595 523 privato
1622 451 1831 509 necessitudinis

172 542 330 613 complices,
346 540 433 610 et(ne
456 553 553 610 parurn
569 536 718 605 videretur)
746 535 843 591 illices.
873 538 904 591 ln
929 536 972 591 bis
1027 536 1135 604 intuitu,
1148 545 1225 611 terga
1239 539 1389 608 dedissent,
1410 539 1463 595 nisi
1477 539 1676 614 (rrtaiunt[28])
1693 541 1830 598 Pascbalis

172 638 228 688 erat
238 629 393 686 Willelmus
405 643 498 685 eomes
514 624 662 694 bloretolii)
678 622 751 679 itlius
766 625 973 698 Roberti,regis
1027 626 1195 697 apostolicus
1210 627 1376 685 dubitantem
1391 629 1426 685 ad
1441 629 1493 686 lroe
1508 644 1575 701 opus
1591 628 1715 700 epistolis
1736 631 1829 703 impel-

171 717 272 791 patrui.
297 717 324 772 ls
347 733 456 788 semper
480 731 496 770 a
515 729 600 786 puero
615 711 727 768 Henrini
743 712 838 786 qloriae
852 712 970 781 invidus,
1027 714 1111 779 leret;
1127 728 1300 784 asseverans,
1322 718 1447 774 facundia
1469 732 1523 789 qua
1542 719 1662 793 rigebat,
1687 735 1744 776 non
1771 720 1829 778 tora

169 816 227 864 turn
243 807 359 862 manime
373 806 400 860 io
416 805 535 860 adventu
550 801 704 858 Normanni
724 817 836 873 pravum
851 801 972 857 animum
1027 802 1108 860 civile
1121 804 1233 870 bellum,
1249 806 1297 862 sed
1313 806 1445 878 praeclare
1458 808 1541 877 625
1562 807 1660 880 patriae
1674 809 1827 881 praedican-

170 896 266 951 extulit
282 913 288 950 :
305 893 449 950 nonenim
476 898 620 948 contentus
649 890 759 945 duobus
787 889 970 957 eomitatibus,
1026 892 1092 947 dum
1111 893 1344 951 emolumentum.
1373 896 1466 967 ltaque
1494 896 1692 953 Normanuiam
1717 897 1827 955 veniens

170 983 305 1041 Moretolii
332 983 360 1038 in
388 981 562 1046 Normannia,
596 978 770 1051 Cornugaliae
803 978 829 1033 in
864 979 971 1051 anglia,
1026 979 1106 1037 brevi
1119 991 1202 1039 totam
1216 984 1298 1056 cepit,
1315 983 1357 1040 val
1383 985 1473 1056 potius
1500 985 1612 1057 recepit,
1642 986 1772 1042 omnibns
1793 987 1827 1044 sd

169 1075 328 1130 comitatum
343 1071 456 1138 Cantiae,
472 1086 552 1143 quem
572 1067 632 1123 Ode
656 1076 768 1139 patruus
796 1067 972 1134 habuerat,a
1026 1071 1086 1142 ejus
1100 1071 1253 1127 dominium
1273 1073 1483 1141 contineutibus,
1513 1081 1541 1128 ut
1563 1073 1645 1131 tesso
1671 1075 1824 1147 provincie,

168 1178 236 1234 repe
250 1161 396 1233 exigebat;
411 1160 530 1216 infestus
540 1164 567 1212 et
579 1156 722 1227 improbus
737 1155 816 1224 adeo,
832 1163 861 1212 ut
875 1155 972 1211 infami
1027 1161 1122 1233 vigore
1138 1178 1190 1233 quo
1218 1161 1348 1233 pollebat,
1378 1163 1543 1219 consuleret.
1573 1164 1635 1219 Non
1660 1165 1825 1221 tamensim

169 1250 326 1323 arrogantia
340 1266 370 1306 se
384 1249 527 1304 devotaret
546 1261 599 1301 non
622 1244 777 1300 induturum
800 1244 971 1316 chlamydem
1026 1249 1269 1321 sanguinolentam
1283 1250 1427 1307 victoriam
1446 1267 1652 1319 consummans,
1679 1253 1780 1311 multos
1793 1269 1824 1310 ex

168 1341 363 1412 nisiapatruo
378 1339 417 1409 (ut
431 1334 581 1403 dictitabat)
598 1332 649 1388 sibi
665 1334 784 1389 sclusam
813 1349 969 1407 conseque·
1025 1339 1190 1394 charissimis
1212 1339 1318 1395 amisit:
1348 1339 1421 1395 inter
1439 1356 1509 1413 quos
1532 1341 1683 1413 bogerium
1706 1342 1742 1398 do
1765 1343 1824 1399 Glo-

166 1427 449 1486 relnrhaeredilnleffi·
467 1424 524 1479 Sed
540 1431 604 1478 11¹ssss
620 1422 742 1494 quidem,
767 1423 969 1494 ⁸11⁸pensinnl·
1024 1435 1125 1499 cestra,
1152 1429 1296 1500 probatum
1329 1429 1451 1496 militem,
1474 1430 1502 1485 in
1530 1431 1695 1487 obsessione
1729 1431 1823 1487 Falesii

167 1517 271 1573 liditate
299 1513 435 1585 responsi,
452 1514 596 1568 frustratus
611 1518 653 1567 est
673 1528 721 1566 rex
742 1511 969 1582 prudentissimus
1023 1517 1193 1572 arcubalistae
1208 1518 1281 1588 jactu
1291 1517 1318 1573 in
1333 1519 1422 1590 capite
1433 1535 1611 1590 percussum:
1628 1527 1761 1591 praeterea
1773 1520 1822 1577 llo·

166 1606 321 1663 bominem:
339 1602 545 1658 discussissem
560 1599 723 1665 turbinibus,
733 1615 884 1672 serenoque
891 1599 967 1671 pacis
1021 1606 1128 1662 bertum
1136 1605 1221 1662 filiurn
1232 1607 1366 1663 Hamonis
1379 1607 1447 1678 (ill),
1457 1608 1504 1680 qui
1513 1616 1594 1665 conto
1604 1608 1675 1665 ictus
1688 1618 1820 1680 tempora,

167 1695 274 1751 reddito
296 1693 363 1762 (20),
388 1708 443 1747 non
464 1690 550 1747 solum
567 1706 629 1762 quae
651 1688 763 1760 petebat
786 1704 841 1744 nnn
860 1690 966 1758 annuit,
981 1718 1009 1778 B
1022 1694 1217 1768 hebetatusque
1231 1696 1351 1768 ingenio,
1363 1712 1418 1752 non
1433 1699 1598 1769 pennotti),
1610 1705 1733 1770 tempore
1746 1697 1822 1772 qnasi

166 1800 261 1851 verum
275 1779 493 1838 eliamindebite
508 1786 611 1834 retenta
628 1786 752 1850 repetere
774 1778 875 1849 ooepit;
906 1794 969 1834 mo·
1024 1792 1118 1855 captus
1133 1785 1394 1856 mentesupervixit.
1418 1786 1514 1843 llerito
1536 1786 1697 1844 mulctatum
1726 1787 1822 1855 ierunt,

168 1875 247 1930 deste
261 1880 351 1927 tamen
368 1877 395 1925 et
414 1867 537 1939 judiciali
556 1867 666 1939 placito,
683 1876 711 1921 ut
734 1865 799 1921 nihil
827 1866 901 1938 quod
929 1866 970 1922 ia·
1023 1874 1106 1949 quod,
1120 1874 1179 1943 ejus
1198 1873 1333 1930 liberandi
1356 1890 1450 1944 causa,
1475 1891 1526 1931 rex
1548 1876 1687 1932 llenricus
1714 1877 1824 1934 Baiocas

166 1965 240 2020 cerat
256 1960 394 2016 videretur
408 1956 543 2014 resultare
561 1957 616 2026 juri
631 1961 658 2011 el
671 1954 814 2012 calcitrare
829 1955 864 2011 ab
878 1970 968 2028 aequo.
1023 1963 1157 2019 civitatem
1168 1979 1232 2018 eum
1246 1962 1388 2035 principali
1403 1963 1521 2020 ecclesie
1535 1964 1645 2037 ignibus
1658 1964 1822 2037 absumpse.

167 2053 245 2107 Tunn
259 2065 323 2107 vero
335 2047 500 2114 Willelmns,
523 2044 660 2101 sententia
683 2043 778 2113 judieii
806 2051 969 2115 expunctus,
1024 2051 1075 2107 rit:
1092 2053 1140 2107 sed
1155 2052 1270 2124 utrique,
1287 2055 1316 2107 ut
1330 2068 1484 2123 speramus,
1501 2053 1642 2126 purgabile
1660 2053 1731 2118 sup„
1761 2069 1823 2111 mm

169 2137 393 2213 indignabundus
422 2144 450 2191 θῑ
478 2134 599 2190 fremens
621 2131 818 2189 Normnnssinm
835 2133 901 2188 nbiil
917 2134 965 2204 (n.
1025 2148 1052 2197 et
1065 2140 1229 2197 detrimenta
1257 2140 1379 2197 ecclesiae
1410 2158 1458 2198 rex
1487 2141 1600 2198 mirifice
1627 2142 1781 2209 resarcivit,
1796 2151 1823 2199 et

169 2230 203 2284 D·
223 2227 303 2298 ¹¹04)
316 2242 321 2280 ἱ
335 2225 382 2293 ibi,
395 2232 493 2296 praeter
510 2224 629 2278 1881111118
645 2238 712 2294 <1⁰0⁵
740 2221 825 2295 legiis
853 2221 971 2278 castellis
1024 2229 1161 2286 liebertus
1183 2229 1378 2285 monasterium
1414 2231 1630 2289 Tbeoohasbiriae
1649 2247 1702 2287 suo
1729 2231 1822 2289 favore

170 2316 261 2373 irritus
289 2315 403 2379 secerni,
421 2313 448 2368 in
462 2311 609 2369 Ricardum
632 2327 739 2385 qnoque
768 2310 895 2367 comitem
917 2312 971 2367 Ce-
1025 2334 1080 2373 non
1094 2316 1173 2373 facile
1189 2324 1343 2374 memoratu
1359 2325 1489 2389 quantum
1505 2319 1641 2390 exaltavit,
1655 2319 1704 2376 ubi
1718 2328 1744 2377 et
1763 2319 1824 2376 asdi-

171 2413 316 2473 Silenseffla
351 2402 475 2476 H⁰ss⁰¹¹i⁵
506 2400 600 2468 filium·
629 2401 819 2467 debicsshfllusl
840 2399 972 2456 nonnulle
1026 2406 1143 2463 ficiomm
1160 2407 1254 2474 decor,
1270 2408 1647 2475 etmonachorumebaritas,
1672 2407 1822 2464 adventan-

170 2495 292 2568 partibus
307 2495 366 2563 ejus
387 2490 551 2563 (ΙΨΘῙΠῙῑῦἱει
579 2489 687 2557 inlisit,
715 2488 828 2560 cllpssib
851 2487 966 2544 abnnsil·
1025 2496 1093 2551 tium
1107 2495 1176 2567 rapit
1191 2494 1285 2551 oeulos
1300 2503 1325 2551 et
1341 2494 1424 2552 allicit
1445 2497 1560 2553 animos.
1580 2497 1686 2553 Horum
1714 2496 1825 2569 dispes-

169 2585 236 2640 Etnl
246 2583 292 2639 ille
306 2591 370 2637 lunc
387 2597 437 2651 nro
452 2587 531 2636 aelale
547 2577 686 2650 Pflrvultn,
702 2586 729 2633 el
756 2577 831 2650 regis
855 2576 918 2634 fidei
933 2585 973 2631 ln·
1025 2584 1101 2640 dium
1116 2592 1144 2639 ut
1158 2583 1265 2640 fortuna
1276 2586 1404 2653 sarciret,
1417 2600 1553 2641 summam
1563 2601 1674 2642 manum
1684 2585 1825 2658 ingruente

174 2674 291 2744 telaeque
311 2667 542 2726 accommodatus.
1026 2673 1100 2729 bello
1116 2673 1262 2745 imposuit;
1292 2672 1500 2744 venientemque
1528 2684 1622 2730 eontra
1643 2690 1673 2731 se
1696 2690 1758 2731 cnm
1773 2689 1826 2730 non

217 2775 300 2842 624
315 2772 328 2842 ᾗ
342 2770 403 2825 398.
416 2772 460 2839 (Α.
477 2770 510 2826 D.
528 2769 609 2839 1106)
624 2767 657 2822 Hi
668 2783 734 2839 ergo
748 2768 813 2836 duo,
827 2767 973 2824 factionum
1026 2762 1227 2819 contemnanda
1243 2778 1323 2818 manu
1337 2761 1463 2831 fratrem,
1478 2771 1505 2819 el
1518 2762 1688 2819 Willelmum
1701 2764 1827 2820 camitem

172 2862 271 2933 capita,
296 2857 474 2914 rebellionum
496 2857 644 2925 incentiva,
673 2872 733 2910 enm
758 2855 818 2911 aliis
837 2871 972 2927 quosne·
1028 2850 1170 2920 ltoremlil,
1189 2859 1216 2906 et
1232 2851 1379 2906 liobertum
1399 2850 1528 2918 bolesmi,
1558 2851 1654 2908 ditioni
1670 2853 1730 2921 eius
1758 2847 1828 2910 incili

172 2950 277 3005 minare
292 2946 385 3019 pudet,
400 2946 514 3016 patriam
530 2943 750 3016 populationibus
764 2944 815 3000 late
831 2945 974 3001 contrista·
1027 2955 1112 3010 opera
1127 2939 1297 2995 contradidit.
1312 2940 1371 2995 Hoc
1386 2940 1485 2996 bellurn
1501 2948 1590 2996 actum
1613 2946 1654 2996 est
1679 2940 1754 3012 apud
1776 2941 1827 2996 Τε-

171 3043 245 3096 bant.
278 3035 570 3105 consumebanturque
602 3033 779 3104 frequentes,
814 3033 863 3088 sed
887 3049 971 3090 eussoe
1026 3027 1199 3093 nerelrebrei,
1223 3028 1365 3084 castellum
1389 3027 1495 3083 comitis
1528 3027 1733 3098 bloritoliensis,
1763 3027 1828 3084 Sab-

175 3127 248 3200 apud
263 3124 390 3183 comitem
407 3122 530 3196 querelae
553 3120 762 3194 provincialium
784 3121 819 3178 de
843 3077 1009 3178 violentiaC
1026 3117 1090 3172 bate
1105 3117 1162 3188 (ib)
1177 3115 1205 3171 in
1220 3117 1307 3173 sancti
1322 3115 1460 3172 blicbaelis
1475 3115 1594 3189 virgilie.
1605 3116 1682 3173 ldem
1694 3117 1753 3173 dies
1768 3124 1829 3173 ante

174 3215 353 3274 clamantium
370 3227 376 3261 t
392 3211 555 3268 movebatur
569 3210 612 3266 bis
635 3210 771 3275 ille;sed
799 3209 885 3267 rebus
913 3211 971 3267 suis
1027 3204 1207 3277 quadraginta
1229 3204 1339 3261 circiter
1349 3220 1435 3260 annos
1463 3205 1562 3273 fuerat,
1592 3220 1654 3261 cum
1670 3204 1826 3261 willelmus

172 3307 284 3362 timens.
312 3319 347 3359 ne
373 3299 527 3359 exacerbati
557 3300 615 3368 eius
649 3299 849 3371 interpolarent
877 3299 972 3369 otium,
1027 3295 1173 3366 liastingas
1201 3294 1305 3366 primus
1332 3294 1450 3366 appulit;
1484 3293 1599 3365 provido
1627 3293 1745 3349 forsitan
1777 3293 1825 3350 bei

173 3393 373 3451 dissimulabat.
390 3396 424 3446 Al
438 3405 505 3446 vero
520 3405 570 3444 rex
584 3388 730 3456 ilenricus,
750 3403 802 3460 pro
821 3387 911 3443 fratris
933 3388 974 3444 in·
1024 3382 1140 3452 judicio,
1158 3389 1186 3437 ut
1200 3397 1233 3438 eo
1256 3382 1301 3438 die
1329 3382 1491 3438 subderetur
1512 3382 1619 3455 anglise
1642 3381 1827 3451 Normannia,

173 3482 267 3553 samia,
292 3496 373 3552 quam
399 3477 553 3534 cumulabat
577 3478 671 3548 patria
702 3475 823 3544 miseria,
852 3476 975 3533 dolorem
1028 3486 1081 3543 quo
1095 3471 1129 3526 ud
1143 3487 1204 3526 eam
1219 3470 1424 3544 subjugandam
1438 3471 1504 3526 olim
1521 3478 1633 3528 venerat
1655 3471 1829 3528 Normanna·

175 3578 362 3627 transeuntem
401 3568 470 3624 ierne
499 3564 644 3636 nequibat:
672 3565 783 3622 umdele
811 3573 838 3621 et
867 3581 883 3621 a
911 3565 975 3621 boni
1028 3576 1089 3616 rum
1105 3560 1130 3630 6
1138 3562 1188 3630 26
1206 3560 1298 3631 eopia.
1315 3560 1416 3632 Captus
1430 3563 1471 3616 ast
1493 3559 1531 3615 ibi
1563 3575 1656 3617 comas
1685 3560 1828 3628 laurentii,

174 3658 306 3733 principis
324 3655 414 3713 allicio
428 3656 510 3726 longe
519 3670 581 3710 esse
608 3669 779 3726 permensus,
805 3653 877 3726 quod
899 3653 976 3726 impii
1030 3649 1076 3723 qui
1092 3664 1125 3705 en
1139 3656 1250 3705 venerat
1264 3648 1412 3705 studiosam
1426 3648 1468 3704 sni
1483 3663 1594 3718 operam
1609 3647 1758 3720 oppidanis
1769 3648 1828 3722 pul·

176 3742 596 3818 hominespaupemmsortunis
618 3742 769 3814 ingluviem
798 3759 975 3816 suamurga·
1029 3737 1128 3805 licitus,
1145 3737 1266 3793 simulet
1289 3737 1402 3808 injurias
1430 3738 1592 3794 sussultum
1619 3737 1653 3792 iri
1683 3754 1827 3810 sperans3

174 3838 241 3894 bant
253 3837 318 3906 (tl).
335 3837 430 3906 ltaque
447 3834 558 3888 fratrem
570 3832 604 3888 ad
619 3848 648 3888 se
662 3832 778 3890 accitum
791 3833 820 3887 iu
847 3832 976 3904 lingnam
1030 3827 1079 3883 sed
1093 3825 1212 3898 (utdixi)
1225 3843 1341 3899 prensus
1369 3827 1437 3897 (il),
1465 3825 1597 3898 squaloris
1626 3828 1749 3883 carcerei
1777 3835 1829 3883 tota

177 3923 262 3983 semel
277 3923 375 3979 blande
389 3922 491 3990 verbis,
509 3927 573 3993 post
587 3937 654 3977 vero
668 3922 695 3975 in
720 3921 917 3978 Normonuiam
932 3936 978 3977 ve·
1029 3917 1085 3974 vita
1099 3916 1251 3972 accolatum
1262 3915 1382 3987 aceepit:
1398 3914 1544 3971 vivacitate
1558 3915 1659 3971 mentis
1683 3922 1711 3971 et
1726 3914 1828 3974 alcari-

176 4015 256 4071 niens
266 4029 321 4068 non
334 4012 420 4068 semel
435 4010 506 4066 dure
520 4008 608 4076 bellis,
634 4009 773 4065 admonuit
788 4018 816 4065 ut
838 4009 976 4077 comitem,
1030 4012 1084 4061 tote
1096 4004 1245 4075 juventutis
1258 4003 1381 4061 nonnihil
1395 4004 1558 4072 laudandus,
1580 4003 1630 4060 sed
1653 4019 1705 4076 pro
1719 4002 1828 4077 perfidis

175 4120 231 4161 non
245 4102 417 4167 monachum,
432 4107 544 4172 agerem
561 4113 625 4153 nam
639 4107 665 4153 et
678 4098 812 4155 incentori
836 4098 978 4155 Willelmo
1031 4093 1112 4150 finem
1127 4109 1253 4165 asperum
1268 4094 1409 4150 emeritus.
1428 4094 1464 4149 Et
1474 4101 1537 4150 tune
1550 4092 1661 4165 quidem
1675 4092 1828 4150 belesmen·

176 4192 269 4250 omnia
283 4205 341 4263 quae
359 4189 479 4244 habebat
500 4187 527 4241 in
550 4185 650 4258 anglie
669 4186 791 4253 abstulit,
814 4186 924 4242 castella
943 4185 978 4242 ad
1031 4183 1107 4239 eisin
1120 4183 1181 4255 ipso
1195 4183 1259 4239 belli
1274 4183 1453 4254 (iblaxordio
1467 4190 1584 4239 mortem
1608 4181 1681 4239 cavit
1709 4181 1826 4256 eb'uqim

176 4282 265 4338 solum
293 4275 484 4350 complanavit.
515 4274 569 4330 Sed
594 4290 655 4331 eum
670 4275 706 4330 ad
721 4291 815 4346 pacem
829 4274 899 4330 nibil
913 4290 977 4347 pro·
1031 4271 1081 4328 sed
1096 4271 1163 4327 dum
1179 4272 1353 4343 postmodum
1375 4269 1550 4328 clandestinis
1563 4269 1829 4344 sactionibnsregem

178 4376 311 4435 moveret,
327 4367 373 4423 diu
388 4364 584 4421 deliberatione
597 4363 703 4420 consilii
723 4364 802 4436 regis
825 4364 978 4421 sublimitas
1032 4360 1175 4427 irritasset,
1192 4361 1291 4432 etipse
1317 4368 1414 4434 eaptus
1442 4366 1602 4417 caeterorum
1629 4357 1773 4416 involutus
1791 4364 1830 4415 est

180 4459 256 4515 curis
269 4462 363 4528 peetus
377 4454 508 4520 exercuit,
524 4460 613 4508 utrum
629 4451 755 4509 fraternae
769 4453 977 4511 necessitudinis
991 4435 1018 4496 D
1033 4449 1165 4524 periculo,
1181 4449 1216 4505 ad
1231 4453 1347 4506 mortem
1356 4457 1488 4523 perpetuo
1496 4448 1620 4505 inclusus
1629 4447 1829 4521 auguratores)

179 4545 279 4602 oblitus
301 4543 417 4618 patriam
449 4539 599 4598 discrimini
619 4540 749 4614 eriperet,
771 4557 807 4597 an
834 4541 981 4598 indisereta
1035 4542 1077 4611 (Α.
1095 4538 1130 4593 D.
1147 4539 1239 4610 lala).
1255 4539 1304 4594 Vir
1318 4554 1367 4611 pro
1381 4537 1568 4610 incompositis
1592 4536 1715 4594 moribus
1738 4534 1830 4593 intole·

220 4799 276 4869 (20)
291 4798 445 4867 Sereaoqae
453 4794 533 4868 pacis
543 4791 666 4852 reddite.
686 4810 712 4850 c.
728 4793 755 4850 d.
772 4809 797 4850 e.
813 4794 844 4863 1.,
862 4810 981 4853 serena·
1035 4798 1122 4856 reodo
1140 4799 1253 4865 fecerat,
1270 4814 1390 4873 regnum
1405 4796 1548 4855 invaserit.
1563 4794 1683 4854 Ernesti
1698 4794 1765 4869 quis
1789 4794 1828 4853 el·

184 4886 236 4946 qne
250 4885 319 4944 poce
333 4869 443 4924 reddite
459 4882 480 4920 s.
1033 4871 1095 4926 dem
1116 4872 1208 4928 comiti
1222 4871 1354 4927 debemus
1377 4870 1517 4935 auxilium,
1560 4883 1593 4924 ro
1610 4868 1751 4924 laboribus
1764 4881 1828 4940 quos

220 4943 276 5013 (bl)
290 4941 434 5006 Urqebnat.
444 4936 547 5018 ¹Confer
557 4934 680 4991 Malloea.
693 4935 827 5008 Deqeslis
836 4938 978 5010 pontific,
1034 4942 1060 4997 in
1076 4942 1183 4999 nsiauae
1199 4943 1326 4999 Ecclesiae
1341 4942 1501 4999 liberatione
1516 4885 1664 5006 laboravit,
1678 4962 1691 4989 ι
1701 4939 1827 5011 eledan-

183 5014 230 5070 lin.
248 5030 266 5075 ι,
281 5027 308 5080 n.
326 5012 391 5072 aniz
408 5007 471 5064 edn-
495 5007 618 5061 Francos.
635 5007 717 5061 1001·
1033 5012 1112 5069 selme
1126 5012 1178 5085 ορ.
1192 5029 1259 5069 nov.
1275 5014 1338 5068 odra.
1350 5028 1378 5082 p.
1394 5015 1456 5077 aaa,
1472 5010 1524 5068 col.
1541 5013 1583 5080 a)

218 5084 277 5155 (aa)
291 5081 456 5137 indiscreta.
471 5096 495 5133 c.
511 5078 541 5132 d.
561 5094 589 5131 e.
608 5079 644 5145 1.,
664 5078 851 5135 eadberctum
865 5096 888 5136 s.
1069 5084 1125 5155 (ill)
1142 5085 1299 5152 liebertum,
1314 5086 1408 5153 filium
1425 5079 1566 5140 demonis.
1588 5080 1656 5138 Filia
1668 5081 1728 5154 ejus
1742 5081 1828 5140 asbi-

219 5157 277 5223 (23)
294 5154 325 5210 tlt
341 5152 435 5206 aiant.
452 5148 531 5203 Nulla
546 5156 637 5203 extant
652 5150 766 5222 vestigia
787 5150 859 5205 illius
883 5152 983 5208 exhor·
1037 5153 1154 5210 liauxor
1168 5157 1239 5211 seete
1253 5165 1293 5212 est
1315 5154 1435 5220 lloberti,
1468 5154 1579 5211 comitis
1607 5153 1828 5222 Gloeestrieneia

184 5224 294 5280 tattonis
306 5223 332 5276 in
348 5220 469 5292 epistolis
482 5220 620 5275 Poscbalis
634 5235 712 5291 papae
725 5220 759 5275 ad
787 5237 883 5292 regem
906 5225 982 5278 Hen·
1037 5225 1081 5282 cui
1095 5226 1345 5283 blalmesburieusis
1360 5227 1497 5296 hocopus
1511 5225 1689 5298 nuncupavit.

184 5294 281 5350 mcum.
311 5293 449 5347 l'asebalis
477 5290 597 5362 quidem,
627 5291 830 5362 archiepiscopo
853 5294 983 5351 anselmo
1071 5297 1118 5352 (25
1148 5300 1290 5365 Paucas.
1310 5312 1338 5354 c.
1358 5298 1391 5352 d.
1410 5301 1469 5354 eb.
1489 5296 1525 5365 l.,
1560 5299 1709 5361 πηοί.

182 5364 318 5426 scribens,
343 5363 419 5430 jubet
442 5378 503 5417 oum
532 5361 645 5434 gratiam
674 5378 769 5434 regem
798 5365 983 5420 interstira-
1071 5355 1117 5433 (26
1153 5367 1282 5425 sabbato.
1309 5369 1341 5424 S.
1369 5367 1506 5424 llicbselis
1533 5313 1596 5424 (ἔδει
1619 5365 1718 5440 rimas
1736 5370 1774 5426 Δ.
1791 5367 1826 5424 b.

184 5445 251 5490 trem
275 5434 335 5501 ejus
354 5447 529 5502 componere.
561 5434 600 5487 lta
626 5433 738 5488 scribit:
762 5457 772 5482 u
791 5432 984 5507 significamus
1037 5438 1105 5493 1th
1119 5437 1163 5494 die
1179 5438 1292 5494 Veneris
1306 5438 1444 5495 celebrata
1458 5445 1510 5495 est.

183 5503 323 5562 dilectioni
346 5511 409 5568 tum,
437 5502 658 5558 Normannorum
698 5506 824 5560 comitem
856 5514 983 5577 questum
1072 5509 1117 5579 (11
1145 5511 1319 5567 Paestana.
1338 5525 1367 5566 e.
1385 5511 1423 5578 1.,
1439 5525 1562 5583 pressas,
1578 5509 1696 5570 s.c.d.

182 5576 266 5649 iapud
280 5589 330 5630 nos
344 5587 403 5628 asse
416 5573 548 5629 adversus
558 5573 706 5647 anglorum
733 5590 837 5648 regem,
861 5576 926 5649 quia
945 5584 983 5648 et,
1083 5512 1131 5724 28}
1143 5580 1223 5636 aetat.
1235 5596 1264 5636 a.
1279 5595 1308 5636 c.
1325 5580 1357 5636 d.
1377 5595 1407 5637 e.
1427 5581 1464 5648 1.,
1475 5581 1562 5638 omitt.
1574 5582 1603 5638 in
1616 5598 1646 5639 s.

176 5655 255 5714 reeta
277 5652 449 5704 sacramento
466 5643 539 5719 qnod
552 5644 579 5700 ei
591 5658 645 5718 pro
657 5646 757 5723 eodem
778 5661 870 5725 mque
885 5649 982 5723 acqui·
1085 5652 1118 5709 19
1144 5651 1206 5725 lpse
1219 5655 1520 5730 captare...er9nssute.
1533 5653 1667 5714 armeus
1679 5653 1830 5716 samm
