3750 6000
63 225 111 280 tet
689 212 864 270 aristone
883 211 928 267 El*
948 207 1161 267 tntvttncta.
1672 210 1723 266 112

60 346 169 403 eradio
199 342 369 417 quibuslibet
392 336 579 397 occasionibus
612 337 747 408 exigetur,
782 328 910 395 solvisti
959 329 1019 400 Ego
1031 329 1211 399 innocentius,
1238 327 1385 387 Catholicae
1416 326 1547 386 Ecclesia
1569 327 1727 405 episcopus,

60 435 255 511 episcoporum
279 429 379 487 annuis
403 425 574 491 redditibus;
605 422 749 481 ecclesiam
765 429 873 493 quoquc
926 416 1087 490 subscripsi.

61 525 96 579 de
109 522 239 585 Coclers,
254 535 337 592 quam
356 514 512 585 Baldricos,
537 511 724 569 Toruacensis
748 507 873 567 eeclesia
963 507 1062 562 Datum
1077 507 1211 574 Laterani,
1228 525 1279 581 per
1299 523 1412 565 menum
1436 506 1601 581 lleymerici,
1627 517 1728 567 sanctae

60 612 219 684 episcopus,
242 607 403 673 lamberto,
421 604 501 661 boum
521 600 659 659 memoriae
673 598 774 666 abbati,
798 596 873 653 suis·
927 590 1059 646 Romanae
1078 590 1209 648 Ecclesiae
1229 592 1335 648 diaconi
1350 590 1496 648 cardinalis
1511 599 1538 646 et
1560 592 1728 659 cancellarii,

61 716 113 772 que
131 690 354 754 suecessoribus
369 691 559 753 ordinandam.
581 706 633 745 uua
659 705 721 744 eum
741 685 822 743 altari
838 684 872 741 de
926 686 1006 733 sexto
1021 678 1083 733 lial.
1104 680 1178 747 lleii,
1194 680 1342 737 indictione
1358 680 1487 748 secunda,
1512 680 1663 737 Dominicae
1683 682 1728 737 in-

59 787 183 853 dusiato,
200 785 277 841 omni
291 782 432 841 exactione
448 781 561 836 liberam
579 777 679 845 tribuit,
701 784 801 850 prater
825 773 873 829 de·
926 766 1092 824 carnationis
1112 783 1183 824 auno
1212 768 1291 836 1131,
1320 766 1492 842 pontificatus
1519 775 1609 825 autem
1633 770 1730 831 domni

59 887 120 928 cem
147 867 253 925 solides
267 867 451 930 denariorum,
469 863 525 939 qui,
554 861 671 936 singulis
710 859 799 921 aunis,
838 857 873 912 de

60 961 184 1027 lluslete,
205 956 337 1029 episeopo
358 953 566 1028 persolvuntur;
593 956 679 1007 totum
704 948 786 1005 etiam
812 943 873 1003 atrii

60 1050 182 1121 spatium
198 1046 271 1119 quod
287 1043 322 1098 ab
341 1042 415 1099 omni
430 1050 506 1115 parte
522 1038 643 1096 basilicae
657 1047 757 1096 restrae
784 1051 873 1108 usque

61 1138 97 1193 ad
114 1134 239 1192 medium
255 1131 395 1206 Aguinnis
421 1128 495 1187 llurii
516 1142 628 1186 cursum
641 1126 792 1199 interiacet,
807 1140 872 1182 cum

59 1223 188 1298 piscariis
208 1225 284 1279 llere
304 1229 331 1277 et
350 1221 447 1284 Grntb,
470 1216 575 1276 llardic
598 1225 625 1274 et
647 1218 825 1289 stranguere,
846 1222 873 1271 et

61 1314 177 1386 langha
200 1317 228 1368 et
250 1310 334 1367 terris
355 1308 559 1381 adjacentibus,
583 1304 661 1363 cultis
685 1303 731 1361 rel
753 1300 872 1376 incultis,

61 1400 131 1455 sicut
161 1396 317 1468 antiquitus
343 1392 527 1466 possedistis;
556 1394 656 1447 lterum
689 1389 717 1444 iu
743 1388 873 1460 parocbia

63 1485 246 1552 furconensi,
278 1483 423 1541 eudesism
447 1483 482 1538 de
515 1480 644 1548 oxelara,
668 1477 815 1536 aeclesiam
837 1475 872 1533 de

64 1575 248 1642 l'uarnestim,
273 1572 420 1630 ecclesiam
444 1573 551 1628 Sauctae
570 1569 670 1634 blariae,
692 1585 754 1639 qum
772 1566 872 1623 dicitur

61 1664 209 1739 Eggdrid
230 1662 347 1734 capella,
370 1660 515 1719 ecclesiam
534 1659 569 1715 de
588 1658 773 1714 Heresberlc.
797 1656 870 1747 811]-1
886 1685 913 1745 Β

62 1755 241 1827 rogationem
270 1752 354 1808 etiarn
385 1748 493 1805 abbatis
520 1748 549 1803 in
581 1746 748 1803 monasterio
780 1745 873 1801 sanan

61 1843 159 1899 Silriui
187 1840 262 1913 apud
296 1839 446 1904 salciacum,
472 1837 550 1906 juxte
585 1834 715 1908 praeteriti
742 1833 873 1905 temporis

61 1947 179 1997 morem,
197 1932 224 1984 in
250 1936 344 1984 restra
373 1943 483 1998 semper
509 1924 691 1983 concedimus
713 1922 873 1994 dispositio-

63 2037 110 2078 ne.
135 2021 278 2077 Statioaes
293 2032 360 2073 aero
374 2015 500 2087 publicas
523 2014 709 2084 abepiscopo
731 2013 759 2068 iu
777 2010 874 2069 eedem
947 2063 952 2074 ,

62 2108 118 2164 lieri
152 2105 336 2171 monasterio,
378 2104 560 2174 eumdemque
588 2102 746 2173 episcopum
772 2099 876 2156 ibidem

62 2199 231 2273 frequenter
251 2196 359 2262 reuire,
374 2193 428 2249 nisi
446 2193 481 2248 ab
497 2192 598 2249 abbate
613 2200 638 2246 et
653 2190 778 2246 iratribus
792 2204 876 2245 roca·

62 2297 104 2344 tus
131 2286 228 2352 tuerit,
250 2283 363 2343 omniuo
385 2282 573 2355 probibemus.
599 2279 726 2336 Obeuute
747 2293 814 2335 vero
838 2286 874 2355 ta,

62 2392 140 2433 nunc
173 2373 298 2444 ejusdem
334 2371 387 2428 loci
420 2371 531 2440 abbate,
565 2367 657 2424 nullus
688 2367 727 2423 ibi
753 2365 877 2437 qnalibet

64 2461 257 2536 subreptionis
280 2460 380 2516 astutia
394 2458 441 2515 vel
456 2457 592 2515 violantia
616 2463 800 2528 praeponatur,
825 2452 878 2509 nisi

64 2569 146 2625 quem
160 2552 265 2608 iratres
291 2549 429 2607 communi
449 2562 599 2617 consensu,
622 2544 795 2604 reliratrum
812 2559 877 2615 pars

65 2635 176 2693 consilii
201 2633 330 2704 sanioris,
355 2632 506 2691 secuudum
528 2631 579 2687 liei
603 2630 729 2687 timerem
759 2636 786 2686 et
807 2627 878 2684 beati

64 2723 208 2782 Benedicti
228 2722 364 2795 Regulam
379 2720 503 2797 elegerit.
521 2720 665 2778 Sensimus
680 2717 793 2790 insuper
807 2725 835 2773 ut
850 2719 878 2772 in

63 2815 193 2870 omnibus
204 2810 347 2885 paroebiis
364 2810 565 2867 vestrisnullos
575 2807 771 2867 ecclesiamrel
782 2821 878 2862 mona-

63 2904 190 2973 sterium,
199 2902 262 2961 sino
271 2909 504 2968 restroassuusu,
516 2897 651 2957 udibcare
661 2898 704 2955 rel
715 2895 878 2955 aedbmtnm

64 3012 157 3062 tenere
171 3008 342 3074 praesumam
368 2997 513 3070 nullusque
523 2997 664 3069 presbyter
677 2996 736 3053 sira
750 2994 878 3052 eteriano

64 3096 89 3149 in
104 3090 233 3149 ecelesiis
247 3089 292 3146 rel
305 3086 419 3160 capellis
442 3087 552 3154 ratus,
568 3086 628 3142 aine
643 3093 734 3142 amira
748 3099 867 3142 conces·

65 3187 313 3258 benedicendam
327 3186 427 3242 habeat
440 3183 630 3256 permanendi,
653 3183 697 3240 val
715 3183 744 3238 in
768 3183 874 3241 eisdem

64 3280 158 3337 brim
174 3277 322 3336 monis
334 3281 494 3346 praesumat.
509 3273 552 3329 td
567 3272 700 3329 indicium
713 3280 804 3329 autem
819 3271 874 3328 lto-

63 3370 107 3441 jus
119 3373 263 3441 parcamur
276 3381 293 3421 a
307 3366 429 3423 Romana
441 3362 569 3419 Ecclesia
582 3361 729 3429 libertatis,
755 3360 874 3434 singulis

67 3468 156 3535 sanis,
171 3464 285 3523 unciam
304 3462 365 3518 auri
380 3461 463 3517 uobis
483 3469 640 3533 oneraque
660 3459 873 3516 succesoribus

68 3552 249 3628 persolvatis.
268 3549 446 3609 Decea-nimus
464 3565 535 3623 ergo
553 3558 582 3605 ut
600 3549 670 3607 nulli
686 3547 798 3605 omniuo
819 3548 873 3603 be·

68 3645 172 3702 minum
184 3640 356 3701 menidam
375 3638 582 3709 monasterium,
603 3655 687 3711 super
705 3639 758 3696 bac
775 3647 872 3694 nostra

69 3740 250 3800 amnicae
274 3753 309 3796 ac
339 3736 546 3795 confirmatione
565 3745 670 3794 temere
699 3736 870 3810 penurbare,

927 868 1077 926 innocentii
1092 885 1170 943 papae
1185 870 1299 928 secundi
1313 886 1386 928 anno
1402 870 1523 929 decimo.

960 973 1066 1014 sutura
1080 974 1144 1028 nos,
1161 974 1232 1016 uuus
1246 974 1404 1016 saturatus
1418 974 1540 1016 nosran.

1250 1066 1402 1124 CCCXCIX

926 1153 1056 1239 Milonem
1070 1157 1242 1227 episcopum,
1256 1154 1423 1228 Patttppaa
1437 1159 1466 1212 ei
1479 1156 1612 1213 Milonem
1627 1158 1726 1214 arciri-

961 1224 1396 1298 daccenosettetarncapitulam
1407 1224 1600 1296 Morinorum,
1616 1244 1727 1285 necnon

959 1298 987 1351 et
1001 1294 1198 1353 Tlaederiaan
1208 1295 1429 1353 flandrensium
1441 1298 1584 1364 comitem,
1593 1298 1727 1355 sibillam

960 1367 1168 1423 eomitissnmet
1182 1367 1301 1424 barenes
1314 1383 1366 1442 par
1382 1368 1544 1424 l'landrtum
1556 1369 1728 1427 constitutos

959 1437 1092 1494 bortatur
1100 1442 1134 1495 at
1144 1441 1311 1496 mauturii
1319 1439 1352 1494 S.
1364 1440 1638 1498 bartiaiSltbienais
1647 1441 1730 1498 tiber.

961 1530 1051 1583 tatem
1066 1527 1235 1598 defendent.

1145 1617 1237 1682 (nnuc
1253 1618 1333 1681 1139,
1349 1615 1439 1686 April.
1458 1620 1516 1687 at.)

1104 1712 1187 1783 [dett.
1203 1714 1251 1768 das
1267 1713 1390 1779 Cariat,
1407 1713 1454 1782 tlt,
1471 1714 1549 1787 stet

964 1799 1154 1856 insereremus
1182 1801 1338 1873 episcopua,
1367 1818 1464 1858 servus
1488 1819 1635 1860 servorum
1664 1803 1725 1872 Dei,

929 1886 1034 1943 dilectis
1048 1887 1110 1944 liliis
1125 1890 1238 1956 Manum,
1263 1891 1397 1962 episcopo
1417 1891 1576 1957 llorinansi,
1598 1894 1729 1949 Purarreo

930 1984 955 2032 et
966 1977 1079 2045 Maeoni,
1100 1978 1312 2045 archidiaconis,
1329 1987 1425 2037 ettoto
1446 1980 1565 2051 capitulo
1589 1982 1730 2039 llorineu·

931 2080 1012 2132 stum,
1026 2080 1078 2123 nec
1091 2082 1147 2122 nou
1161 2074 1188 2122 et
1198 2068 1390 2136 Tuaonnarco,
1405 2066 1612 2126 Flaudrensium
1627 2070 1731 2137 comiti,

930 2151 1027 2209 illustri
1043 2158 1112 2223 rire,
1142 2155 1252 2220 Similae,
1283 2155 1430 2212 comitissae
1454 2164 1482 2212 et
1509 2156 1656 2214 baronibus
1683 2175 1734 2230 per

931 2242 1086 2299 Flundriam
1112 2242 1273 2312 constitutis,
1299 2242 1414 2300 salutem
1438 2252 1464 2301 et
1483 2245 1661 2316 apostolicam
1689 2249 1736 2304 be·

930 2332 1127 2390 nedictionenr.

969 2419 1115 2479 Dilectioni
1129 2428 1228 2478 vestras
1243 2430 1336 2478 notum
1351 2420 1407 2478 lieri
1423 2421 1559 2493 volumus,
1575 2425 1649 2496 quod
1670 2425 1737 2483 cba-

934 2509 1059 2566 rissimue
1086 2507 1159 2565 iilius
1186 2517 1280 2566 noster
1307 2512 1372 2577 beo,
1397 2511 1483 2567 abbas
1502 2512 1595 2570 Sancti
1622 2513 1735 2581 Bertini,

933 2614 984 2671 pro
999 2597 1120 2671 querela,
1136 2613 1217 2671 quam
1232 2598 1285 2655 sibi
1306 2599 1393 2655 obbas
1414 2607 1440 2656 et
1461 2599 1655 2659 Cluniaceuses
1674 2618 1738 2659 rno-
1841 2610 1844 2615 ’

934 2688 1016 2747 naabi
1030 2686 1198 2753 inserebant,
1214 2687 1249 2743 ad
1264 2695 1387 2743 nostram
1407 2690 1582 2760 presentiam
1606 2700 1738 2749 euocatus

932 2774 1059 2834 accessit.
1077 2775 1214 2833 Ceterum
1227 2775 1360 2847 praelatus
1380 2777 1464 2835 abbas
1486 2778 1635 2837 adventum
1657 2797 1738 2838 suum

933 2882 1018 2938 usque
1040 2865 1074 2920 ad
1097 2864 1243 2922 concilium
1267 2863 1382 2931 distulit,
1402 2874 1440 2932 et,
1464 2874 1567 2924 statuta
1582 2869 1640 2936 die,
1662 2886 1738 2926 suam

934 2954 1014 3012 uobis
1043 2953 1216 3026 praesentiam
1243 2970 1297 3010 non
1321 2952 1455 3012 exhibuit.
1487 2957 1589 3013 lterum
1613 2965 1738 3031 tempore

882 3042 1039 3112 cconcilii,
1060 3050 1177 3115 utroque
1201 3042 1302 3098 abbate
1316 3053 1461 3115 praeseute,
1486 3044 1675 3108 cluniacensis
1696 3048 1732 3106 de

931 3130 1051 3205 querulis
1064 3129 1123 3188 suis
1137 3146 1222 3207 agere
1240 3131 1397 3203 supersedit
1415 3152 1422 3196 ;
1439 3133 1529 3191 abbas
1551 3151 1619 3192 rere
1639 3135 1732 3194 Sancti

930 3219 1042 3287 liertini,
1063 3227 1116 3275 tem
1140 3219 1168 3275 in
1192 3219 1314 3293 plenaria
1341 3219 1446 3293 synodo
1473 3239 1556 3295 quam
1583 3223 1611 3279 iu
1638 3234 1733 3283 nostro

931 3308 1104 3366 lateranensi
1118 3308 1232 3381 palatio,
1248 3326 1280 3367 se
1301 3310 1481 3380 adjustitiam
1500 3319 1528 3367 et
1539 3312 1669 3382 judicium
1691 3315 1737 3369 ni-

929 3397 1079 3455 bilominus
1093 3397 1231 3455 multoties
1245 3399 1437 3472 praesentavit.
1461 3400 1538 3457 Unde
1559 3401 1651 3468 etiam,
1675 3402 1732 3459 lra-

929 3499 1000 3546 trum
1019 3493 1177 3544 nostrerum
1192 3486 1385 3561 episcopomm
1399 3495 1426 3545 et
1447 3488 1631 3546 cardinalium
1655 3507 1733 3548 com-

930 3575 1068 3634 municato
1097 3574 1223 3644 consilio,
1250 3585 1278 3632 et
1303 3578 1553 3650 utriusquepartis
1581 3578 1737 3655 privilegiis

929 3664 1077 3739 diligenter
1096 3664 1239 3737 inspeetis,
1264 3667 1464 3723 monasterium
1485 3668 1578 3725 Sancti
1602 3669 1738 3726 Bertinia

929 3752 1151 3810 cluniacensium
1169 3754 1341 3823 subjectione
1363 3753 1477 3811 omuino
1495 3755 1675 3828 absolvimus,
1694 3766 1732 3827 et,

67 3841 112 3930 1111
123 3831 187 3902 ‘1⁰⁸
201 3828 402 3926 11088116101101Ι
410 3827 531 3926 stilletis·
546 3828 593 3884 vel
606 3827 711 3926 11)]ῑὶξῦ
734 3825 872 3925 &lintres
928 3843 1006 3898 salva
1022 3841 1126 3912 justitie
1145 3841 1267 3914 episcopi
1282 3850 1309 3898 et
1323 3841 1507 3899 Tarvenensis
1523 3845 1658 3914 ecclesia,
1683 3848 1734 3905 sub

67 3935 200 3985 minuerit·
220 3915 452 4016 ”uitliufflbss‘
471 3914 536 3972 ⁸¹¹¹⁸
557 3915 794 3973 ffl⁰¹⁸⁸²⁸¹¹⁰¹¹¹bu⁸
820 3929 873 3971 V0·
929 3930 1013 3987 solius
1034 3937 1136 3987 sanctur
1155 3930 1285 3986 Romanae
1314 3930 1447 3988 Ecclesiae
1471 3931 1574 3990 ditione
1602 3945 1734 4007 perpetuo

67 4026 150 4073 xare;
167 4006 220 4064 “d
232 4020 326 4063 “tim
339 4011 448 4078 11111811
467 4011 674 4072 wflseflssllilli·
690 4018 795 4070 mium·
819 4016 871 4073 pro
927 4034 1091 4091 permanere
1115 4027 1143 4075 et
1170 4034 1219 4074 sua
1246 4017 1372 4076 libertate
1400 4019 1520 4092 gaudere
1547 4021 1731 4080 decrevimus.

65 4121 179 4180 quom
212 4101 411 4177 gubernatione
438 4116 473 4159 ac
504 4101 702 4159 sustentatione
736 4115 871 4158 conam·
928 4108 995 4177 Quae
1010 4124 1072 4166 cum
1097 4107 1132 4163 ita
1151 4107 1216 4174 sint,
1242 4106 1386 4165 dilectioni
1409 4115 1507 4165 restrae
1527 4111 1689 4168 mandamus
1703 4123 1729 4170 et

65 4213 135 4271 auat,
158 4201 328 4260 numetis
344 4199 441 4255 usibus
459 4199 612 4271 protutura.
636 4200 735 4272 Siquis
755 4214 821 4256 sane
841 4201 870 4254 in
927 4197 1083 4253 mandando
1104 4196 1289 4269 praecipimus,
1311 4204 1444 4270 qnatenus
1465 4196 1607 4270 praelatum
1630 4216 1730 4257 mone-

65 4298 206 4360 postenra
221 4300 285 4353 rea,
298 4286 355 4342 dux
379 4284 424 4342 rel
439 4284 573 4350 marchio,
596 4284 735 4356 princeps,
759 4297 867 4351 cornea,
925 4285 1039 4342 sterium
1052 4286 1216 4344 etdilectum
1227 4286 1313 4343 filiurn
1323 4294 1450 4342 nostrum
1458 4287 1588 4355 monem,
1598 4290 1727 4348 abbatem

10 4450 12 4455 Ι
65 4377 300 4450 ueoiep'uoapas,
310 4375 468 4446 episcopus,
482 4373 527 4429 rel
540 4373 670 4445 quolibet
681 4371 868 4430 aocbsiastica
882 4404 909 4466 D
924 4373 1027 4448 ispaiua
1040 4374 1104 4445 loci,
1118 4375 1240 4448 diligatis
1253 4383 1280 4432 et
1293 4376 1445 4446 boueretis,
1466 4385 1493 4435 et
1511 4377 1538 4432 in
1552 4393 1606 4434 sua
1625 4379 1731 4449 iustitia

65 4472 242 4532 mansas
253 4484 389 4543 masena,
407 4469 491 4539 liujus
502 4476 604 4524 nostras
614 4467 813 4526 constitutionis
823 4484 874 4543 pa·
927 4471 1106 4520 manutenere
1120 4465 1236 4521 curetis.

65 4566 158 4637 giaan
165 4561 270 4626 aalma
285 4567 382 4617 contra
392 4572 458 4615 eam
470 4570 540 4614 ausu
550 4559 801 4616 emendaveras
811 4567 872 4616 teu·
962 4554 1060 4610 lietum
1075 4554 1201 4610 Laterani
1214 4570 1242 4610 vr
1256 4555 1317 4610 liei.
1334 4555 1411 4611 llaii.

65 4654 174 4710 1111111.
189 4648 317 4707 samuelo
329 4647 446 4704 tertiove
459 4648 628 4704 commonita
641 4648 664 4703 si
678 4662 732 4704 non
746 4664 868 4724 congrua
1295 4670 1352 4726 Cp·

66 4740 257 4800 mione
277 4736 613 4838 aerumnosarum
635 4736 803 4838 bonosianus
826 4739 868 4794 ⁸¹¹1
926 4758 1724 4834 tt'ttntmocatettmoestammajarttarpernotant-

64 4833 198 4906 drguatate
216 4834 320 4891 west,
340 4842 475 4898 mmque
488 4842 519 4883 ae
532 4827 863 4896 dramorudaoroeaastere
954 4831 1004 4886 bas
1027 4830 1104 4886 ailla
1126 4830 1159 4889 S.
1185 4829 1345 4887 Audemari
1369 4832 1404 4889 de
1424 4834 1532 4890 taem
1551 4839 1722 4892 monaterii

64 4923 96 4978 p„
115 4926 282 4995 mm„
304 4916 448 4990 ffiqupgoe
470 4923 630 4989 cognomi,
652 4924 680 4973 Β(
697 4932 715 4972 2
730 4917 863 4974 „gp-2253.
954 4901 981 4956 S.
1000 4899 1131 4957 Bertbini
1144 4901 1295 4958 Sitbienais
1311 4901 1444 4959 libertate
1457 4905 1567 4961 scribit.

63 5010 130 5067 simo
142 5022 265 5081 mpero
282 5012 310 5063 et
321 5005 458 5079 sanguine
467 5004 517 5061 Dei
530 5013 561 5061 et
571 5005 682 5061 Domini
695 5006 864 5079 Redempto·
1166 4993 1254 5060 (Ᾱῦῡο
1269 4988 1349 5056 1139,
1365 4990 1464 5062 April.)

63 5107 201 5166 risuum
220 5101 400 5163 53„ch
413 5102 505 5159 ,pm
522 5102 576 5172 gat.
591 5103 661 5160 θη,
678 5102 774 5161 ummo
794 5120 865 5161 m,
919 5075 1728 5174 [Videlperiichrouicnmaplllanrnnslbet.,t.lll,d39.p

63 5227 133 5282 mine
168 5220 300 5279 dalmatae
325 5217 422 5274 ulduni
452 5217 602 5288 subiaceat.
634 5218 747 5276 Cannis
774 5229 863 5277 autem

61 5326 150 5382 eidem
163 5320 292 5380 molesia
305 5333 357 5374 sue
367 5316 432 5389 jura
445 5317 620 5373 servantibus
639 5320 673 5374 sit
686 5335 741 5392 pax
755 5318 863 5376 Domini

60 5422 147 5482 nestri
171 5422 238 5479 lesu
264 5418 377 5485 Christi,
406 5421 544 5490 quatenus
566 5418 612 5476 hic
634 5418 749 5476 fructum
785 5421 863 5478 bonas

1280 5195 1353 5253 citt.

918 5282 1720 5370 Ecclesia&SapaioiHieroselgrnitanoeprutoetieners

936 5355 1055 5425 srrsnpit
1077 5356 1317 5428 possessionesque
1332 5372 1367 5410 ae
1382 5356 1534 5431 priuilegio
1552 5362 1720 5431 cerfirnrat.

1128 5445 1217 5514 (duno
1238 5442 1318 5511 ttae,
1334 5444 1423 5517 April.
1442 5446 1508 5516 at.)

62 5525 176 5585 somnis
204 5519 370 5597 percipiant,
395 5517 473 5575 etin
495 5517 585 5577 luturo
612 5521 727 5593 pramis
754 5530 862 5580 aeternae
918 5532 1001 5606 [Eug.
1023 5546 1059 5586 nn
1072 5531 1644 5609 Romnae,Cm·bal.duSoint·Sepalcsa,
1660 5542 1718 5610 71]

61 5620 201 5682 felicitatis
215 5614 371 5695 accubant.
391 5617 490 5686 Amen,
506 5632 597 5685 amen,
612 5632 702 5677 amen.

955 5622 1144 5679 innocencius
1158 5622 1317 5696 episcopus,
1332 5638 1430 5681 sersus
1443 5639 1585 5685 servorum
1599 5626 1664 5696 liei,
1673 5644 1721 5683 re-
