3772 6006
52 217 129 280 sorr
509 218 560 280 DE
582 217 718 283 dissuis
738 217 891 282 PONTIF.
915 218 1028 282 anco.
1051 253 1091 266 —-
1113 221 1185 284 nin.
1209 222 1260 286 111.
1675 226 1758 290 1578

88 352 171 408 Accae
198 349 361 409 Fredabart.
388 350 419 408 lii
445 350 568 409 Tilbart.
593 351 651 424 Ipsi
679 368 796 426 quoque
825 352 873 409 st·
888 353 916 422 A
931 354 1754 434 mereamini.Postilthelbretbumtrastantumapiscopi

52 441 187 500 belbrstb
216 443 369 511 successit,
394 445 429 501 ad
456 443 536 501 bunc
564 448 593 501 at
620 444 878 517 congregationem
936 441 1204 515 Haugnstaldenscs
1220 446 1462 516 inera:Hardred,
1479 448 1663 517 dambertus,
1679 450 1759 507 ‘lhil-

54 533 118 604 ejus
131 537 175 589 ast
189 532 313 602 epistola
333 532 460 604 Alcuini,
476 533 506 588 in
528 549 586 605 qua
608 534 686 590 inter
711 538 815 590 catara
836 534 882 588 dl·
937 531 1056 589 lriddid.
1073 534 1307 593 Exercitusenim
1325 538 1482 604 Dacorum,
1494 537 1612 610 quiJ'am
1627 544 1759 612 tempora

56 622 113 677 cit:
130 621 153 676 0
168 620 360 678 nobilissima
383 621 536 694 progenies
559 627 727 680 sanctorum
752 623 882 690 Petrum,
936 619 1051 677 Alcuini
1074 624 1266 692 metuebatur,
1282 629 1315 680 ut
1330 624 1402 680 alies
1427 623 1556 682 diximus
1571 631 1600 682 at
1614 627 1757 699 dicamus,

54 708 172 766 illorum
207 711 336 781 honoris,
364 710 600 784 venerabilisque
635 711 700 769 vita
737 726 884 769 successo·
935 709 1760 787 veniens,habitatoribusexstinctisvelsll'ugalis,babita-

55 816 112 867 res,
128 805 158 857 ct
182 799 449 874 pulcherrimorum
475 800 653 859 habitatores
675 801 815 870 locorum,
838 817 883 858 ve·
936 797 1069 854 culorum
1085 805 1160 857 tacta
1175 803 1336 872 succendit,
1353 810 1380 859 et
1394 808 1506 860 secreta
1521 804 1593 861 coelo
1616 805 1757 878 exposuit.

56 893 181 947 atrorum
197 889 353 961 sequimini
373 889 495 963 vestigia
511 890 643 959 Petrum,
658 894 691 947 ut
706 891 742 948 de
756 889 801 946 hia
817 891 880 963 pul·
935 891 1016 944 Nunc
1031 893 1076 945 sat
1091 888 1319 963 Haugustaldam
1335 891 1404 949 villa
1417 893 1629 967 archiepiscopi
1651 894 1759 952 libora-

56 978 209 1035 cbarrimis
225 978 456 1038 habitationibus
471 980 507 1037 ad
518 981 634 1049 borum,
646 979 697 1052 qui
707 997 760 1036 nos
771 993 881 1051 genus·
934 978 1041 1035 censis.

54 1070 134 1137 runt,
159 1071 274 1125 aterum
297 1067 488 1127 beatitudinis
517 1068 698 1126 consortium
727 1066 880 1142 parvenire

625 1304 670 1361 uti
688 1298 869 1361 EPISCOPIS
888 1301 1056 1361 CANDIDAE
1075 1305 1186 1364 CASAE.

92 1419 222 1477 Candida
235 1421 310 1476 Casa
323 1423 443 1477 vocatur
463 1419 545 1477 iocus
561 1420 591 1477 in
607 1419 746 1477 extremis
769 1417 879 1488 ltnglisa
934 1419 997 1491 ejus
1011 1425 1074 1478 arta
1084 1421 1259 1492 joculatoria
1274 1423 1384 1496 aliquid
1400 1426 1496 1482 vocale
1511 1428 1638 1494 sonaret,
1654 1427 1755 1483 stetim

50 1509 275 1580 juxtaScotiam
299 1509 420 1578 linibus,
436 1509 484 1566 ubi
498 1509 600 1565 boatus
622 1509 772 1565 conlasaor
794 1506 881 1563 Nima
933 1506 1756 1587 illudindivinaslaudessltigiabat3illudapudclericos

55 1595 879 1671 requiescit,nationsBritto,quiprimusibidemtlhristi
933 1613 1022 1669 quam
1040 1600 1273 1674 immergere,
1291 1603 1758 1661 utmasculaminecclesiamu-
1875 1634 1881 1643 ·

56 1686 293 1758 predicationem
309 1686 523 1758 evangelizavit.
539 1686 651 1742 Nomen
669 1686 731 1743 loco
745 1702 780 1742 ex
795 1700 880 1756 opera
933 1687 1023 1746 sicam
1039 1690 1193 1761 baberent,
1209 1693 1445 1765 necquidquam,
1461 1694 1625 1752 effeminate
1648 1693 1756 1752 dilian-

56 1776 194 1843 inditum‚
205 1775 285 1848 quod
299 1775 452 1832 ecclesiam
467 1775 507 1831 ibi
522 1791 557 1834 sx
570 1776 665 1848 lapide
680 1775 770 1847 polito
786 1775 880 1831 Brito·
894 1741 919 1808 Β
933 1783 1047 1850 gentas,
1066 1787 1175 1850 tanaro,
1190 1786 1221 1839 ut
1235 1781 1353 1839 Persius
1367 1784 1427 1842 ait:

55 1865 145 1922 nibus
170 1865 344 1922 miraculum
366 1866 476 1923 lecerit.
501 1866 641 1923 Sanctum
667 1867 744 1922 bunc
766 1864 879 1921 Nimam
1131 1911 1138 1925 .
1162 1913 1169 1927 .
1191 1915 1197 1928 .
1219 1871 1435 1944 supplantarent
1449 1873 1532 1930 uerba
1545 1875 1650 1945 palato.

55 1954 227 2028 preclarum
240 1955 395 2013 virtutibus
410 1959 525 2027 experta
535 1955 762 2028 estantiquitaa.
774 1953 881 2010 Scribit
933 1964 1004 2016 AEvo
1019 1959 1107 2031 igitur
1122 1959 1275 2017 ethonore
1298 1961 1396 2019 saculi
1411 1966 1442 2019 at
1455 1963 1548 2034 gratia
1567 1963 1619 2019 Dei
1642 1963 1758 2020 abunde

53 2043 197 2100 Alcuinus
208 2045 239 2101 ln
250 2045 373 2116 epistola
383 2046 417 2100 ad
430 2045 533 2101 iratres
544 2046 677 2116 ejusdam
687 2043 743 2101 loci
758 2043 879 2101 dicens:
934 2045 1038 2118 plenus
1053 2046 1126 2102 obiit
1139 2062 1216 2102 anno
1227 2047 1320 2120 primo
1333 2048 1461 2119 Esnrici,
1472 2048 1502 2104 in
1512 2047 1678 2117 Novembri,
1690 2065 1757 2107 cum

56 2155 72 2186 a
87 2133 231 2207 Deprecor
245 2137 347 2191 vestra
363 2133 481 2206 piatatis
503 2134 726 2191 unanimitatem
742 2137 775 2190 ut
789 2132 880 2191 nostri
933 2149 1001 2191 aum
1013 2139 1099 2191 antea
1109 2135 1139 2191 in
1151 2139 1283 2207 Augusto
1294 2135 1332 2194 ad
1342 2152 1438 2210 ragam
1451 2140 1626 2205 coronasset,
1640 2142 1760 2211 propter

47 2224 186 2281 nominis
197 2223 331 2281 babeatis
342 2223 513 2281 memoriam
525 2223 554 2280 in
565 2222 688 2281 ccclesia
700 2222 880 2280 sanctissimi
933 2223 1096 2281 absentiam
1112 2225 1327 2283 Cantuariausis
1342 2227 1561 2299 archicpiscopi.

55 2313 150 2370 Patris
164 2314 250 2370 vestri
266 2312 358 2370 Nimaa
373 2313 513 2387 episcopi,
525 2313 576 2383 qui
587 2312 687 2370 multia
701 2311 807 2369 claruit
820 2311 879 2369 air·
968 2313 1026 2370 Nec
1050 2330 1132 2371 mora
1150 2315 1290 2372 Girardua
1314 2333 1403 2390 napos
1427 2316 1603 2375 Walcbalml
1629 2317 1758 2390 episcopi

55 2402 180 2471 tutibus,
196 2403 273 2460 sicat
288 2403 361 2460 mihi
375 2420 467 2476 nuper
482 2403 609 2460 delatum
625 2407 669 2460 est
684 2419 735 2475 per
749 2402 881 2459 carmina
932 2402 1156 2472 wintoniensis,
1182 2405 1232 2477 qui
1257 2409 1320 2464 crat
1344 2405 1500 2478 episcopus
1528 2404 1758 2476 Heralordsnaia,

58 2494 184 2551 metrica
200 2496 282 2560 artis,
296 2510 358 2566 qua
374 2494 460 2551 nobis
473 2510 525 2565 par
539 2493 636 2550 iidales
651 2500 766 2550 nostros
791 2492 880 2550 disci·
933 2491 1043 2550 electus
1057 2498 1113 2564 eat,
1129 2497 1159 2550 st
1177 2493 1366 2552 introductus
1381 2495 1411 2553 in
1430 2496 1693 2568 archiepiscopum,
1706 2496 1758 2568 qui

56 2582 671 2656 pulositboracansisccclesirascholasticos
681 2582 879 2651 directesunt,
933 2582 1004 2639 dum
1021 2587 1173 2640 cunctatur
1187 2584 1293 2654 subjici
1309 2585 1428 2657 primati
1438 2584 1651 2652 cantuariensi,
1662 2584 1717 2643 baa
1731 2585 1757 2642 si

57 2674 86 2730 in
108 2674 216 2745 quibus
230 2677 259 2729 at
273 2673 407 2729 lactentis
431 2672 549 2741 cognovi
575 2672 779 2741 cruditionem,
795 2675 823 2729 st
838 2672 881 2728 ia·
932 2670 1043 2728 litteras
1059 2671 1138 2728 misit
1155 2671 1303 2729 Pascbalis
1319 2689 1401 2744 papa.

57 2763 162 2820 cientis
178 2762 321 2820 miracula
335 2761 527 2818 sanctitatem.
545 2781 559 2814 a
969 2783 982 2812 a
1000 2763 1155 2817 Pascuacrs
1170 2778 1256 2833 papa,
1270 2777 1371 2818 servus
1385 2777 1536 2819 servorum
1552 2761 1620 2831 Dei;
1636 2777 1759 2818 venara-

92 2852 134 2909 lbi
149 2853 205 2909 sub
217 2855 347 2908 extremo
360 2851 440 2908 Beda
451 2854 583 2922 tempora
598 2849 711 2922 primos
726 2849 821 2908 lactus
835 2853 880 2907 est
932 2850 985 2908 bili
1002 2851 1081 2908 tratri
1096 2851 1270 2909 Eboracansi
1284 2851 1512 2924 archiepiscopo,
1529 2851 1661 2909 Graaaoo
1680 2849 1758 2908 salu·

52 2943 207 3014 episcopus
235 2939 413 3011 Pothelmns‚
444 2940 494 3013 qui
524 2939 618 2996 multo
651 2944 718 2997 anta
750 2947 880 3011 tempore
932 2944 1002 3005 tem,
1018 2945 1046 2996 et
1060 2940 1251 3012 apostolicam
1269 2940 1513 2998 benedictionem.

51 3030 255 3088 westsaxonia
266 3027 877 3087 commoratussanctisaimiAldelmidiaci·
968 3029 1171 3101 «Quanquam
1187 3045 1274 3103 prave
1288 3034 1392 3087 contra
1406 3047 1470 3098 nos,
1487 3029 1546 3087 imo
1570 3033 1672 3087 contra
1694 3045 1758 3087 ma·
1810 3017 1815 3027 ’

50 3120 166 3193 palatui
189 3120 329 3177 interesse
352 3122 518 3176 meruerat:
535 3132 603 3174 com
620 3116 771 3174 subsecuti
795 3120 875 3173 aunt.
932 3121 1007 3176 tram
1032 3124 1113 3177 tuam
1137 3123 1269 3177 sanctam
1294 3120 1455 3177 Romanam
1477 3119 1637 3178 Ecclesiam
1654 3124 1683 3176 ta
1698 3135 1756 3177 non

54 3209 251 3278 Fretbewald,
278 3210 424 3278 pecwine,
453 3206 626 3277 ldtbalbritb,
651 3205 794 3277 Baaldull,
824 3221 878 3264 nec
932 3209 1102 3281 ignoremus
1126 3209 1231 3281 agisse,
1247 3210 1438 3281 presentibus
1464 3215 1560 3265 tamen
1580 3208 1633 3265 tibi
1648 3207 1757 3265 litteris

52 3304 192 3374 praterea
207 3298 305 3372 pluras
320 3298 427 3355 alicubi
444 3297 565 3369 reperio,
576 3299 652 3369 quod
669 3297 727 3355 cito
741 3296 879 3353 deiecerit
933 3299 1118 3365 mandamus,
1129 3300 1162 3355 ut
1172 3297 1382 3371 professionem
1397 3296 1555 3355 venerabili
1568 3295 1648 3353 tratri
1658 3299 1757 3353 nostro

52 3389 250 3461 episcopatus,
265 3387 315 3461 qui
330 3391 461 3444 axtrama
484 3387 642 3459 Anglornm
663 3386 694 3442 in
709 3403 760 3443 ora
784 3393 837 3456 est,
851 3392 878 3442 et
932 3387 1070 3444 anselmo
1098 3386 1301 3443 Gantuariausi
1327 3385 1546 3458 archiepiscopo
1574 3384 1669 3441 lacera
1697 3397 1758 3441 uon

54 3479 217 3537 Scottorum
232 3476 277 3534 val
296 3477 445 3534 Pictorum
460 3477 679 3548 depopulationi
702 3478 877 3548 opportuna.
932 3474 1074 3548 negligas.
1084 3475 1255 3532 Audivimus
1271 3476 1349 3532 anim
1364 3475 1508 3532 Thomam
1519 3475 1669 3547 quondam
1684 3489 1757 3546 praa·

53 3568 106 3625 Eis
120 3569 219 3640 igitur,
234 3582 298 3639 quaa
312 3565 530 3637 praetermittere
548 3565 704 3621 consilium
725 3581 782 3620 non
805 3569 877 3631 erat,
931 3564 1110 3621 decessorem
1127 3569 1212 3621 tuum
1237 3581 1271 3622 ax
1287 3564 1340 3621 bac
1365 3564 1467 3621 eadem
1487 3579 1518 3620 ra
1540 3562 1756 3620 contentionem

54 3657 197 3725 decursis,
208 3657 242 3712 ad
260 3656 420 3712 Eboracum
437 3654 618 3727 regredietur
632 3655 734 3710 oratio.
931 3652 1053 3709 movisse
1064 3657 1091 3709 st
1101 3668 1168 3708 cum
1181 3653 1210 3708 in
1221 3653 1374 3724 presentia
1385 3652 1498 3711 domini
1508 3650 1664 3708 Alexandri
1676 3665 1756 3723 papa

90 3750 171 3803 Anno
186 3745 222 3802 ab
238 3743 437 3801 incarnatione
462 3743 574 3799 Domini
589 3743 670 3811 l070,
689 3743 816 3800 Thomas
830 3759 877 3800 ca·
933 3742 1056 3798 secundi
1071 3740 1209 3797 ventilata
1219 3744 1306 3809 esest,
1317 3758 1351 3798 ax
1362 3744 1505 3813 precepto
1515 3741 1577 3810 sius
1588 3738 1758 3795 delinitione

54 3837 175 3894 nonicns
191 3833 357 3906 Bejocensis
367 3831 554 3890 aWillislmo
565 3848 632 3905 rege
642 3832 878 3905 archiepiscopus
932 3829 1041 3896 habita,
1052 3835 1120 3903 post
1133 3829 1228 3886 varias
1242 3828 1461 3901 disquisitiones
1475 3829 1634 3885 Lauicanco
1646 3827 1757 3900 pracda-

54 3925 181 3981 Eboraco
206 3924 293 3980 datus
318 3929 372 3989 ast,
396 3921 612 3994 permansitque
635 3921 666 3978 in
690 3922 800 3979 bonore
822 3938 878 3979 xxx
932 3919 1038 3978 cessari
1053 3915 1758 3991 auoetsuccassoribnasuiaaamdemprolsssio·

53 4014 139 4071 annis
163 4011 244 4069 omni
267 4011 327 4068 vita
342 4010 465 4083 integer,
478 4015 507 4067 ct
521 4011 566 4067 cui
583 4009 655 4067 nihil
669 4011 714 4067 vel
728 4011 759 4067 in
774 4012 876 4084 gestis,
932 4025 998 4068 nem
1014 4010 1127 4067 iecisse.
1141 4008 1223 4065 Unde
1238 4013 1267 4065 at
1281 4025 1345 4075 nos,
1356 4009 1434 4081 quod
1451 4018 1518 4065 tuuc
1533 4006 1672 4080 temporis
1686 4004 1757 4062 dati·

52 4103 95 4158 val
111 4102 141 4159 in
154 4100 239 4158 uictis
255 4098 421 4156 succenseri
437 4099 550 4169 debeat,
563 4098 620 4156 nisi
635 4100 712 4171 quod
727 4100 821 4171 primo
832 4117 878 4157 ar·
932 4102 1027 4160 nitum
1038 4101 1249 4173 ast,volumus,
1261 4105 1380 4159 auctore
1392 4102 1459 4162 Dec.
1471 4100 1589 4158 firmum
1600 4098 1759 4155 illibatum·

53 4191 288 4264 cbicpiscopatus
303 4192 431 4260 tempora
445 4187 475 4244 in
491 4204 578 4245 causa
594 4188 736 4260 primatus
751 4191 876 4246 Cantua·
932 4207 989 4263 qua
1004 4191 1121 4249 servari.
1138 4213 1153 4242 »

53 4281 157 4338 riensis
168 4279 366 4352 magiaerrore
376 4295 463 4351 quam
475 4278 763 4354 pertinaciacartavit
773 4297 779 4349 ;
791 4279 878 4351 cujus
968 4280 1046 4337 Hanc
1062 4279 1218 4354 epistolam
1234 4280 1373 4337 directam
1390 4279 1445 4335 sibi
1460 4278 1666 4336 tlirardusnon
1676 4274 1757 4348 legit,

54 4371 96 4426 rei
110 4367 814 4441 exitumprimaalibartisstorumpontificalium
830 4368 877 4425 ab·
934 4369 1004 4443 quia
1030 4383 1148 4427 necasse
1175 4385 1233 4426 non
1264 4369 1327 4426 luit.
1352 4368 1533 4426 Praevenerat
1556 4365 1620 4440 ipss
1639 4366 1758 4438 jussum

55 4458 154 4516 solvit.
170 4456 322 4528 Elegantia
341 4462 513 4528 personatus
537 4457 707 4529 spectabilis
732 4457 877 4516 desiderio
932 4458 1137 4532 apostolicum,
1153 4463 1182 4515 at
1196 4458 1313 4516 hortatu
1329 4457 1408 4531 regis
1428 4455 1567 4514 dunelmo
1587 4456 1618 4513 in
1639 4469 1760 4512 manum

55 4544 224 4604 videntibus
240 4551 302 4600 erat
312 4544 441 4615 iuvenis,
457 4545 555 4616 vigore
567 4549 596 4602 at
612 4545 777 4616 squalitate
792 4561 882 4603 mam·
935 4549 1055 4606 dederat
1068 4555 1250 4606 servaturum
1266 4547 1368 4620 seipsi
1392 4547 1522 4604 eamdam
1547 4545 1758 4619 professionem

56 4637 175 4692 brorum
194 4633 385 4699 commodus3
402 4646 501 4702 senex,
517 4633 611 4689 vivido
635 4634 718 4691 iaciai
733 4634 837 4693 rubore
852 4640 882 4692 ct
935 4638 965 4695 ln
981 4636 1232 4709 archiepiscopatu
1243 4635 1428 4705 Eboracensi,
1439 4652 1527 4709 quarn
1538 4636 1646 4692 lacerat
1661 4633 1760 4707 inepi-

58 4724 173 4797 capillis
189 4737 327 4795 cygneus.
345 4720 599 4778 Liberalitatasua
614 4737 797 4779 successores
812 4738 882 4780 suos
935 4731 1059 4799 scopatu
1088 4726 1300 4784 llsrelordansi.
1329 4725 1477 4797 Nequitia,
1502 4741 1559 4796 qna
1587 4739 1655 4781 aum
1684 4738 1760 4795 papa

58 4812 250 4882 contristavit,
263 4814 295 4866 ut
304 4811 355 4883 qui
371 4808 494 4866 multam
510 4809 720 4883 episcopalium
735 4815 880 4868 terrarum
935 4820 1026 4882 notat,
1038 4814 1099 4873 hac
1112 4815 1177 4884 luit,
1189 4814 1266 4886 quod
1278 4832 1293 4870 a
1306 4813 1399 4870 Roma
1412 4829 1479 4869 cum
1496 4812 1585 4886 pallio
1595 4826 1758 4883 regressus.

58 4904 172 4979 partem
188 4902 218 4958 in
234 4899 408 4958 clericorum
422 4914 506 4956 usum
522 4897 623 4968 nimia,
639 4906 669 4955 ut
685 4899 794 4969 dicunt,
811 4916 882 4973 pro-
936 4904 1090 4962 mandacio
1110 4919 1164 4962 suo
1188 4902 1288 4960 sedam
1311 4901 1501 4976 apostolicam
1530 4900 1630 4957 intecit
1658 4899 1760 4957 dicens

57 4996 143 5067 digus
158 4991 334 5058 distraxerit,
346 4990 456 5046 cleram
468 4989 662 5046 sufficientem
678 4988 784 5062 opibus
795 4990 881 5046 attit-
935 4993 1006 5066 regi,
1023 4993 1101 5066 quod
1116 4992 1141 5050 si
1156 5008 1188 5049 se
1203 4993 1232 5048 in
1248 4991 1313 5048 aliia
1337 4990 1535 5048 ecclesiastica
1558 4990 1664 5062 ageret,
1680 4986 1760 5045 inva-

58 5082 128 5138 teria
145 5079 293 5146 adunavit,
304 5078 458 5136 ecclesiam
474 5078 702 5135 aluudamsntis
715 5078 882 5136 inchoatam
937 5078 1759 5154 stitnreaecclsciarumliariaequanimiterpapatoleraret.

59 5170 284 5240 consummavit,
306 5169 473 5227 caelibatum
497 5169 562 5240 ejus
590 5183 741 5240 nunquam
765 5168 884 5225 sinister
937 5174 1111 5232 Litterarum
1127 5189 1185 5231 uon
1202 5172 1328 5244 nescius,
1339 5172 1368 5227 in
1379 5170 1547 5243 eloquentia
1562 5168 1763 5236 dillusumde·

59 5259 510 5334 rumoraaperait3pbilosophus
520 5259 650 5331 antiquis
664 5259 788 5316 scientia
802 5276 884 5318 com·
937 5263 1027 5322 cessit
1053 5262 1211 5337 insperata,
1237 5261 1338 5318 morbo
1371 5261 1490 5335 quidam
1519 5260 1569 5317 aad
1594 5256 1649 5315 lavi
1677 5265 1762 5316 antea

59 5351 220 5426 parandos,
232 5365 284 5406 nac
299 5350 393 5407 alatus
408 5366 554 5422 sermone,
564 5352 592 5407 et
605 5350 688 5406 vultu
705 5350 808 5420 comis,
825 5367 886 5409 mo·
938 5352 1124 5410 tactus.Nam
1135 5366 1202 5407 cum
1213 5349 1426 5421 aliquantulum
1436 5348 1683 5422 egerinquodam
1695 5346 1763 5404 viri·

61 5443 144 5499 ribus
158 5438 263 5496 dulcis.
275 5438 333 5496 Nec
347 5443 446 5507 cantu,
461 5456 514 5497 nac
528 5455 596 5497 roca
612 5440 718 5510 minor,
733 5444 823 5498 multa
837 5457 883 5498 cc·
940 5437 1761 5505 dariodomoiaucvicinocubitaret,utsalubrioreaura,

61 5529 224 5591 clasiastica
247 5527 413 5600 composuit
433 5528 574 5587 carmina.
594 5529 622 5585 Si
646 5529 715 5602 quia
734 5528 763 5588 iu
782 5531 884 5589 auditu
940 5547 1027 5605 quam
1042 5546 1130 5588 suave
1145 5528 1278 5587 balantes
1292 5528 1449 5586 herbarum
1474 5526 1561 5586 liores
1585 5527 1762 5593 animarent,

226 5630 356 5694 Parnon.
378 5627 531 5692 cuxmx.
1565 5627 1604 5689 50
