3750 6000
67 228 125 283 853

658 228 837 286 EPlSTOLAE
854 228 900 284 ΕΤ
920 227 1132 283 t‘tttt'tttatitrt.
1668 224 1719 280 act

64 349 97 406 iu
111 351 229 409 Domino
249 350 306 420 lilii,
333 354 498 410 venerabilis
518 355 610 410 fratris
632 354 718 411 nostri
743 352 866 411 Gauiridi
881 353 907 414 Α
922 367 971 424 pro
987 352 1067 409 rebus
1083 348 1277 424 temporalibus
1293 346 1414 404 debitam
1437 347 1639 418 subiectionem
1664 364 1718 405 ex·
1761 334 1765 349 ⁴

66 448 243 505 carnotensis
258 450 382 523 episcopi
397 452 525 521 precibus
548 453 679 520 inclinati,
706 452 804 509 restris
822 451 865 519 ju-

66 536 118 592 atia
132 538 358 608 postulationibus
373 539 527 596 elementer
542 542 694 610 annuimus,
719 549 745 597 et
765 539 865 612 praeia-

67 633 125 682 tum
148 628 355 688 monasterium,
381 629 407 683 in
431 645 486 701 quo
512 631 604 686 divino
628 630 776 701 mancipati
800 629 865 685 estis

65 715 210 788 obsequio,
226 725 277 770 suo
293 717 363 771 beati
380 718 451 772 l’etri
467 726 492 773 et
510 727 600 774 nostra
617 719 786 789 protectione
801 734 864 772 sus-

65 804 193 876 cipimus,
211 812 239 860 et
258 807 402 876 praesentis
427 807 524 879 scripti
545 807 692 880 privilegio
714 807 865 864 communi·

64 917 141 967 mua,
157 910 308 958 statuentes
323 911 350 959 ut
369 919 550 976 quascunque
564 905 763 976 possessiones,
787 920 864 976 qnae·

64 1005 174 1061 cunque
190 990 259 1045 bona
275 992 522 1064 impraesentiarum
536 994 610 1065 juste
621 1003 646 1050 et
658 995 791 1051 canonice
802 1010 865 1064 pos·

63 1077 172 1143 sidetis,
208 1088 255 1134 aut
283 1080 310 1134 in
336 1080 458 1137 futurum
488 1083 666 1139 concessione
695 1083 863 1152 pontificum,

63 1165 211 1239 largitione
227 1184 321 1240 regum
337 1170 382 1225 vel
398 1171 562 1242 principum,
581 1172 721 1227 oblatione
731 1171 861 1240 fidelium,

65 1271 113 1311 seu
127 1255 189 1311 aliis
202 1257 281 1326 justis
296 1259 386 1314 modis
401 1261 460 1316 Deo
485 1262 608 1332 propitio
628 1261 750 1332 poteritis
774 1260 864 1331 adipi·

65 1353 116 1421 sci,
133 1352 214 1408 lirma
228 1355 306 1412 robis
320 1357 477 1430 vestrisque
492 1359 707 1415 successoribus
721 1366 748 1414 et
762 1359 864 1414 illibata

66 1453 257 1514 parmaneant.
274 1447 415 1517 inquibus
428 1447 486 1503 haec
501 1450 618 1519 propriis
632 1447 757 1503 duximus
771 1445 864 1519 expri-

66 1532 172 1588 menda
185 1533 343 1590 vocabulis:
361 1537 391 1590 ln
406 1536 567 1592 Caruotensi
592 1537 752 1608 episcopatu
772 1535 865 1593 locum

66 1619 155 1690 ipsum
185 1622 328 1680 Poctilerii
353 1639 415 1680 cum
439 1625 599 1698 pertinentis
623 1625 690 1693 suia,
718 1625 864 1682 ecclesiam

920 441 1040 498 bibeant.

955 540 1135 596 Decemirnns
1149 554 1215 611 ergo
1230 546 1257 593 ut
1273 536 1341 593 nulli
1356 536 1466 591 omnino
1479 534 1619 592 homiuum
1635 535 1717 594 liceat

919 629 1060 699 praeiatum
1078 627 1275 684 monasterium
1290 633 1394 681 temere
1409 626 1577 696 perturbare,
1594 635 1638 681 aut
1658 625 1717 694 ejus

919 717 1111 788 possessiones
1125 716 1244 781 auferre,
1260 715 1303 771 rel
1318 714 1422 770 ablatas
1436 713 1565 781 retinere,
1580 714 1714 782 minuere,

920 814 965 861 aut
980 806 1116 876 aliquibus
1132 803 1321 860 vexationibus
1335 803 1462 874 fatigare,
1479 802 1527 858 sed
1543 802 1632 857 omnia
1652 801 1716 857 intc-

919 911 967 966 gra
983 902 1183 951 conserventur
1198 908 1293 949 eorum
1307 907 1356 963 pro
1380 907 1496 964 quorum
1515 890 1715 962 gubernatione

919 992 946 1039 et
960 982 1156 1038 sustentatione
1170 996 1301 1037 concessa
1324 987 1396 1044 sunt,
1421 979 1526 1048 usibus,
1552 979 1715 1036 omnimodis

919 1071 1066 1143 protutura,
1084 1071 1157 1126 salsa
1170 1068 1319 1126 diaecesani
1335 1067 1456 1139 episcopi
1477 1066 1610 1125 canonica
1628 1068 1715 1139 justi-

920 1161 955 1216 tia
970 1168 996 1216 et
1008 1159 1167 1231 apostolicae
1183 1157 1257 1214 sedis
1272 1157 1446 1213 auctoritate.
1462 1155 1489 1211 Si
1505 1172 1559 1229 qua
1581 1155 1667 1228 igitur
1687 1156 1715 1212 iu

919 1248 1038 1305 iuturum
1055 1247 1243 1304 ecclesiastica
1258 1244 1433 1302 secularisve
1448 1260 1565 1316 persona
1580 1246 1650 1301 bauo
1664 1261 1717 1301 no·

917 1344 983 1393 strae
998 1336 1198 1393 constitutionis
1213 1335 1354 1408 paginam,
1370 1333 1461 1390 sciens
1474 1340 1570 1389 eontra
1590 1349 1649 1388 eam
1673 1340 1719 1391 te-

917 1442 994 1481 mere
1003 1426 1097 1481 venire
1108 1423 1261 1487 tentaverit,
1274 1421 1394 1478 secundo
1410 1421 1524 1478 tertiove
1538 1421 1713 1489 commonita,

917 1514 940 1569 si
956 1529 1011 1568 non
1026 1513 1212 1569 satisfactione
1231 1525 1356 1584 congrua
1367 1509 1560 1576 emendaverit,
1571 1508 1715 1581 potestatis

917 1601 1084 1673 honorisque
1100 1599 1141 1655 sui
1156 1599 1287 1671 dignitate
1298 1604 1400 1664 careat,
1416 1612 1547 1668 reamque
1567 1613 1598 1653 ae
1621 1597 1714 1653 divino

67 1708 161 1765 Sancti
176 1710 249 1767 Petri
265 1712 489 1769 Pontiieviensis.
507 1714 585 1785 Apud
609 1714 721 1771 Calvum
743 1688 1150 1771 1110111111]ΒὶῖῑάῑῦἰοωῑῑὸῑΒΓΕ
1165 1687 1369 1759 depellam
1390 1684 1533 1758 iniquum
1555 1691 1714 1758 ⁰⁰ss¹¹⁰⁵⁰⁸⁸¹

67 1805 200 1864 ecclesias
213 1809 307 1866 Sancti
322 1812 428 1867 Nicolai
442 1822 465 1868 et
482 1813 572 1869 Sancti
588 1813 704 1881 llartini,
720 1812 863 1868 ecelesiam

67 1895 100 1951 de
115 1895 246 1965 Tauiaco,
262 1899 407 1955 ecclesiam
425 1901 459 1956 de
475 1901 642 1968 Cernbinero,
660 1902 805 1959 ecclesiam
828 1901 864 1958 de

68 1983 217 2057 oscampo,
244 1988 383 2044 ecclesian
406 1989 440 2044 de
466 1989 625 2057 Castaneto,
655 1990 801 2047 ecclesiam
828 1990 864 2045 de

67 2074 135 2129 aella
151 2075 244 2133 Sancti
258 2077 409 2145 liundricii,
426 2079 570 2135 ecclesiam
595 2081 630 2136 de
653 2080 798 2151 Fulgeriis,
819 2094 864 2136 ec·

66 2162 179 2219 alesiam
194 2164 229 2221 de
244 2165 337 2234 Fcuis,
354 2167 501 2225 ecclesiam
522 2168 614 2224 Sancti
637 2152 763 2224 Gerrasii
788 2177 864 2224 traua

65 2258 197 2331 ligerim,
219 2260 366 2318 ecclesiam
389 2265 425 2320 de
452 2264 568 2330 l'inotio,
598 2264 744 2321 ecclesiam
772 2262 864 2320 Sancti

67 2348 194 2415 Deodati,
208 2350 354 2406 ecclesiam
369 2352 404 2408 de
419 2352 644 2418 lionae-Leraldi,
661 2352 804 2409 ecclesiam
829 2352 864 2408 de

66 2437 192 2504 ttnmia,
208 2438 354 2495 ecclesiam
369 2441 404 2496 de
417 2442 566 2507 Braceolis,
583 2441 729 2499 ecelesiam
744 2441 778 2497 de
793 2443 863 2497 Tor-

65 2540 114 2581 no.
134 2525 223 2583 Btesis
239 2527 385 2585 ecclesiam
400 2528 495 2587 Sancti
514 2530 638 2597 loannis,
661 2530 809 2586 ecclesiam
833 2529 862 2585 S.

66 2611 202 2682 Gerrasii,
218 2617 362 2673 ecclesiam
376 2618 410 2674 de
426 2618 547 2687 Vilerbo,
563 2619 706 2676 ecclesiam
716 2619 752 2674 de
762 2618 863 2675 Sancto

66 2713 203 2778 bethario,
219 2714 363 2772 ecclesiam
379 2717 469 2773 Sancti
485 2717 597 2772 Joauuis
612 2717 646 2773 de
662 2718 798 2784 FloriacO,
813 2733 863 2774 ec-

917 1786 943 1833 et
958 1793 975 1832 a
989 1774 1174 1832 sacratissimo
1188 1790 1305 1846 corpore
1322 1782 1349 1829 et
1363 1773 1499 1845 sanguine
1508 1772 1558 1828 Dei
1568 1779 1595 1829 et
1605 1773 1714 1829 Domini

917 1865 1109 1935 Redemptoris
1123 1863 1208 1920 nostri
1222 1864 1286 1917 tesu
1306 1860 1404 1918 Christi
1419 1860 1510 1917 aliena
1528 1859 1584 1930 liat,
1595 1869 1675 1933 atque
1685 1861 1713 1916 iu

917 1962 1040 2009 extremo
1054 1952 1179 2008 examine
1193 1949 1325 2006 districtae
1346 1948 1441 2005 ultioni
1464 1948 1613 2019 subjaceat.
1638 1949 1713 2006 Cun-

917 2042 969 2097 rtis
983 2049 1074 2097 autem
1090 2040 1179 2096 eidem
1195 2039 1256 2095 loco
1268 2037 1334 2109 jura
1348 2037 1522 2094 servantibus
1537 2037 1573 2095 sit
1586 2054 1641 2111 pax
1656 2039 1715 2094 Do-

917 2129 1081 2186 miniuostri
1104 2130 1165 2184 Jesn
1190 2127 1303 2195 Christi,
1330 2135 1462 2199 quatenus
1482 2136 1509 2182 et
1531 2126 1577 2184 hic
1599 2126 1714 2184 fructum

917 2219 996 2275 bonae
1017 2217 1132 2274 actionis
1155 2215 1319 2288 percipiant,
1336 2223 1362 2271 et
1377 2215 1450 2286 apud
1464 2214 1617 2272 districtum
1637 2214 1714 2286 judi·

917 2324 978 2365 cem
992 2306 1105 2379 praemia
1120 2315 1233 2361 aeterum
1248 2303 1323 2376 pacis
1338 2303 1489 2360 inueniant.
1509 2307 1605 2362 Amen.

952 2407 1012 2477 Ego
1027 2402 1131 2460 Lucius
1145 2401 1288 2458 catholica
1303 2400 1428 2458 ecclesiae
1440 2400 1602 2473 episcopus.

953 2505 1012 2576 Ego
1025 2502 1086 2558 GG.
1101 2501 1241 2573 presbyter
1254 2497 1402 2555 cardinalis
1417 2497 1485 2555 tituli
1500 2498 1606 2557 calixti.

953 2601 1013 2671 Ego
1027 2599 1116 2656 Birirln
1131 2597 1273 2670 presbyter
1288 2596 1436 2653 cardinalia
1461 2597 1496 2655 tle
1519 2596 1597 2654 tituto
1621 2597 1714 2655 Sancti

917 2698 1078 2773 crysogoni.

65 2801 178 2858 elesiam
195 2802 521 2868 Octinrillae,ecelesiam
542 2805 691 2870 Columna.
717 2806 862 2862 ecclesiam
954 2799 1013 2869 Ego
1045 2794 1178 2851 licinerus
1209 2791 1358 2866 presbyter
1388 2789 1538 2849 cardinalis
1569 2791 1639 2848 tituli
1677 2792 1709 2849 S.

64 2889 98 2947 de
111 2890 221 2957 Orioro,
240 2892 385 2949 ecclesiam
402 2894 436 2950 de
451 2896 536 2950 bleso.
555 2895 633 2965 Apud
655 2903 775 2951 castrum
803 2896 863 2950 Fir·
918 2887 1027 2943 Priscae.

66 2979 190 3036 mitatem
206 2980 357 3047 Villaenolii,
373 2983 516 3039 ecclesiam
531 2983 624 3039 Sancti
639 2983 708 3040 Petri
724 2992 750 3039 et
770 2984 862 3041 ecole-
952 2986 1012 3058 Ego
1027 2984 1123 3039 Petrus
1138 2979 1284 3054 presbyter
1296 2977 1445 3036 cardinalis
1457 2978 1492 3036 de
1507 2979 1550 3035 tit.
1574 2977 1708 3037 Pastoris.

66 3068 134 3124 nam
147 3068 241 3126 Sancti
256 3072 372 3137 blartini,
399 3072 542 3128 ecclesiam
566 3073 660 3130 Sancti
685 3073 804 3130 llarcelli
827 3061 902 3132 deC
953 3074 1012 3145 ligo
1025 3071 1164 3128 Hubaldus
1179 3069 1323 3142 presbyter
1336 3068 1485 3126 cardinalis
1499 3067 1569 3125 tituli
1588 3069 1618 3126 S.
1646 3070 1714 3125 Pra-

66 3166 183 3224 Geretto.
201 3169 276 3238 apud
291 3170 483 3225 castridunum
498 3170 644 3226 ecclesiam
661 3172 756 3227 Sancti
781 3171 863 3227 Vale·
918 3161 1004 3218 iiiiii·

65 3254 145 3310 riaui.
162 3257 241 3326 Apud
264 3260 415 3314 Basoclrana
440 3258 590 3315 ecclesiam
619 3259 708 3316 Sancti
732 3260 859 3317 loannis.
952 3261 1011 3330 Ego
1027 3256 1177 3315 blaniridus
1191 3255 1339 3329 presbyter
1352 3253 1498 3312 cardinalis
1512 3253 1581 3312 tituli
1605 3254 1713 3313 Sancte

66 3342 94 3399 lu
107 3344 265 3401 lledonensi
281 3363 352 3419 pago
367 3347 511 3403 ecelesiam
528 3348 619 3403 Sancti
635 3349 708 3403 Petri
723 3357 749 3404 et
771 3348 863 3404 Sancti
918 3348 1039 3405 Sabinas.

64 3433 179 3489 loannis
199 3434 235 3490 de
260 3436 363 3506 lgueio,
388 3437 533 3493 ecclesiam
558 3436 649 3492 Sancti
673 3437 805 3494 leonardi
829 3437 865 3494 de
954 3449 1014 3523 Ego
1030 3447 1138 3506 Guidrlo
1153 3446 1297 3505 cardinalis
1312 3444 1455 3520 presbyter
1470 3441 1564 3502 Sancti
1575 3441 1713 3500 Laurentii

66 3521 201 3594 Fulgeris,
226 3523 372 3579 ecclesiam
396 3527 424 3581 S.
451 3525 560 3580 llartini
581 3525 616 3581 de
640 3527 736 3592 Cussa,
766 3526 863 3582 cellam
916 3540 943 3596 in
959 3541 1089 3595 Damaso,

65 3617 156 3675 Sancti
171 3621 282 3676 llurtini
297 3622 331 3677 de
346 3622 459 3686 Lustris,
477 3623 624 3678 ecclesiam
640 3622 674 3678 de
694 3622 858 3694 Peregrina.
951 3629 1011 3700 Ego
1026 3623 1168 3681 Conradus
1186 3623 1345 3681 sabinensis
1360 3622 1518 3694 episcopus.

64 3707 94 3763 lu
108 3707 215 3781 Anglia
230 3709 373 3766 ecclesiam
389 3711 498 3767 Sanctae
516 3713 609 3766 llariae
628 3711 663 3767 de
684 3711 860 3777 luministro,
952 3717 1012 3788 ligo
1026 3712 1171 3770 albericus
1185 3712 1320 3770 Ostiensis
1335 3711 1495 3783 episeopus.

62 3796 200 3868 capellam
215 3797 249 3852 de
264 3798 429 3874 lloxitunga,
447 3800 579 3871 capellam
595 3800 629 3855 rte
653 3800 784 3872 Palingis,
811 3813 862 3856 oa·
951 3805 1012 3878 Ego
1023 3802 1176 3875 Gregorius
1189 3799 1335 3858 cardinalis
1345 3799 1476 3856 diaeonus
1486 3805 1642 3856 sauctorum
1654 3797 1714 3856 Ser·

61 3884 164 3957 pallam
177 3886 214 3942 tle
231 3887 406 3954 Warmacan,
423 3889 568 3944 aeclesiam
585 3889 619 3943 de
645 3887 754 3961 Pingis,
780 3887 864 3944 eccle·
917 3893 954 3970 gii
969 3902 996 3949 et
1010 3891 1117 3949 bacchi.

62 3973 134 4030 aiam
148 3975 185 4030 de
199 3975 309 4032 sordis.
328 3977 358 4032 ln
374 3977 564 4032 aurelianensi
580 3993 651 4049 pago
667 3976 813 4034 ecclesiam
828 3977 862 4032 de
951 3982 1011 4053 Ego
1026 3982 1130 4036 lmarus
1143 3976 1314 4036 Tusculanus
1328 3976 1483 4050 episcopus.

63 4070 221 4141 emmonis,
239 4073 385 4131 ecclesium
401 4075 435 4129 de
450 4074 505 4138 Gli,
522 4076 669 4131 ecclesiam
691 4075 726 4131 de
749 4076 860 4142 Someo,
952 4072 1011 4143 ligo
1026 4071 1120 4126 Petrus
1135 4065 1281 4125 cardinalis
1296 4066 1429 4123 diaconus
1444 4066 1553 4124 Sanctae
1567 4065 1661 4125 itariae
1683 4067 1712 4122 in

64 4158 211 4216 ecclesiam
226 4163 260 4217 de
277 4163 359 4230 llaes,
376 4163 522 4218 ecclesiam
537 4163 570 4218 de
595 4163 747 4228 Chalaiaco,
770 4162 861 4219 eccle·
916 4160 1034 4218 Porticu.

61 4247 131 4303 aiam
146 4248 182 4304 de
195 4249 323 4316 Thaisiis,
339 4251 484 4307 ecclesiam
500 4251 535 4307 de
549 4251 655 4322 burgis,
672 4250 817 4307 ecclesiam
828 4251 862 4307 de
951 4250 1013 4322 Ego
1029 4247 1127 4302 Petrus
1142 4244 1309 4301 attanensis
1324 4243 1479 4317 episcopua.

63 4335 167 4393 Sancto
181 4338 314 4403 Romano,
332 4339 476 4395 ecclesiam
495 4341 602 4396 Sanctm
615 4340 708 4395 llariae
731 4340 765 4395 de
789 4341 862 4396 liou-
951 4338 1012 4410 la'go
1029 4337 1149 4391 Joaunea
1163 4335 1294 4391 diaconus
1308 4332 1455 4390 cardinalis
1469 4332 1499 4389 S.
1514 4331 1640 4388 Adriani.

61 4425 140 4480 tanis.
160 4426 189 4480 ln
201 4426 351 4483 Turonensi
363 4429 602 4499 archiepiscopatu
614 4429 758 4484 ecclesiam
767 4428 859 4484 Sancti
874 4419 901 4480 D
951 4426 1012 4497 Ego
1026 4424 1087 4482 GG.
1103 4424 1234 4480 diaconus
1250 4421 1397 4480 cardinalis
1412 4422 1505 4479 Sancti
1519 4420 1627 4493 Angeli.

60 4521 184 4595 Dionysii
198 4523 225 4577 in
251 4525 331 4594 atrio,
357 4525 452 4581 Sancti
475 4525 597 4592 llartini,
618 4525 762 4582 eeclesiam
787 4526 859 4581 san.
950 4516 1009 4587 ligo
1019 4512 1153 4569 Artaldua
1163 4511 1295 4568 diaconus
1306 4509 1454 4568 cardinalis
1464 4510 1559 4567 Sancti
1569 4508 1709 4567 Eustachii

60 4612 95 4666 cti
106 4612 198 4684 Cyrici
213 4620 289 4668 trans
304 4615 433 4687 Ligerim,
459 4613 607 4670 ecclesiam
622 4614 714 4671 Sancti
736 4615 858 4684 Thomas,
909 4603 986 4673 lulli
1000 4601 1132 4673 “implum
1146 4599 1286 4672 Agrippa.

59 4700 206 4757 ecclesiam
221 4701 255 4757 de
271 4701 366 4775 Poiliy,
382 4701 527 4759 ecclesiam
548 4702 582 4758 tle
603 4701 740 4766 Nantolio,
766 4701 858 4758 eccle·
949 4693 1046 4747 Delum
1061 4688 1186 4745 Liliiissl
1202 4704 1253 4760 per
1266 4703 1376 4744 minum
1393 4687 1508 4745 ⁸⁸¹'0ssli
1528 4686 1663 4760 0i¹llilhni
1683 4694 1710 4745 ²⁸

59 4788 130 4844 aian
146 4789 239 4846 sanan
254 4788 377 4863 Georgo,
405 4791 552 4847 ecetesiam
576 4790 671 4847 sancit
692 4789 799 4844 aaron
822 4790 858 4846 ue
912 4779 1051 4850 scriptoris
1065 4793 1120 4835 xvii
1136 4777 1273 4834 antennas
1288 4777 1362 4843 narr,
1377 4777 1524 4835 indictione
1537 4792 1584 4845 vn,
1610 4777 1708 4832 tanar-

60 4876 458 4943 l’ressiniaco,ecclesiamde
475 4878 613 4935 Vernolio.
631 4877 858 4950 lubituricoepi·
911 4866 1030 4923 ssiii0¹¹l⁸
1059 4865 1208 4923 Dimlsslssae
1231 4880 1303 4921 ⁸⁰⁰⁰
1325 4866 1405 4936 ¹¹⁸4>
1429 4863 1602 4939 ll⁰¹¹lffi⁰⁸²¹¹³
1641 4879 1705 4923 i0l⁰

58 4972 176 5037 scopato
190 4965 332 5021 ecclesiam
348 4968 454 5024 Sanctus
470 4968 561 5023 llariae
575 4967 609 5022 de
624 4966 792 5033 valentiaco,
808 4981 857 5024 ec·
911 4956 1012 5012 dimini
1028 4955 1107 5014 Lucii
1122 4956 1147 5011 Π
1162 4969 1235 5011 ⁸⁰⁰⁰
1249 4954 1349 5028 pilim-

57 5059 172 5116 elesiam
187 5060 285 5117 Sancti
300 5062 392 5117 Hilarii
406 5063 440 5119 de
452 5062 571 5117 Castello
594 5061 688 5127 reteri,
713 5061 855 5118 ecclesiam
1273 5051 1341 5106 XXI

56 5147 153 5206 Sancti
168 5149 279 5205 llartini
295 5151 329 5206 de
345 5151 467 5224 Sigiaco.
487 5152 517 5205 ln
533 5150 656 5221 sagiensi
672 5167 743 5222 pago
767 5150 858 5207 eccle·
912 5156 1097 5228 Priuileyirtm
1110 5171 1159 5221 pro
1174 5154 1292 5211 ecclesio
1309 5154 1357 5219 SS,
1377 5155 1456 5211 Petri
1472 5159 1501 5211 et
1519 5156 1580 5213 tirsi
1595 5157 1703 5229 Aaou·

55 5236 127 5293 siam
144 5238 237 5296 Sancti
252 5237 356 5306 Hilarii,
371 5239 515 5296 ecclesiam
531 5239 623 5296 Sancti
638 5239 710 5295 Petri
725 5239 758 5294 de
773 5239 858 5295 llaso·

56 5326 126 5384 clais.
142 5326 237 5385 Liceat
252 5328 333 5385 etiam
348 5328 426 5385 uobis
441 5329 468 5384 in
484 5328 612 5386 ecclesiia
627 5327 726 5384 restris
739 5327 857 5400 presby-

55 5430 130 5481 toros
140 5422 257 5498 eligere,
269 5424 315 5498 qui
324 5424 346 5479 si
358 5423 447 5481 idonei
457 5424 568 5492 luerint,
577 5424 612 5480 ab
622 5423 760 5496 episcopis
769 5423 859 5495 gratis

1044 5227 1120 5282 tensi
1133 5225 1295 5299 (prouincia
1313 5226 1569 5297 tarentasiensis.)

1127 5323 1216 5394 (luno
1230 5322 1309 5387 tttt,
1326 5322 1412 5395 April.
1431 5323 1487 5393 ta.)

1015 5421 1096 5495 [ltin.
1110 5423 1212 5496 patrtoe
1227 5422 1361 5490 Monam„
1376 5422 1481 5492 chart„
1494 5423 1517 5490 l,
1530 5424 1608 5498 ’1851

54 5510 203 5586 etabsque
213 5511 270 5569 ulla
281 5513 413 5586 pravitate
423 5529 517 5570 curam
529 5513 683 5569 animarum
695 5511 856 5585 suscipiant,
948 5522 1050 5579 Locros
1064 5519 1234 5592 espiscopus,
1249 5535 1346 5578 samua
1359 5535 1507 5578 servorum
1522 5520 1585 5591 Ilei,
1599 5522 1710 5584 dilectis

53 5606 153 5682 abque
165 5608 202 5668 tls
214 5608 307 5684 plebis
319 5624 387 5670 eura
396 5610 529 5669 rationem
539 5610 663 5679 reddant,
676 5608 755 5670 robis
765 5615 857 5667 autem
912 5609 976 5668 liliis
1006 5611 1140 5668 amomo
1167 5607 1252 5685 priori
1278 5616 1305 5668 et
1331 5607 1463 5669 iratribus
1489 5610 1518 5668 iu
1547 5613 1710 5691 Augustam
