3772 6006
35 193 114 255 titt)
525 183 574 246 DE
595 180 735 243 Gestis
755 179 910 243 PONTIF.
932 181 1052 243 ANGL.
1075 216 1113 230 -
1136 183 1212 247 ΗΒ.
1236 186 1259 247 t.
1667 194 1746 259 1450

32 326 202 385 venerando
219 325 386 381 Ercecccno
406 317 625 392 archiepiscopo
640 320 787 373 decorans
803 316 864 371 dia·
876 336 906 403 Α
921 315 961 372 tie
976 316 1103 386 ingentis
1118 317 1249 374 laneficii
1260 327 1304 377 ast
1314 321 1449 390 obnoxia,
1461 326 1537 398 quod
1550 343 1614 384 eam
1629 329 1665 385 ad
1683 328 1744 402 ριῑ.

32 435 126 476 conus
141 418 170 473 in
186 414 292 471 Christi
309 412 448 469 charitato
464 410 601 466 salutem.
919 407 1029 464 stiuam
1040 407 1745 487 diguitatomlalroribussuissuscitaverit,rerum

70 530 86 559 ιι
103 506 234 563 Audiens
248 503 375 560 salutem
391 505 420 558 et
436 501 660 574 prosperitatem
684 501 812 553 vestram
836 499 865 551 et
920 497 1009 553 etiam
1025 502 1084 553 tota
1102 498 1216 570 Anglia,
1233 516 1323 572 qnam
1349 502 1485 574 degeneri
1510 505 1573 562 sedi
1597 509 1746 566 substerni

31 602 213 656 convectum
224 611 291 651 cum
304 589 635 649 Esubaldoiiboracensi
646 586 865 657 archiepiscopo
921 603 1026 659 passus
1050 604 1107 644 uon
1131 589 1227 646 luerit.
1245 590 1292 647 Vir
1308 599 1372 660 post
1388 594 1500 666 primos
1515 596 1651 653 doctores
1666 615 1745 655 suro·
1853 574 1856 579 ¹

32 686 98 745 tilio
114 702 190 755 meo,
200 684 274 741 sctis
290 682 362 738 mihi
378 679 485 753 placuit
499 678 629 751 speranti
637 693 672 733 ex
687 681 789 732 veatrae
805 674 865 732 col·
921 676 978 732 mis
988 676 1176 748 pontitloibus
1186 682 1448 752 comparandus,et
1460 699 1532 754 peno
1542 685 1665 742 itinerim
1678 704 1747 758 prte-

32 772 578 850 loquiosanctitatishonoremsancta
588 765 722 823 ecclesie
733 764 864 834 exaltari,
920 765 1068 827 ferendus,
1084 772 1172 840 atque
1196 766 1272 825 hand
1297 770 1356 825 scio
1373 770 1397 826 si
1411 770 1489 827 dioto
1504 771 1662 847 delinquo:
1678 791 1746 833 cum

33 873 64 925 et
82 867 140 923 Deo
156 866 186 921 in
202 863 245 921 eis
260 861 451 919 servientium
472 858 577 929 corrigi
591 858 691 913 vitam
707 856 774 912 ldco
786 854 865 911 suasi
921 853 1049 925 prolecto
1064 854 1256 913 excellentius
1276 857 1410 914 videatur
1425 864 1605 918 restaurasse
1619 863 1747 935 dignita-

34 956 106 1013 cliis
121 954 285 1012 litterarum
302 965 434 1006 mearum
450 947 584 1021 apicibus
609 944 796 1002 sanctitatem
820 959 867 999 re·
921 947 980 998 tem
996 944 1148 1013 amissam,
1160 960 1246 1016 quam
1258 963 1429 1005 conservare
1439 955 1565 1022 partam,
1577 952 1710 1023 quumvis
1720 960 1748 1008 et

34 1052 131 1104 stram
148 1040 358 1116 permanercin
370 1038 475 1109 patria,
487 1035 700 1092 nolenslumen
713 1032 866 1088 Britannia
921 1030 993 1088 illud
1020 1033 1166 1090 nonnulle
1181 1035 1276 1093 laudis
1294 1037 1444 1094 habeatur.
1463 1040 1545 1106 Quod
1563 1042 1587 1096 si
1604 1040 1692 1097 alicui
1716 1042 1747 1097 in

33 1135 196 1206 exstingui.
204 1131 258 1186 Sed
269 1130 320 1185 liat
331 1128 407 1200 quod
418 1127 476 1182 Deo
485 1125 591 1198 placet,
600 1132 632 1179 ut
643 1121 775 1194 proficiat
783 1121 866 1176 Chri·
921 1122 1112 1192 questionem
1121 1126 1241 1194 venerit,
1249 1133 1363 1198 quante
1371 1130 1537 1185 sanctitatis
1546 1138 1571 1186 et
1582 1130 1747 1187 reverantia
1842 1118 1847 1123 ’

34 1228 76 1284 sti
91 1221 234 1285 ecclesiis,
253 1233 424 1292 prosperum
441 1216 496 1272 iter
511 1214 598 1271 iaciat
611 1212 693 1268 vobis
709 1211 796 1280 Deos,
813 1226 867 1265 en·
921 1210 1020 1275 luerit.
1036 1211 1114 1285 legat
1128 1213 1280 1285 epistolam
1307 1216 1409 1273 leonis
1433 1235 1515 1290 papa
1539 1220 1662 1276 Xenullo
1686 1221 1749 1292 regi

35 1315 160 1388 geluque
174 1312 241 1383 elus
257 1309 414 1365 comitante
440 1319 578 1377 prospere
597 1318 648 1358 ros
670 1302 759 1356 ducat
782 1309 867 1370 atque
921 1299 1053 1370 missam,
1065 1318 1127 1372 que
1139 1303 1168 1359 in
1181 1303 1273 1375 primo
1289 1302 1363 1362 libro
1372 1306 1527 1365 Gestorum
1543 1310 1688 1381 regalium
1704 1310 1749 1367 in·

38 1405 172 1469 reducat,
184 1398 355 1455 dulcissime
365 1393 606 1452 elementissimo
622 1391 724 1458 Patar3
742 1388 867 1445 maxime
920 1389 1045 1459 venitur,
1057 1392 1086 1446 in
1103 1407 1170 1464 qua,
1184 1399 1267 1449 vocat
1280 1409 1347 1450 eunt
1363 1397 1596 1468 sanctissimum,
1608 1399 1747 1470 dignissi-

37 1502 138 1553 autom
155 1506 255 1564 precor
267 1494 299 1544 ut
310 1487 387 1559 apud
404 1489 521 1542 sanctos
535 1478 868 1554 apostolosmeihabsa·
922 1495 1015 1547 nium,
1035 1480 1254 1549 charissimum,
1271 1483 1497 1556 peritissimum.
1515 1486 1583 1550 Quae
1606 1489 1746 1545 nimirum

36 1586 80 1643 tis
97 1582 279 1649 memoriam,
295 1579 373 1635 sicut
387 1594 441 1634 nos
454 1574 531 1649 apud
549 1574 578 1630 S.
595 1570 755 1629 Martinam
780 1567 867 1626 vestri
920 1567 1214 1628 verbosummusillo
1225 1576 1385 1629 etsauctus
1398 1590 1473 1645 papa
1484 1591 1543 1631 non
1555 1576 1680 1645 iteraret,
1691 1577 1747 1633 nisi

37 1674 147 1732 bahem
162 1669 246 1725 dulsse
262 1668 414 1724 babemus·
431 1688 446 1715 »
882 1691 906 1758 Β
922 1663 986 1714 rata
1001 1675 1066 1716 esse
1076 1665 1231 1716 constaret.
1245 1661 1312 1718 Post
1323 1678 1389 1718 eum
1402 1663 1545 1721 Wilredus
1555 1667 1746 1725 annisxxvur.

76 1761 200 1820 Domino
215 1758 399 1815 sanctissimo
410 1763 498 1829 atque
509 1753 589 1811 omui
606 1754 715 1810 honore
730 1749 867 1823 diguissi·
919 1748 1042 1821 Egeldus
1052 1749 1100 1824 [ut.
1112 1749 1303 1825 Theogildus]
1317 1752 1466 1809 mensibus
1476 1753 1578 1812 tribus.
1590 1756 1749 1815 Celnothuc

39 1871 89 1912 ¹¹¹⁰
106 1853 275 1908 mmmm
290 1846 518 1918 ⁸f⁰hiil³i⁵⁰⁰l>⁰·
921 1841 1006 1899 anuis
1021 1859 1076 1898 ιιι.
1092 1843 1252 1901 'citharedus
1275 1846 1324 1918 [ut.
1341 1845 1537 1919 AEtlrelredus]
1558 1848 1645 1905 annis
1667 1866 1747 1905 xvrrr.

79 1966 94 1995 a
112 1930 869 2011 Lectisprosperitatisvestrelitterisatprospcritale
921 1933 1106 1989 Continentia
1117 1934 1353 1991 successionibus
1363 1935 1573 2009 archiepiscopi
1586 1937 1679 1993 multa
1689 1939 1747 1996 Deo

42 2031 158 2091 itineris
176 2026 264 2085 vestri
278 2033 308 2082 et
323 2023 499 2081 reversionIs
515 2025 544 2079 in
561 2022 685 2093 patrium
702 2025 730 2077 et
744 2018 870 2093 qualiter
922 2027 951 2078 at
965 2023 1070 2078 seculo
1081 2024 1181 2097 digna,
1191 2031 1220 2079 nt
1231 2026 1392 2094 credimus,
1403 2040 1557 2082 exercuere
1568 2045 1576 2094 ;
1589 2029 1636 2082 ced
1650 2029 1747 2085 οιιιιιιι

45 2119 206 2193 apostolica
230 2115 411 2188 benignitate
426 2112 557 2180 suscepti
572 2111 682 2177 luistis,
698 2115 759 2166 tcto
774 2110 870 2166 cordis
922 2117 1054 2168 vetustas
1066 2112 1220 2168 obsorduit
1229 2118 1258 2169 et
1269 2112 1391 2182 delevit;
1402 2114 1535 2186 nihilque
1544 2113 1661 2172 illorum
1673 2115 1748 2174 inter

46 2210 151 2266 allecto
168 2206 324 2275 animoque
338 2203 488 2259 laetissimo
502 2200 612 2274 gratias
623 2200 667 2270 egi
680 2200 802 2255 Domino
814 2202 871 2254 Deo
923 2217 977 2258 nos
992 2201 1048 2257 nisi
1064 2203 1161 2258 tenui,
1176 2203 1255 2258 sama
1270 2212 1378 2261 mm..

44 2294 286 2369 sempiternooui
297 2308 403 2364 magno
419 2290 580 2347 clementiis
596 2288 759 2344 donooiaur
771 2293 871 2342 vestra
957 2296 1027 2347 Post
1049 2291 1238 2358 litheredum,
1255 2294 1450 2351 Pleimnndus
1469 2312 1557 2352 xxxin
1570 2296 1664 2353 annis,
1681 2295 1749 2352 Ῑοιιῑι

44 2383 290 2462 peregrinationis
302 2397 440 2455 prospero
451 2381 556 2437 direxit
566 2379 680 2442 itinere,
692 2382 722 2432 et
732 2377 813 2433 dedit
828 2392 873 2432 ro·
923 2383 1060 2451 magister
1069 2381 1173 2439 lillredi
1185 2384 1273 2454 regis,
1291 2386 1353 2456 qui,
1366 2390 1397 2439 ut
1412 2385 1441 2440 in
1457 2386 1586 2441 secundo
1597 2385 1671 2442 libro
1682 2387 1750 2443 Ges-

43 2473 431 2548 bisgratiaroiuconspcctu
442 2467 706 2539 Patrisapostolica
719 2465 873 2537 legationis
923 2475 1020 2528 torum
1049 2471 1190 2543 regalium
1220 2472 1290 2540 dixi,
1321 2478 1434 2546 septem
1461 2475 1750 2547 episeoposunodia

44 2566 149 2623 effectu
166 2568 194 2619 et
217 2561 273 2617 voti
296 2565 463 2628 compotem
486 2558 537 2627 [ct.
557 2556 651 2612 Patris
665 2554 829 2627 apostolici,
845 2558 873 2609 et
924 2563 1088 2618 cnutum„
1103 2563 1262 2632 offiium,
1276 2580 1400 2636 quorum
1428 2566 1545 2623 nomina
1568 2571 1597 2623 et
1616 2564 1695 2623 ¹⁰0oe
1709 2564 1750 2623 ibi

44 2653 200 2727 legationis
214 2653 318 2708 effectu
335 2648 393 2706 voti
403 2647 579 2720 compotem]
597 2647 692 2702 redire
709 2647 872 2702 concessit:
926 2651 975 2724 qui
990 2651 1077 2717 volet,
1092 2651 1176 2721 tegat.

49 2735 875 2817 etpriminostridoctorissanctissimamsedemadpri·
960 2739 1129 2813 llabuitquc
1157 2757 1358 2799 successorem
1383 2742 1565 2812 ethelmum,
1595 2758 1688 2800 ocum
1716 2758 1752 2799 er

51 2833 161 2892 sticum
179 2830 294 2887 culmen
311 2828 461 2901 dignitatis
473 2828 677 2899 perleiterum
693 2824 820 2882 exaltare
831 2824 875 2879 di·
925 2828 995 2897 illis,
1012 2845 1097 2900 quern
1114 2829 1241 2887 ecclesie
1256 2831 1609 2890 w0110ngpofdpngvgmg

51 2931 158 2995 8⁰⁸¹¹¹³
173 2924 237 2977 0⁸i²
253 2934 317 2990 lluae
343 2917 499 2988 ⁰⁰j⁰⁸d1¹ffl
525 2913 715 2972 diileflflit‘ssit
738 2913 874 2978 scillula.
961 2918 1096 2976 Athalrno
1111 2919 1254 2975 successit
1268 2919 1426 2977 wilelmus
1448 2921 1588 2978 tredecim
1614 2923 1699 2979 annio
1722 2921 1752 2979 in

51 3010 246 3086 quorumdam
256 3004 744 3065 invidiosacontentioncadhoram
754 3004 876 3060 discissa
890 3048 913 3115 c
927 3008 1041 3076 wellis,
1057 3007 1213 3080 eidemque
1227 3008 1367 3066 defuncto
1382 3011 1412 3067 ῑιι
1427 3010 1596 3069 cantuaria,

51 3118 117 3160 esse
141 3099 301 3156 ridebatur.
318 3096 462 3168 lielixqui
478 3101 620 3151 unitatem
645 3093 726 3166 pacis
750 3094 877 3149 fraterno
965 3102 1045 3153 Tunc
1070 3099 1129 3154 Odo
1149 3103 1268 3155 sanctus
1292 3098 1522 3157 wiltunensium
1549 3102 1754 3174 episcopusin

52 3207 152 3251 amore
175 3205 347 3246 conservare
371 3188 489 3254 studet;
506 3187 555 3242 sed
572 3184 622 3241 ills
644 3183 738 3240 multo
754 3183 875 3250 lelicior,
931 3187 1182 3261 archiepiscopum
1212 3188 1314 3260 viginti
1340 3189 1425 3245 annis
1448 3191 1579 3247 emicuit.
1605 3191 1755 3263 Siquidem

52 3282 103 3355 qni
120 3281 157 3337 ab
172 3278 238 3336 aliis
250 3277 544 3349 disruptacharitatis
554 3278 666 3331 viscera
677 3274 723 3345 pio
733 3273 830 3329 labore
840 3273 876 3329 ad
932 3281 1036 3347 prater
1055 3276 1122 3332 illos
1137 3277 1269 3350 quinque
1283 3280 1493 3335 westsaxoniae
1507 3279 1671 3353 episcopos,
1682 3295 1757 3353 quos

52 3369 143 3429 unlus
158 3382 330 3440 compagem
345 3364 474 3437 corporis
485 3364 643 3421 relormare
659 3362 773 3419 nititur.
786 3362 880 3434 lgitur
931 3365 1068 3422 Edwardi
1079 3365 1560 3439 senioristemporePlsimnndum
1570 3382 1757 3425 consecrasse

54 3476 135 3520 nuno
146 3459 240 3533 gratia
250 3462 386 3529 operante
398 3453 495 3509 divina
506 3451 817 3508 membrorumnnitas
827 3451 878 3506 ad·
933 3456 1031 3512 nescio
1055 3455 1170 3527 quoties
1194 3454 1263 3524 dixi,
1289 3472 1345 3513 uon
1375 3457 1467 3513 multo
1492 3462 1558 3530 post
1581 3458 1698 3514 additus
1713 3461 1759 3514 est

53 3555 142 3611 haret
152 3548 243 3622 capiti
256 3546 418 3618 proprio‚ct
427 3541 750 3613 sacerdotalisdignitas
759 3541 880 3612 antiquo
933 3552 1043 3609 sextus,
1053 3544 1102 3617 qui
1114 3545 1235 3602 haberet
1245 3547 1343 3602 sedem
1355 3546 1384 3602 in
1395 3546 1598 3615 Ramesburia,
1610 3548 1757 3605 dimceslm

53 3640 219 3717 gratulatur
232 3638 354 3699 honore,
370 3639 399 3690 et
414 3648 553 3703 germana
568 3649 624 3704 pax
647 3631 722 3687 inter
745 3647 881 3686 summos
933 3633 963 3690 in
979 3633 1153 3689 Wiltonecsi
1171 3650 1256 3706 pago,
1268 3638 1602 3708 parmanenteepiscopo
1614 3637 1643 3692 iu
1661 3637 1753 3693 Scire·

54 3729 211 3788 Britannia
227 3726 380 3799 pontilices
392 3720 577 3792 splendescit,
589 3730 615 3775 et
626 3719 680 3775 sub
693 3719 807 3774 duabus
819 3734 881 3774 mc·
935 3722 1051 3786 burnis,
1068 3720 1202 3791 salvaque
1218 3721 1354 3791 parochia
1369 3723 1552 3781 Dorsatecsis
1567 3729 1595 3780 et
1609 3723 1756 3780 Berteusis

54 3819 301 3893 tropolitanorum
313 3812 479 3871 civitatibus
488 3827 548 3866 una
558 3810 711 3882 pietatiset
721 3808 881 3865 concordia
936 3811 1013 3883 pagi.
1023 3810 1131 3866 Odouis
1142 3810 1231 3881 igitur
1247 3826 1304 3866 non
1320 3809 1412 3867 levem
1423 3811 1452 3866 in
1464 3814 1619 3869 sanctitate
1630 3818 1658 3869 ot
1671 3812 1756 3868 nitra·

56 3912 135 3983 viget
149 3907 293 3974 voluntas,
310 3907 388 3961 sicut
402 3903 432 3958 in
447 3900 552 3958 litteris
567 3904 669 3957 vestre
694 3897 882 3956 beatitudinis
936 3898 1010 3957 culis
1021 3898 1143 3971 gloriam
1156 3899 1246 3955 libare
1259 3904 1374 3972 parest,
1387 3906 1529 3973 quantum
1540 3901 1575 3958 ad
1586 3917 1638 3957 nos
1649 3917 1683 3958 ex
1694 3917 1759 3958 snc-

56 4001 168 4057 lectum
185 3995 325 4054 inceptui,
341 4016 356 4047 ,ι
936 3990 1068 4047 cessione
1094 3989 1171 4044 lama
1195 3989 1335 4056 manavit,
1350 3995 1379 4046 et
1393 3990 1448 4047 linc
1473 4006 1530 4046 non
1554 3991 1648 4047 solum
1663 3990 1699 4049 da
1713 4008 1758 4060 eo,

95 4091 167 4145 ltcm
179 4088 208 4142 in
220 4085 276 4143 alia
285 4082 409 4158 epistola
420 4080 571 4138 intercedit
581 4079 809 4154 proilerciorum
821 4077 882 4151 epi·
936 4082 986 4138 sed
1003 4089 1030 4136 ct
1045 4081 1081 4136 de
1091 4079 1157 4136 aliis
1173 4080 1283 4137 sanctis
1297 4081 1415 4154 lcglite,
1428 4099 1553 4156 quorum
1570 4091 1701 4138 occurret
1714 4099 1761 4138 oo·

60 4177 296 4251 scopoutvireue
308 4169 657 4247 palliouonexuctur,his
669 4167 882 4225 vorbis:«San·
937 4170 1025 4234 casio,
1042 4169 1136 4225 lacere
1151 4168 1206 4226 lert
1220 4168 1350 4240 animus,
1368 4173 1526 4241 presertim
1542 4187 1667 4244 quorum
1683 4174 1763 4242 gerla

59 4273 173 4326 starum
186 4265 400 4336 Scripturarum
418 4261 502 4318 lectio
518 4264 656 4331 pertucm
672 4257 881 4316 sanctissimam
938 4276 996 4315 non
1013 4258 1122 4331 ubique
1136 4263 1207 4314 sunt
1221 4258 1364 4327 celebria;
1377 4276 1445 4315 nam
1461 4276 1562 4316 eorum
1579 4266 1673 4330 gesta,
1689 4274 1764 4332 quos

56 4346 885 4419 curamrenoveturetecolasicstiesdignitasubiqusexal·
938 4346 1064 4402 aliorum
1084 4343 1253 4401 extulerunt
1278 4346 1396 4417 ingenia
1411 4346 1459 4403 hio
1474 4347 1649 4402 enucleatim
1670 4344 1764 4402 revol-

60 4451 147 4514 totur,
158 4449 187 4500 el
199 4446 300 4499 cancta
315 4439 399 4496 sedes
413 4455 476 4510 qua
492 4436 585 4508 prima
601 4436 655 4493 luit
665 4438 694 4492 in
714 4437 780 4505 lide,
793 4438 886 4509 prima
900 4422 924 4487 D
942 4451 1017 4503 rere,
1029 4451 1075 4490 res
1089 4440 1165 4491 esset
1182 4436 1327 4491 amentia.
1341 4434 1403 4492 Odo
1414 4441 1447 4491 nt
1463 4436 1596 4492 testatior
1610 4435 1673 4506 rjus
1687 4437 1765 4491 esset

62 4537 102 4592 sit
112 4535 142 4590 in
153 4531 308 4588 sanctitate
322 4534 351 4585 et
365 4528 487 4597 honore,
498 4542 564 4597 quar
574 4528 679 4597 partim
695 4525 820 4583 discissa
832 4534 886 4587 est.
943 4526 1107 4582 sanctitatis
1121 4525 1245 4591 indoles,
1258 4528 1334 4583 sicut
1348 4531 1414 4582 ortu
1426 4542 1479 4582 suo
1490 4528 1642 4583 dumorum
1659 4524 1766 4596 asperi·

63 4638 121 4678 non
138 4615 303 4674 rationabili
319 4614 554 4672 consideratione
569 4613 618 4669 sed
630 4613 757 4684 quadam
774 4611 889 4684 pietatis
943 4619 1033 4671 tatem
1044 4617 1188 4671 eluctatur
1202 4631 1268 4672 rosa
1282 4615 1542 4686 depreassleritate
1552 4617 1669 4683 Dacica,
1680 4614 1765 4684 cujus

62 4708 232 4780 cupiditate.
242 4705 323 4770 Quod
336 4704 359 4761 si
372 4701 434 4759 lieri
446 4702 537 4773 possit
552 4709 583 4756 ut
598 4700 719 4772 pscillce
732 4701 890 4778 adunetur,
943 4704 1038 4776 gentis
1048 4701 1191 4760 oriundus
1201 4714 1271 4773 erat,
1281 4704 1309 4760 in
1320 4721 1455 4777 maguum
1468 4708 1615 4777 specimen
1626 4703 1766 4760 bonitatis

61 4804 90 4855 et
104 4796 209 4854 scissio
225 4792 409 4860 resarciatur,
422 4791 531 4847 bonnm
545 4789 731 4846 videturesse
743 4805 891 4847 cumcon·
945 4792 1048 4849 evasit.
1059 4797 1195 4849 Parentes
1211 4794 1274 4866 ejus
1289 4805 1417 4866 tempore
1432 4795 1511 4867 regis
1524 4794 1633 4851 Ellredi
1645 4793 1766 4849 intesta-

62 4888 128 4946 silio
144 4885 277 4942 omnium
293 4882 480 4938 sacerdotum
496 4878 604 4935 Christi
620 4882 649 4934 ct
663 4878 824 4950 coepiscopi
842 4895 891 4936 ve·
945 4887 1046 4940 verant
1070 4885 1214 4955 Angliam,
1237 4887 1300 4955 ipse
1322 4888 1433 4944 esteris
1455 4887 1499 4944 rel
1524 4886 1701 4943 abeuntibus
1723 4883 1767 4942 cel

63 4979 117 5036 stri
131 4973 322 5032 liberacensis
339 4969 468 5027 ecclesia
480 4973 512 5024 nt
522 4969 583 5038 fiat,
595 4967 634 5023 ita
644 4973 743 5024 temen
758 4972 791 5024 ut
806 4969 892 5026 Pater
945 4972 1098 5031 exstinctis
1111 4975 1255 5032 Edwardo
1267 4976 1437 5050 aliquandiu
1454 4976 1596 5047 militans,
1607 4991 1661 5032 nec
1676 4975 1768 5032 mullo

65 5069 132 5142 pius
147 5065 251 5122 diebus
265 5065 328 5119 suis
344 5060 432 5134 pallio
448 5075 506 5115 non
522 5067 655 5130 exuatur,
667 5057 734 5114 licet
748 5058 892 5117 ordinatio
946 5067 1013 5134 post
1036 5079 1149 5120 comam
1176 5068 1279 5121 tonsus
1301 5065 1471 5123 clericatum
1497 5067 1647 5137 protessus
1665 5064 1768 5131 luerat,

64 5157 269 5230 cpiscoporum
285 5154 321 5209 ad
338 5159 469 5209 sanctam
485 5152 514 5205 et
527 5148 652 5220 primam
677 5147 774 5206 sedern
797 5163 891 5206 recur-
946 5151 1552 5223 meritisquecrebrescentibuswiltunensi
1562 5152 1695 5211 Ecclesia
1703 5170 1772 5221 prse-

66 5250 122 5302 rat.
143 5265 157 5295 ιι
946 5240 1034 5310 latas,
1051 5257 1145 5314 regem
1161 5243 1361 5300 lithelstcnum
1378 5244 1408 5301 in
1424 5244 1471 5301 sui
1486 5243 1646 5302 amicitiam
1661 5244 1772 5301 exolve-

103 5334 167 5389 luit
184 5332 273 5405 igitur
290 5331 465 5388 Ethelardus
479 5344 566 5398 onus,
584 5328 634 5402 qui
651 5328 736 5386 nobis
750 5344 808 5386 nou
824 5344 895 5385 cun·
949 5336 1013 5400 rat,
1031 5332 1109 5388 unde
1133 5331 1242 5388 luctum
1267 5338 1322 5402 est,
1343 5341 1374 5389 ut
1399 5349 1466 5406 rege
1488 5340 1590 5391 contra
1614 5333 1771 5390 luctarum

69 5425 178 5483 ciendo
188 5422 239 5479 sed
252 5422 411 5492 satagendo
424 5419 633 5476 restituitrem:
647 5417 711 5476 licet
722 5418 798 5475 enim
809 5419 895 5475 nobis
949 5421 1091 5493 prolecto,
1106 5421 1262 5494 episcopus
1277 5422 1361 5480 lateri
1385 5424 1512 5493 adesset,
1528 5424 1578 5496 qui
1592 5438 1732 5480 accensor
1744 5420 1775 5476 in

71 5512 199 5574 mutuari
215 5511 329 5567 dictum
343 5508 430 5565 Ennii
443 5509 480 5565 dc
493 5508 633 5566 Fabiolli
644 5524 703 5567 non
714 5507 807 5567 solum
820 5508 894 5566 Can·
956 5511 1117 5584 prosperis,
1133 5519 1279 5571 corrector
1299 5512 1328 5570 ln
1351 5512 1480 5571 fortuitis
1506 5516 1591 5570 essct.
1608 5511 1703 5577 Quare
1725 5510 1777 5568 illc

235 5641 369 5698 Paraoc.
393 5632 550 5695 CLXXIX.
1576 5641 1615 5697 4⁶
