3750 6000
42 278 46 285 Ι
141 202 220 263 tlte
595 197 792 261 Wlntstltt
816 193 1185 259 ttatmsssttntettsm
1208 196 1386 258 montelli
1447 226 1450 231 ·
1767 194 1845 256 fldil

140 348 192 390 rex
206 330 377 389 detrectavit
401 332 559 405 suscipere,
583 333 703 397 astutia,
723 348 781 404 qua
804 345 960 389 consueve-
976 332 1002 399 Α
1018 329 1846 405 importunitateeacuaret,curiamrsuit,moxqusinduf·

142 429 197 492 rat,
208 423 399 495 probibitores
410 439 443 479 ox
455 428 536 494 parte
555 422 706 494 apostolici
719 424 965 478 subornanstlcc
1017 419 1146 491 gentiam
1175 420 1291 479 comitis
1322 423 1438 490 meruit,
1461 421 1540 492 quod
1564 420 1614 478 ille
1638 424 1738 479 statim
1766 423 1847 480 visa·

142 512 237 568 multo
255 517 320 584 post
334 511 364 566 iu
375 511 584 568 Normenniem
599 513 741 584 navigans
756 513 812 566 sub
823 509 967 566 velamine
1018 509 1103 566 nitate
1118 527 1222 566 sensus
1238 510 1431 580 intonuisset,
1447 516 1564 583 quante
1581 511 1744 583 prudentiae
1771 517 1845 570 Lau·

142 600 263 657 honoris
291 598 374 655 illum
401 600 573 656 renitentem
598 616 696 658 secum
719 601 817 661 traxit.
834 616 871 655 ue
896 599 967 670 quid
1019 597 1136 655 francus
1158 605 1236 656 esset
1259 616 1294 656 ex
1317 600 1459 671 dignitate
1479 599 1665 673 frontispicii,
1687 605 1717 659 et
1742 601 1846 658 facetia

142 689 280 762 perfidie,
292 691 460 755 asabsenta,
472 705 521 759 per
532 689 597 760 ejus
608 690 812 747 auctoritatem
824 687 967 760 iuAnglia
1019 688 1306 760 responsi,interiera
1319 691 1498 760 conjectans.
1510 691 1567 745 Nec
1576 691 1668 746 multo
1686 695 1754 761 post
1768 693 1842 762 apud

31 804 36 809 ·
143 776 312 850 pullularet.
324 779 399 834 luter
414 777 692 849 qusdlfftciledictu
703 782 757 839 est,
771 777 889 850 quantis
898 793 965 833 eum
1020 777 1182 833 Cadomum
1198 778 1334 834 abbatem
1350 779 1428 847 fecit,
1443 778 1494 834 ubi
1509 783 1612 834 sancto
1622 779 1770 850 Stephano
1787 795 1845 835 mo·

144 867 288 937 exceperit
301 866 404 923 officiis
422 868 575 941 dignanter
590 869 756 940 ubicunque
775 868 904 926 incorum
920 886 967 925 as·
1021 868 1179 922 casterium
1197 884 1213 923 a
1234 867 1432 923 fundamentis
1447 866 1601 925 levaverat.
1617 867 1692 933 Quia
1709 872 1739 924 at
1763 868 1844 941 regni

144 956 303 1028 surgendo,
319 961 347 1012 et
361 961 539 1012 contraeum
554 956 584 1013 iu
600 962 737 1013 omuibus
753 958 967 1030 episcopatibus
1021 956 1186 1029 fastigiatus
1202 956 1283 1026 solio,
1300 957 1564 1028 archiepiscopum,
1580 958 1693 1026 uldixi,
1704 958 1844 1024 instituit,

145 1045 329 1102 Narmannia
345 1055 372 1100 et
386 1046 512 1102 abbatiis
530 1048 614 1120 longe
628 1048 702 1104 serie
722 1064 835 1119 pompe
850 1048 968 1118 procedi
1021 1047 1097 1117 quod
1113 1047 1176 1118 ipse
1192 1046 1296 1102 melius
1321 1047 1429 1118 scripto
1453 1063 1507 1102 suo
1528 1047 1699 1114 insinuabit,
1717 1049 1794 1119 quud
1811 1048 1845 1104 da

145 1135 287 1190 faciendo.
312 1134 367 1190 Sed
392 1136 534 1207 quidquid
561 1136 607 1192 bis
631 1139 777 1207 tegebatur
800 1137 967 1203 involucris,
1021 1136 1203 1191 ordinatione
1227 1152 1291 1201 sua,
1315 1135 1402 1191 etde
1426 1137 1622 1192 controversia
1650 1136 1730 1192 inter
1758 1153 1790 1193 aa
1815 1140 1843 1193 at

146 1224 242 1294 erupit
255 1225 284 1280 in
300 1223 411 1279 clarum
424 1226 557 1280 veniente
575 1226 605 1281 in
621 1226 755 1298 Angliam
770 1226 967 1295 llrmenfredo,
1023 1224 1235 1281 liberacensem
1251 1225 1388 1281 Thomam
1401 1230 1587 1282 commotast
1601 1225 1844 1293 sedata,ilaacri·

148 1314 297 1370 Seduense
311 1317 459 1386 episcopo,
476 1313 569 1386 lagutc
588 1315 744 1370 Alexandri
760 1332 851 1386 pspae,
866 1315 916 1388 qui
932 1316 968 1372 ad
1022 1312 1090 1384 psit.

147 1402 328 1459 voluntatem
339 1406 425 1472 regis,
437 1407 536 1458 coacto
552 1402 675 1459 concillo
690 1404 863 1475 stigandum
880 1405 969 1477 depo·
1057 1402 1140 1458 Anno
1155 1401 1311 1458 Dominicae
1327 1401 1538 1459 incarnationis
1553 1402 1710 1460 millesimo
1727 1408 1846 1476 septua-

149 1493 219 1557 suit,
232 1491 318 1547 fidem
330 1489 480 1546 Williclml
491 1492 698 1562 appellantem,
711 1498 739 1549 et
748 1493 917 1550 violentiam
930 1510 971 1550 re·
1022 1490 1135 1562 gesimo
1149 1491 1267 1547 intravit
1281 1491 1433 1563 Anglicam
1449 1496 1556 1549 terram
1568 1492 1749 1549 laufrancus
1760 1493 1848 1549 Gade-

149 1580 334 1636 clamantcm.
357 1579 389 1634 Et
414 1581 547 1651 quamvis
572 1579 621 1635 ille
644 1597 674 1636 ae
696 1580 803 1638 blande
827 1598 970 1638 excusans
1023 1580 1133 1634 mensis
1149 1580 1271 1636 coenobii
1292 1581 1393 1648 abbas,
1411 1582 1593 1638 moventibus
1609 1587 1638 1638 et
1654 1581 1847 1655 praecipienti-

149 1674 325 1741 prnceptum
342 1685 421 1738 pape
437 1670 602 1737 objectaret,
620 1686 677 1725 uon
693 1676 789 1726 tamen
803 1672 968 1742 opinionem
1023 1667 1079 1724 bus
1094 1668 1253 1725 Willielmo
1268 1668 1395 1741 glorioso
1420 1685 1488 1742 rege
1511 1670 1683 1740 bogiorum,
1698 1675 1731 1726 et
1756 1670 1847 1727 felicis

150 1757 288 1813 allectam
302 1756 492 1828 depositionis
507 1757 638 1827 exclusit,
654 1760 730 1830 quod
755 1776 820 1815 eum
837 1767 898 1817 toto
912 1777 971 1817 evo
1024 1759 1171 1813 memoriae
1187 1758 1349 1815 Alexandro
1361 1759 1450 1814 totius
1465 1764 1570 1815 sancta
1586 1759 1847 1815 sustentaremus

149 1848 180 1902 in
199 1846 319 1902 vinculis
338 1849 492 1903 Wintnnim
509 1847 654 1904 habuerit.
672 1848 713 1904 lbi
728 1865 797 1921 ergo
813 1850 971 1922 stigandus
1024 1844 1170 1916 pontillce.
1187 1844 1215 1898 ls
1230 1850 1293 1914 post
1304 1860 1411 1916 paucos
1426 1843 1473 1898 sui
1485 1843 1691 1899 introituadies
1703 1842 1847 1899 Dorober·

148 1938 231 1993 tenui
248 1937 322 1992 victu
338 1940 427 1992 vitam
443 1938 585 2004 toteravit.
597 1940 674 2009 quod
690 1939 715 1995 si
732 1957 834 2010 parum
851 1943 885 1996 ce
901 1943 971 1997 ttsco
1024 1949 1143 1989 oensem
1154 1931 1312 1988 scelestam
1329 1931 1460 2003 suscepit
1475 1933 1643 2003 regendam.
1656 1932 1848 1988 Consecratur

150 2027 305 2091 ferebatur,
322 2034 350 2081 at
366 2026 426 2096 ipsc
442 2027 572 2096 ingenita
592 2030 697 2083 mentis
718 2029 826 2084 duritia
848 2029 920 2085 nibil
935 2030 972 2086 de
1024 2028 1069 2078 tsi
1084 2031 1181 2077 autem
1198 2032 1301 2094 quatio
1326 2022 1519 2079 Kalendarum
1535 2021 1715 2093 Septembris
1735 2021 1767 2076 in
1782 2020 1849 2077 sedo

149 2131 200 2172 suo
216 2115 316 2171 infarri
332 2121 491 2186 pateretur.
504 2117 576 2180 Quin
589 2122 618 2173 et
632 2116 819 2174 hortantibus
830 2119 934 2174 amicis
944 2126 972 2176 et
1025 2111 1177 2182 Metropoli
1187 2129 1203 2166 a
1213 2111 1404 2180 suffraganeis
1416 2110 1510 2183 ipsius
1520 2110 1768 2167 sedisWillielmo
1778 2113 1847 2166 Lon·

149 2203 294 2274 praecipue
309 2203 410 2276 regina
427 2203 558 2273 litlgitba,
575 2205 712 2261 Edwardi
728 2206 801 2277 regis
817 2206 928 2275 relicta,
939 2211 971 2263 ut
1024 2201 1160 2256 donicusi
1184 2200 1330 2272 episcopo,
1347 2200 1480 2256 Siwardo
1500 2198 1637 2265 nonensi,
1662 2197 1848 2256 Walcbslmu

149 2308 180 2348 se
204 2292 354 2348 delicatius
378 2294 496 2349 vestiret
510 2300 539 2350 et
559 2300 699 2365 pasceret,
716 2311 768 2367 per
791 2312 877 2352 omne
902 2313 972 2352 san·
1025 2293 1181 2357 Weutano,
1194 2290 1325 2360 Remigio
1336 2289 1541 2345 Doreensisive
1552 2288 1764 2354 Lincclnieuat,
1780 2287 1848 2344 tisr-

149 2383 229 2435 ctum
239 2379 388 2450 pejerabat
399 2396 456 2434 nou
468 2396 499 2436 se
517 2380 621 2436 babere
632 2398 784 2437 nummum
795 2399 848 2439 uec
859 2386 969 2441 valeus.
1025 2379 1099 2435 laetu
1115 2377 1306 2434 Hertnanensi
1321 2379 1381 2434 aive
1390 2378 1603 2442 Tbelfnrdensi,
1615 2377 1759 2449 stigando
1774 2376 1847 2434 Sele·

150 2466 203 2522 Sed
220 2467 288 2523 huic
303 2478 484 2525 sacramento
500 2469 674 2526 soliditatem
690 2472 749 2527 veri
765 2472 893 2529 abfuisse
907 2490 972 2545 prn-
1025 2469 1126 2537 aiensi,
1140 2468 1305 2523 Hermanno
1317 2463 1846 2530 schireburnensi,Giscnewellensi.

149 2555 230 2610 bavit
244 2555 350 2628 ingens
365 2557 407 2612 vis
421 2573 508 2627 opum
522 2564 585 2628 pust
600 2567 725 2615 mortem
740 2561 803 2630 ejus
817 2562 845 2616 in
856 2564 970 2618 subter·
1025 2558 1136 2623 Ceteri,
1152 2557 1201 2627 qui
1218 2558 1355 2613 absentes
1371 2557 1496 2624 fuerunt,
1514 2571 1617 2611 causas
1633 2571 1696 2611 sues
1712 2555 1847 2612 absentia

149 2644 245 2700 reneis
261 2645 404 2713 specubus
422 2646 619 2713 inventarum,
636 2649 671 2703 ad
689 2664 812 2721 quarum
829 2649 970 2708 indicium
1026 2654 1085 2703 tam
1103 2646 1205 2719 legatis
1228 2662 1317 2718 qoam
1343 2645 1447 2702 litteris
1471 2643 1675 2701 ostenderunt.
1692 2645 1760 2717 lpeo
1774 2659 1847 2700 annu

150 2737 183 2787 ut
197 2732 357 2803 veniretur,
373 2732 481 2789 auxilio
497 2733 550 2788 fuit
566 2735 706 2791 clavicula
720 2737 796 2792 colle
813 2740 971 2796 exanimati
1026 2739 1155 2793 Thomas
1172 2736 1362 2793 liberacensis
1372 2735 1506 2793 Ecclesia
1518 2737 1644 2792 antistes
1654 2735 1849 2791 electusCau·

151 2819 328 2891 dependens,
346 2836 411 2892 quaa
432 2820 584 2878 familiaris
598 2825 699 2880 scrinii
714 2832 790 2881 essct
813 2832 921 2895 custus,
937 2845 972 2885 ea
1025 2826 1151 2881 luariam
1162 2841 1196 2880 ex
1210 2826 1306 2898 prisca
1316 2825 1529 2881 cousuetudine
1539 2824 1575 2879 ab
1583 2840 1616 2880 eo
1627 2826 1791 2881 sacrandus
1801 2824 1850 2879 ad·

150 2923 220 2964 aera
245 2907 388 2977 immissa,
409 2911 606 2966 manifestavit
626 2929 677 2985 per
691 2915 807 2971 cbsrtas
827 2917 971 2986 inventas,
1024 2915 1111 2983 venit,
1124 2931 1141 2971 a
1154 2930 1288 2986 quocum
1300 2913 1852 2985 Lanfrancusscriptamdeobedientia

149 2998 179 3052 et
207 2995 375 3066 qualitatem
405 2998 587 3058 metallorum
616 3008 646 3059 et
680 3005 869 3075 quantitatem
897 3022 969 3078 pnn-
1026 3002 1850 3076 suaprnfessionemcumadiectionejurisjurandi,custc·

150 3084 263 3140 derum.
986 3069 1008 3137 C
1027 3094 1432 3151 ditoautecesscrumsuorum
1440 3097 1850 3164 more,expoacsrat:respon·

186 3173 322 3231 Nondum
347 3175 396 3233 ille
419 3178 574 3247 efflaverat,
597 3199 664 3239 cum
689 3200 706 3240 a
729 3183 889 3242 Willielmo
904 3202 972 3258 rege
1027 3182 1280 3239 dithomasseid
1295 3180 1602 3254 nunquamfacturum
1616 3180 1849 3252 uiaipriusscri·

151 3265 330 3322 Lanlrnncus
340 3266 528 3326 Gadcmeusis
540 3273 629 3328 abbas
640 3274 674 3329 ad
686 3274 970 3348 archiepiscopatum
1026 3278 1092 3345 ptas
1106 3273 1142 3327 de
1157 3271 1211 3328 bac
1223 3287 1253 3327 re
1264 3272 1452 3327 auctoritates
1461 3270 1580 3342 legeret,
1589 3268 1645 3325 nisi
1656 3274 1748 3326 testes
1764 3269 1847 3340 bajus

150 3353 261 3410 electus
275 3360 329 3410 est.
348 3355 374 3412 Ia
387 3365 470 3426 gente
483 3360 697 3431 Langobardos,
710 3380 767 3420 nou
779 3369 849 3420 alteo
859 3367 972 3436 abjecta
1027 3364 1210 3436 antiquitatis
1219 3368 1377 3419 assertores
1386 3366 1534 3416 cerneret:
1546 3364 1706 3431 postremo,
1716 3361 1774 3415 uisi
1783 3375 1847 3416 cun·

152 3447 180 3498 et
195 3445 318 3500 obscura
334 3447 472 3516 progenie
494 3450 633 3505 oriundus
648 3458 719 3508 erat.
736 3454 789 3508 Sed
810 3453 973 3510 litteratura
1026 3471 1112 3524 gruas
1127 3469 1215 3524 super
1226 3452 1281 3508 bac
1295 3468 1326 3507 re
1338 3451 1461 3507 rationes
1472 3449 1596 3515 audiret,
1608 3449 1715 3518 quibus
1731 3449 1758 3504 id
1775 3449 1846 3520 juste

152 3533 331 3604 perinsignis
346 3534 480 3592 liberales
494 3543 571 3593 artes
587 3556 648 3611 qua
661 3543 832 3610 jamdudum
853 3546 972 3601 sordue·
1027 3552 1055 3600 et
1066 3542 1277 3599 rationabiliter
1287 3541 1349 3596 eine
1360 3555 1419 3594 sun
1431 3538 1563 3594 Ecclesia
1575 3536 1748 3609 prejudicio
1759 3537 1847 3594 facere

153 3625 231 3690 cont,
248 3639 264 3677 a
279 3622 357 3678 Latio
372 3623 401 3679 in
417 3625 525 3683 Gallias
541 3644 659 3697 vocans,
670 3634 805 3689 acumine
820 3651 872 3690 suo
888 3651 973 3705 expc-
1028 3633 1154 3689 deberet.
1171 3632 1230 3688 Hoc
1240 3638 1336 3687 autem
1348 3629 1512 3701 ignorantia
1523 3626 1616 3697 magis
1626 3642 1717 3698 quam
1729 3627 1846 3700 spiritua

154 3709 228 3777 livit,
246 3714 419 3770 teneriorem
434 3722 549 3773 aetatem
567 3718 596 3775 iu
613 3721 802 3780 sacularibus
827 3726 973 3794 deterens,
1027 3722 1092 3778 clati
1109 3721 1269 3793 pertinacia
1284 3720 1416 3776 faciebat.
1434 3719 1530 3774 Novus
1545 3720 1623 3773 euim
1644 3717 1734 3773 honio
1748 3721 1778 3773 et
1792 3717 1847 3771 An·

152 3799 182 3856 in
198 3802 354 3873 Scripturis
366 3804 473 3861 divinis
483 3807 581 3864 animo
592 3815 621 3865 et
630 3827 689 3866 aeao
702 3815 851 3869 maturuit.
864 3814 974 3879 Quibus
1027 3809 1320 3884 gliaecnnsuetudiuis
1328 3805 1659 3880 penitusaxpers,verbis
1667 3805 1848 3862 adulatorum

152 3889 383 3946 edoctusmundi
394 3893 690 3969 fumosetampullata
700 3900 852 3972 gentilium
860 3903 975 3974 eloquia
1028 3901 1094 3975 plus
1109 3917 1193 3971 aquo
1206 3904 1235 3955 et
1245 3899 1321 3954 bono
1332 3897 1419 3953 fldem
1436 3896 1600 3952 exhibebat.
1613 3895 1796 3952 Lanfrancus
1809 3899 1848 3949 ta·

152 3978 367 4048 parvipendens
379 3983 974 4057 monachatusdesideriumimbibit,mul·
1029 4006 1095 4046 meu
1112 3990 1141 4045 in
1165 3988 1318 4061 prasentia
1333 4002 1491 4057 paucorum
1517 3984 1734 4054 episcoporum,
1750 3985 1800 4056 qui
1815 3982 1847 4039 ad

153 4067 249 4138 lisque
264 4070 313 4124 diu
329 4070 400 4127 locis
413 4073 632 4147 circumspectis
647 4094 682 4134 ex
697 4080 775 4134 omni
788 4080 973 4138 abbatiarum
1029 4095 1094 4135 eum
1106 4094 1157 4149 pru
1167 4078 1222 4135 bac
1234 4076 1649 4141 consecrationeadveuerant,
1662 4077 1740 4144 quod
1753 4081 1847 4145 postu·

152 4156 367 4228 copiailaceum
378 4165 453 4232 apud
466 4163 675 4222 Narmanniam
688 4169 871 4238 potissimum
879 4170 973 4241 elegit,
1029 4166 1108 4222 labat
1123 4165 1260 4222 ostendit.
1281 4166 1317 4220 ct
1330 4162 1379 4219 ille
1401 4167 1578 4235 aspernatus
1602 4159 1714 4229 omnia,
1733 4177 1790 4218 non
1805 4177 1848 4217 sa·

154 4256 326 4320 paupertate
343 4250 398 4305 luci
423 4258 452 4306 el
476 4254 686 4311 monachorum
711 4256 849 4325 religione
873 4267 975 4331 captus
1029 4265 1125 4311 cratus
1142 4254 1294 4320 abscessit,
1306 4254 1383 4325 quod
1396 4269 1445 4308 rex
1456 4252 1579 4307 audieus
1590 4249 1718 4321 graviter
1731 4249 1848 4323 accepit,

69 4377 75 4386 .
152 4337 975 4414 (siquidemaofortcadveniansipsumabbatemilcrle·
1028 4347 1201 4402 existimans
1217 4344 1412 4399 lanfrancum
1427 4343 1539 4413 injusta
1554 4346 1663 4412 petere,
1679 4347 1708 4395 et
1733 4339 1849 4396 scientia

152 4428 264 4480 wlnurn
275 4427 403 4498 notitiae,
414 4429 450 4484 ad
462 4433 630 4503 coquendos
641 4450 732 4505 panes
743 4437 936 4509 succinctum,
948 4445 974 4495 et
989 4441 1014 4509 Ι)
1029 4437 1191 4491 litterarum
1205 4435 1295 4504 tnagis
1307 4449 1394 4502 quam
1404 4432 1523 4486 veritate
1535 4433 1564 4486 et
1575 4429 1686 4484 refirma
1696 4429 1848 4495 confidere,

154 4530 258 4570 manus
271 4515 339 4571 fimo
350 4518 472 4574 oblitum
484 4522 667 4591 conspicatus
677 4523 765 4595 esset)
778 4542 785 4595 ;
799 4527 892 4583 factus
906 4545 974 4600 ergo
1028 4526 1161 4595 quamvis
1171 4539 1223 4578 nec
1234 4524 1289 4594 ipsi
1305 4522 1424 4577 Tbomre
1440 4520 1555 4576 deesset
1566 4518 1730 4574 litterarum
1742 4516 1847 4590 peritia,

153 4601 193 4658 ibi
210 4605 373 4662 monachus
389 4606 485 4677 bomo,
503 4610 552 4680 qui
569 4612 693 4668 nesciret
708 4616 814 4683 agresti
829 4632 915 4687 opere
932 4619 973 4674 vi.
1029 4613 1123 4668 multu
1138 4612 1256 4683 ingenio
1272 4611 1421 4681 multoque
1436 4608 1530 4665 studio
1546 4612 1727 4679 comparata.
1744 4606 1848 4663 Pauco-

154 4695 234 4748 ctum
250 4709 389 4764 querere,
407 4696 535 4768 publicas
554 4699 672 4757 scholas
687 4702 722 4758 de
744 4703 897 4763 dialectica
913 4724 979 4778 pro.
1027 4718 1093 4757 rum
1114 4701 1226 4758 dierum
1251 4699 1346 4772 spatio
1361 4698 1476 4755 evolutu
1492 4697 1673 4754 Lanlrancus
1688 4695 1726 4752 ad
1743 4696 1846 4753 cumam

153 4781 252 4839 fessus
267 4788 321 4852 est,
334 4790 535 4858 ulegestatem
547 4792 716 4847 monasterii
730 4795 898 4852 scholarum
910 4798 980 4857 libe.
1025 4791 1114 4859 venit,
1130 4808 1147 4847 a
1161 4806 1227 4863 ragc
1242 4788 1421 4845 audientiam
1437 4784 1603 4859 postulavit,
1623 4784 1749 4842 redditis
1764 4786 1846 4842 ratic·

154 4872 270 4928 ratitute
285 4876 470 4946 temperaret,
495 4878 582 4935 exivit
598 4879 673 4936 fama
688 4882 751 4952 ejus
766 4887 979 4946 remotissimas
1028 4882 1114 4938 nibus
1138 4880 1201 4952 θῙῑ]8
1225 4878 1356 4936 alimum
1383 4877 1536 4949 mitifflstt
1560 4874 1780 4938 ‘mmmm’
1803 4870 1846 4947 qui

153 4959 319 5017 Latinitatis
335 4964 445 5036 plagas,
462 4972 582 5038 eratque
598 4968 719 5025 Beccum
738 4990 876 5044 magnum
894 4982 922 5032 et
939 4979 978 5033 fu·
1028 4969 1159 5036 &demnis
1175 4983 1236 5022 ⁸⁰⁰³
1256 4966 1330 5037 pnrli
1346 4965 1493 5036 immin]
1513 4962 1615 5018 fldem
1631 4961 1728 5017 ⁸⁰³⁵st
1746 4967 1777 5018 0²
1790 4975 1846 5032 1³0¹·

155 5052 978 5127 mosumlitteraturoegymnasium.Gloriatauntscontta·
1027 5059 1130 5114 suasit·
1146 5056 1231 5128 Angli
1249 5056 1326 5111 essim
1345 5055 1470 5125 quirem
1488 5051 1846 5108 ὓῡῖθῑῦὓῑθθὸθΐῐῑῡῦῑῧΰ·

155 5139 197 5194 vit
219 5143 293 5210 apud
321 5142 463 5213 improbos
486 5146 547 5202 viro
571 5147 721 5218 invidiam,
743 5153 978 5227 capellanis,qni
1026 5152 1091 5221 ejus
1108 5144 1741 5223 peromniaconstantissimetestimonium
1757 5141 1845 5216 perbi-

156 5227 230 5283 intra
246 5231 310 5301 rJus
326 5235 477 5291 scientiam
502 5253 532 5292 sc
557 5238 698 5305 viderant,
714 5242 845 5299 animum
863 5247 979 5302 comicis
1028 5240 1144 5296 bellent.
1160 5242 1260 5310 ltaque
1275 5239 1351 5308 regin
1367 5238 1463 5294 edicto
1487 5235 1695 5305 communique
1719 5235 1845 5293 omnium

155 5316 306 5374 willielmi
322 5323 351 5377 in
364 5325 459 5395 ipsum
474 5329 671 5394 turbantibus,
685 5335 761 5403 quod
778 5351 865 5391 unum
879 5353 977 5392 eorum
1027 5328 1143 5386 decreto
1156 5334 1300 5386 statutum
1316 5331 1372 5395 est,
1388 5328 1424 5383 ad
1447 5342 1574 5398 presens
1586 5325 1694 5382 debere
1707 5325 1846 5382 Thamara

156 5405 253 5477 palam
268 5411 302 5464 de
328 5412 443 5471 inscitia
460 5417 611 5475 ittcrnrum
633 5420 781 5479 irrisisset.
798 5425 979 5497 Quapropter
1027 5419 1064 5474 ad
1080 5422 1202 5475 matrem
1216 5417 1397 5489 totiusregui
1408 5415 1566 5472 Ecclesiam
1579 5413 1684 5482 redire,
1698 5411 1847 5486 professio·

155 5494 339 5556 Lautrencus
354 5503 481 5562 edictum
495 5509 652 5583 accipiens,
664 5511 913 5572 utNormanniam
925 5531 979 5573 sua
1027 5525 1096 5570 uem
1111 5510 1250 5579 scribere,
1267 5506 1407 5580 scriptam
1418 5505 1524 5581 legare,
1535 5504 1639 5566 lectam
1648 5500 1728 5585 iales
1741 5500 1846 5569 clami·
