3750 6000
175 182 228 238 227
811 166 1017 225 lNNOCliNTll
1036 168 1059 225 il
1079 167 1175 222 rava

154 301 351 379 vigorjuatitiae
365 301 393 357 in
408 305 535 373 promptu
554 297 657 355 habens
676 295 768 352 ulcisci
781 311 889 351 ornnem
905 294 949 349 in·
964 298 990 373 ,t
1005 290 1132 364 possidet,
1161 290 1197 347 ab
1224 288 1301 348 omni
1328 297 1473 364 personatu
1501 290 1586 366 libore
1613 292 1757 362 uncinus,
1774 293 1809 349 de

154 392 336 451 obedientiam
353 407 406 446 non
420 389 536 462 ignorat.
551 388 732 442 Exhortomur
745 383 826 457 igitur
838 382 954 438 iraterni·

151 490 234 539 tatem
249 488 364 536 vostram
393 479 420 533 in
449 477 578 543 Domino,
609 484 637 530 ut
666 472 892 544 quemadmodum
908 471 953 525 dr-

152 574 282 647 gnitatem
298 576 414 626 vestram
444 564 602 623 desideratis
631 564 762 619 illibatam
782 562 875 618 asede
890 575 955 633 apo·

150 662 245 718 stolico
260 658 397 726 custodiri,
413 657 449 711 ite
463 672 530 728 erga
543 654 664 710 subditos
682 653 760 707 mites
774 652 831 706 sitis
845 658 872 705 et
886 666 953 722 prae.

150 751 302 824 rogativam
318 745 462 802 audientiae
478 745 504 798 in
527 744 600 797 nullo
616 741 776 796 imminuere
791 747 837 794 unt
855 738 954 793 inirin-

150 857 215 915 gere
230 838 264 893 de
279 844 376 892 coetero
391 833 535 889 attentetis.
552 830 678 902 Alioquin
698 830 732 885 de
750 829 815 884 tenti
831 843 955 884 excessus

151 928 310 1001 impunitate
324 941 380 981 nou
392 921 575 993 judicabimur
603 919 674 992 apud
697 919 844 974 Dominum
861 916 953 989 negli-

152 1024 258 1091 gentes,
283 1013 365 1087 tepidi
379 1013 436 1068 sive
451 1011 500 1067 rei.
516 1010 556 1065 Ex
571 1008 660 1066 officio
673 1007 805 1077 siquidem
819 1006 953 1078 apostola·

154 1115 195 1162 tus
209 1104 329 1175 injuncte
345 1109 386 1158 est
399 1099 478 1156 nobis
490 1116 506 1155 a
520 1100 578 1154 Deo
590 1097 745 1164 necessitas,
762 1103 790 1150 ut
805 1093 954 1164 majoribus

155 1191 303 1251 honorifice
331 1191 512 1264 providentes,
542 1187 647 1243 minora
662 1185 817 1260 bsulubriter
839 1184 897 1240 sine
912 1184 955 1239 lte

156 1285 233 1340 sione
246 1297 383 1338 curemus.

186 1382 255 1437 Date
267 1380 344 1449 Pisis,
361 1392 391 1434 ιιι
406 1377 469 1433 Kni.
489 1374 571 1431 lunii.

483 1471 629 1528 CLXXIX.

227 1572 416 1645 Priuileqiam
426 1587 475 1645 pro
490 1569 664 1627 monasterio
679 1567 881 1625 Nobilineenss'.

395 1668 659 1735 (annonantur.
679 1668 718 1735 2.)

206 1771 384 1843 [Ducunsun
400 1767 471 1821 llist.
487 1765 520 1821 de
536 1765 564 1820 ln
576 1763 686 1819 maison
701 1762 734 1818 de

191 1872 384 1926 lnuocnnrtus
399 1864 550 1936 opiscopus,
575 1877 668 1917 servus
680 1875 818 1916 servorum
834 1859 893 1920 liei.
909 1857 953 1911 di-

154 1961 223 2016 lecto
251 1957 307 2013 filio
336 1956 488 2011 Gusurnuo
516 1950 608 2007 abbati
635 1948 770 2006 Nobiliaci
798 1947 952 2003 monosterii

152 2145 321 2211 perpetuum.

248 2230 447 2291 Confirmamus
459 2228 541 2284 etiam
557 2235 664 2294 terrem,
681 2226 758 2296 juxta
773 2240 846 2280 mare
861 2224 949 2292 situm,

152 2341 233 2399 quam
245 2321 405 2379 Guillelmus
421 2317 607 2374 Beduniensis
618 2315 773 2380 advocatus,
788 2313 951 2369 concedente

151 2414 250 2473 comite
259 2408 417 2467 Plandrensi
426 2406 604 2472 Theoderico,
614 2420 662 2477 pro
675 2402 904 2459 oonmmutotione
917 2402 952 2460 de

149 2501 339 2571 Reschesburg
353 2497 441 2553 eidam
456 2495 577 2551 ecclesiae
591 2493 675 2561 dedit,
692 2500 743 2548 etc.

188 2603 257 2658 Data
270 2597 338 2653 Pisis
349 2611 399 2667 per
410 2609 522 2649 manum
546 2591 672 2648 Almerici
695 2597 795 2646 sanctae
821 2589 951 2643 Romanus

153 2689 282 2748 Ecclesiae
295 2684 402 2741 dinooni
417 2682 570 2748 cardinalis,
600 2689 627 2737 et
640 2679 845 2743 cancellarii,1v
859 2677 951 2732 Nonas

152 2779 234 2846 lunii,
247 2775 393 2832 indictione
408 2787 468 2839 xru,
492 2770 687 2826 lnosmetionis
715 2766 866 2823 Dominicae
879 2780 950 2821 anuo

154 2871 233 2935 1116,
269 2861 444 2934 pontificatus
488 2859 582 2915 domni
627 2857 776 2914 lnnooentii
811 2870 889 2928 papae
924 2853 950 2910 ll

152 2972 224 3016 auno
239 2968 277 3010 xv.

487 3046 620 3104 CLXXX.

152 3151 304 3225 Prioileqio
320 3149 519 3219 libertatesque
532 3145 652 3201 obbvttioe
668 3144 697 3200 S.
711 3143 792 3198 Petri
804 3141 837 3196 in
852 3141 947 3196 monle

167 3232 328 3300 blandinio,
345 3230 454 3289 ordinis
470 3228 497 3286 S.
523 3224 679 3288 denedicti,
703 3222 924 3292 confirmantur.

381 3326 470 3396 (rinno
486 3325 564 3389 1135,
584 3322 648 3376 lun.
671 3323 717 3392 2.)

291 3429 406 3498 [litem.
423 3423 495 3495 Opp.
512 3421 624 3493 diplom.
642 3421 686 3482 tv.
704 3435 730 3490 p.
749 3419 804 3487 to]

184 3530 373 3586 Innocuurvus
385 3522 640 3592 episcopusservus
662 3532 801 3572 servorum
826 3513 885 3581 Dei,
902 3512 945 3568 di-

149 3621 220 3677 lecto
233 3615 289 3671 illio
305 3614 446 3669 Grnosnro
461 3607 617 3664 monasterii
646 3603 827 3660 blandiniensi
842 3602 944 3670 abbati,

148 3708 260 3780 ejusque
273 3699 473 3759 successoribus
488 3698 516 3752 in
531 3701 703 3770 perpetuum.

182 3802 343 3877 Apostolicae
358 3795 510 3854 auctoritati
539 3793 650 3865 expedit
662 3792 804 3866 religiosas
818 3805 945 3862 personas

148 3896 261 3967 diligere
275 3899 302 3947 et
316 3904 407 3945 earum
425 3887 485 3942 loca
499 3885 543 3956 pia
559 3882 725 3957 protectione
735 3880 849 3946 munire,
861 3877 946 3950 quod-

145 4002 199 4059 que
212 3996 295 4057 grave
310 3978 349 4034 eis
362 3983 401 4032 est
416 3975 536 4048 levigare
550 3979 577 4028 et
598 3973 729 4037 relaxare,
751 3977 781 4025 ut
794 3987 828 4025 ex
842 3967 944 4024 indulta

147 4068 337 4132 consolationis
349 4066 438 4140 gratia
451 4064 479 4119 in
494 4062 625 4133 obsequio
636 4061 685 4118 Dei
699 4057 880 4133 promptiores
888 4056 945 4113 eri·

146 4171 230 4222 stant.

182 4262 331 4331 liaproptor
344 4252 487 4324 prelatum
506 4247 695 4305 blandiniense
709 4242 862 4302 coenobium
877 4243 943 4300 sub-

146 4351 229 4408 solius
241 4345 314 4403 beuti
329 4342 399 4398 Petri
414 4347 442 4395 et
460 4346 552 4394 nostre
565 4337 666 4393 ditione
681 4343 761 4407 atque
777 4334 942 4406 protectione

144 4435 296 4511 specialiter
309 4429 480 4501 suscipimus,
496 4433 524 4482 et
536 4433 667 4498 perpetuo
691 4440 802 4481 manere
817 4421 942 4479 decrevi-

142 4542 216 4585 ·rnus.
231 4519 384 4594 Apostollon
412 4514 569 4571 auctoritate
598 4515 797 4580 constituentes,
813 4520 842 4567 ut
855 4512 944 4567 nullus

43 4618 46 4623 ’
144 4616 274 4685 deinceps
284 4609 430 4679 episcopus
444 4611 589 4676 presumat
619 4603 654 4658 da
682 4602 804 4672 ejusdem
828 4601 942 4658 cenobii

144 4703 306 4766 redditibus,
322 4698 411 4762 rebus,
428 4693 519 4761 curtis,
549 4693 592 4748 rel
619 4692 700 4760 villis,
723 4690 846 4763 quolibet
860 4689 942 4747 modo

144 4795 291 4869 quidquam
307 4788 429 4844 minuere
442 4800 492 4840 nee
517 4781 697 4839 immissiones
709 4780 814 4851 aliquas
842 4779 939 4848 iacere,

1013 381 1110 452 quibus
1132 379 1207 435 nulla
1235 396 1284 452 per
1313 381 1455 452 episcopos
1483 381 1528 437 vel
1553 397 1645 437 eorum
1674 381 1811 439 ministros

1013 470 1120 526 exactio
1137 469 1300 540 quibuslibet
1326 468 1514 526 occasionibus
1539 471 1673 544 exigatur,
1688 487 1738 528 nee
1751 471 1813 527 abs-

1013 574 1065 630 que
1080 559 1210 615 canonico
1223 558 1324 627 judicio
1353 558 1532 627 inveniantur,
1554 560 1629 616 salse
1642 559 1670 615 in
1684 560 1812 617 omnibus

1012 647 1157 704 dioecesani
1173 647 1293 720 episcopi
1308 649 1438 704 canonica
1448 647 1561 719 justitia.

1046 748 1159 817 Insuper
1173 745 1328 801 inconvulse
1342 743 1532 801 confirmamus
1558 755 1587 802 ut
1614 746 1761 820 presbyteri
1776 747 1812 804 ad

1010 833 1215 890 eademalturia
1242 835 1428 902 ministraturi,
1457 835 1533 909 prius
1560 835 1595 891 ab
1623 834 1721 893 abbate
1735 844 1761 893 et
1775 837 1811 892 sb

1011 923 1124 979 ecelesia
1138 940 1186 980 suo
1201 924 1291 990 electi,
1323 924 1451 995 deinceps
1478 925 1606 998 episeopo
1619 926 1663 981 vel
1677 924 1811 982 archidia-

1011 1027 1090 1080 cono,
1118 1030 1164 1068 seu
1192 1012 1295 1068 decano
1324 1020 1528 1084 praesententur,
1557 1013 1592 1069 ab
1606 1013 1810 1084 quibuscumm

1012 1101 1162 1156 animarum
1186 1102 1341 1172 suscipiant.
1371 1102 1467 1158 tonsu
1496 1109 1584 1158 autem
1608 1120 1658 1176 pro
1680 1103 1810 1160 rebusad

1013 1190 1203 1245 monasterium
1219 1190 1414 1263 pertinentibus
1428 1191 1547 1246 debitam
1557 1189 1752 1261 subjectionem
1764 1209 1810 1249 ex-

1012 1278 1133 1334 hibeant.
1149 1278 1297 1336 Statuimus
1324 1279 1407 1335 etiam
1434 1287 1464 1335 ut
1491 1279 1612 1352 exceptis
1639 1280 1701 1349 illis,
1717 1279 1809 1353 quiad

1012 1367 1137 1438 proprios
1166 1367 1255 1422 titulos
1282 1368 1398 1424 ordinati
1421 1374 1491 1436 sunt,
1521 1365 1556 1424 de
1582 1368 1810 1426 ecclesiisvestris

1012 1456 1192 1528 presbyteros,
1209 1455 1231 1510 si
1246 1456 1336 1511 minus
1349 1455 1440 1512 idonei
1467 1455 1576 1524 inerint,
1597 1456 1768 1526 removeatis,
1783 1465 1810 1513 et

1012 1560 1122 1600 assensu
1135 1545 1280 1600 dioecesani
1294 1546 1415 1616 episcopi
1444 1545 1557 1602 idoneos
1581 1545 1747 1603 substituatis
1762 1566 1768 1602 :
1785 1555 1811 1603 ot

968 1670 995 1733 Β
1012 1634 1119 1704 nequis
1133 1634 1328 1707 parochianum
1353 1641 1471 1690 vestrum
1499 1634 1636 1690 inlirmum
1651 1636 1712 1692 oleo
1726 1636 1808 1692 inau-

748 1761 904 1830 qupm]
1008 1730 1065 1796 &ab
1083 1724 1126 1780 vel
1140 1731 1215 1778 0¹lm
1230 1724 1386 1795 puocbiam
1414 1722 1504 1794 ducat,
1535 1731 1581 1780 aut
1599 1732 1733 1782 mortuum
1748 1725 1807 1781 sine

1009 1821 1095 1867 vestro
1111 1828 1242 1868 consensu
1256 1812 1383 1883 sepeliat.

1043 1909 1133 1966 Liceat
1147 1924 1254 1980 quoque
1268 1909 1347 1967 vobis
1375 1909 1408 1965 de
1438 1909 1549 1967 notariis
1573 1910 1730 1967 criminibus
1752 1927 1803 1969 ex·

171 2050 177 2061 ,
431 2043 436 2052 .
628 2039 633 2050 .
781 2037 786 2047 .
876 2037 881 2047 .
926 2036 931 2045 ·
1005 2014 1217 2068 communicare,
1232 2007 1260 2055 et
1272 2000 1500 2055 excommunicati
1515 2000 1550 2056 ab
1565 2000 1692 2073 emsoopo
1703 2009 1731 2059 st
1743 2001 1803 2071 ejus

152 2064 264 2122 ejusque
291 2043 490 2101 successoribus
516 2040 678 2114 regulariter
704 2036 898 2094 substituendis
925 2053 952 2090 ιιι
1004 2087 1134 2143 ministris
1160 2104 1209 2159 pm
1237 2088 1477 2145 excommunicans
1514 2088 1672 2160 habeamur,
1701 2097 1728 2147 οι
1750 2091 1802 2146 nisi

1006 2192 1055 2249 per
1069 2191 1119 2232 vos
1131 2177 1203 2232 nullo
1214 2177 1296 2233 modo
1305 2177 1488 2234 absolvantur.
1500 2177 1691 2234 Curiasautem
1701 2188 1803 2238 restris

1005 2265 1033 2320 in
1048 2265 1136 2322 Gallis
1150 2265 1214 2321 sitas
1228 2265 1262 2323 ab
1277 2266 1351 2322 omni
1366 2267 1480 2336 decima,
1500 2273 1612 2339 excepta
1630 2267 1752 2340 frugum,
1765 2268 1802 2324 li-

1005 2354 1084 2410 beras
1097 2354 1293 2421 constituimus,
1322 2362 1349 2409 ot
1376 2362 1484 2422 terram,
1514 2371 1575 2427 quse
1593 2357 1709 2429 propriae
1725 2364 1802 2414 terrae

1005 2451 1101 2500 restrae
1129 2444 1264 2500 alluvione
1279 2443 1361 2499 maris
1374 2444 1531 2511 concrescit,
1548 2443 1627 2500 vobis
1635 2438 1667 2501 'et
1680 2445 1802 2502 ecclesiae

1004 2540 1101 2588 vestrae
1115 2530 1316 2589 continuamus.
1332 2532 1493 2588 lionaelrum
1508 2548 1616 2604 quoque
1629 2533 1663 2590 de
1676 2535 1801 2591 ooenobio

1003 2628 1092 2678 vestro
1119 2621 1153 2676 ad
1180 2621 1389 2677 ecclesiasticum
1417 2622 1538 2677 ordinem
1574 2623 1800 2695 promovendum,

1003 2726 1049 2766 seu
1065 2725 1113 2781 pro
1128 2710 1181 2766 alia
1196 2711 1315 2781 qualibet
1328 2725 1410 2766 causa
1423 2711 1526 2781 absque
1548 2727 1680 2767 consensu
1694 2711 1801 2768 sbbstis

1004 2799 1114 2855 tollendi
1126 2814 1207 2855 nemo
1221 2814 1340 2869 unquam
1356 2799 1455 2855 babeat
1469 2800 1617 2856 licentiam.

1036 2896 1101 2952 lisec
1115 2899 1203 2968 itaque
1218 2896 1413 2954 constitutionis
1440 2896 1548 2954 decreta
1575 2898 1731 2956 auctoritate
1748 2900 1799 2957 bet

964 2993 1030 3095 cet
1044 2993 1134 3041 nostra
1150 2994 1279 3057 perpetua
1308 2986 1452 3042 stabilitate
1480 2995 1507 3043 et
1520 2986 1578 3043 sine
1594 2987 1683 3059 aliqua
1696 2987 1800 3046 consti·

1004 3074 1102 3131 tuimns
1115 3075 1297 3148 refragatione
1320 3075 1431 3142 servari,
1462 3092 1512 3132 nee
1525 3092 1542 3132 a
1555 3092 1692 3149 quoquam
1707 3079 1799 3150 qnali-

1003 3163 1048 3221 bet
1061 3165 1202 3221 occasione
1217 3164 1363 3222 immutari.
1380 3166 1504 3222 Servanti
1528 3165 1563 3221 sit
1576 3180 1630 3238 pax
1644 3172 1671 3222 et
1685 3165 1802 3225 bencdi-

1001 3252 1072 3310 ctio:
1089 3268 1143 3309 nou
1157 3253 1284 3320 servanti,
1314 3252 1367 3309 uisi
1394 3254 1544 3326 resipuerit,
1566 3256 1801 3326 perpetuamale-

1001 3340 1093 3399 dictio.

1036 3440 1095 3515 Ego
1109 3442 1280 3499 innocentius
1293 3441 1438 3499 Catholicae
1452 3439 1578 3499 Ecclesiae
1593 3442 1747 3516 episcopus.

1036 3539 1095 3612 Ego
1110 3541 1264 3596 Willelmus
1277 3541 1455 3597 Praenestinus
1469 3541 1619 3612 episeopus.

1035 3635 1094 3708 Ego
1108 3637 1249 3692 lllattbaeus
1261 3636 1420 3693 bibonensis
1433 3636 1588 3710 episcopus.

1035 3731 1093 3804 Ego
1108 3731 1197 3789 Guido
1210 3733 1338 3806 indignus
1350 3733 1485 3790 sacerdos.

1033 3831 1093 3903 Ego
1108 3831 1243 3889 Gererdus
1256 3831 1396 3904 presbyter
1410 3832 1554 3890 cardinalis
1582 3832 1689 3890 Sancte
1704 3833 1797 3891 Crucis

998 3920 1025 3975 iu
1039 3920 1197 3977 Jerusalem.

1033 4018 1094 4091 ligo
1108 4019 1192 4075 Lucas
1205 4018 1345 4091 presbyter
1357 4018 1501 4076 cardinalis
1515 4019 1674 4079 Sanctmum
1685 4020 1797 4079 ioannis

998 4116 1024 4165 et
1037 4108 1122 4164 Pauli.

1033 4204 1130 4260 Datum
1146 4202 1213 4260 Pisis
1226 4219 1276 4276 per
1289 4220 1400 4261 manum
1414 4204 1541 4262 Aimorici
1550 4213 1649 4263 sanctie
1664 4206 1795 4266 Romanos

997 4293 1124 4349 Ecclesiae
1148 4293 1256 4350 diaconi
1284 4293 1428 4351 cardinalis
1455 4302 1483 4350 et
1510 4296 1673 4365 cancellarii,
1699 4306 1795 4368 quarto

957 4387 983 4448 ὓ
998 4383 1091 4439 Nonas
1103 4382 1185 4454 lunii,
1203 4382 1351 4439 indictione
1366 4382 1471 4440 decima
1498 4386 1584 4451 lenia,
1600 4385 1796 4442 lncsmstionis

997 4472 1147 4529 Dominioae
1159 4488 1231 4529 anuo
1244 4474 1390 4531 millesimo
1406 4474 1552 4530 centesimo
1562 4474 1697 4531 tricesimo
1705 4484 1793 4546 sexto,

996 4560 1166 4635 pontificatus
1192 4561 1285 4618 domni
1310 4563 1459 4620 Innocentii
1486 4578 1566 4636 papae
1593 4563 1618 4618 ll
1644 4579 1717 4621 anno
1748 4581 1795 4621 se-

995 4651 1094 4709 cundo.

1319 4749 1466 4806 CLXXXI.

143 4902 193 4942 nec
206 4883 303 4941 audeat
316 4875 417 4934 ibidem
432 4873 588 4930 cathedram
604 4871 745 4938 collocare,
761 4886 848 4940 neque
869 4869 941 4926 orni.
995 4857 1037 4915 lo
1052 4858 1203 4914 ilenrienm
1218 4858 1373 4951 Leucorum
1389 4857 1558 4953 episcopum.
1583 4886 1618 4899 —
1634 4857 1792 4952 Confirmat

143 4992 193 5031 nas
206 4973 358 5038 iacere,nec
371 4978 544 5022 communem
555 4967 702 5027 eqsuuere
719 4975 806 5030 neque
818 4960 941 5031 placenta
1029 4937 1212 4996 concordiam
1221 4942 1329 5010 [netum
1338 4944 1518 5010 interipsum
1528 4939 1740 4997 etl'riderteum
1749 4957 1794 4999 co·

134 5071 244 5126 tenere,
272 5073 324 5112 uec
350 5055 405 5110 ulla
433 5049 575 5124 imperanti
592 5042 774 5160 x“potestatem
803 5063 939 5116 exercere,
1028 5020 1129 5076 mmm
1148 5020 1318 5076 summm·

144 5150 195 5208 nisi
210 5148 245 5204 ab
258 5146 356 5202 abbate
370 5150 397 5198 et
424 5141 550 5196 fratribus
577 5122 698 5225 efigiem
725 5137 777 5193 loci
799 5137 880 5193 luerit
893 5153 940 5193 ro·
1235 5125 1416 5194 (bssss011352
1432 5125 1493 5180 5¹1⁰·
1509 5123 1549 5197 6·)

141 5246 230 5314 gatus.
245 5235 338 5290 ldissas
351 5247 416 5286 sane
430 5229 551 5300 publicas
578 5228 622 5283 vel
651 5227 778 5285 stationes
802 5227 828 5282 in
844 5227 940 5283 eodem
1184 5225 1299 5301 [illusa
1316 5229 1422 5286 concil.
1439 5228 1515 5295 XXl,
1531 5227 1609 5302 ild}

141 5324 304 5386 monasterio
319 5320 354 5377 ab
368 5319 496 5391 ePssPOP0
512 5315 581 5387 fieris
610 5324 638 5373 02
660 5314 821 5390 ¹3Pl³l⁵⁰P¹¹¹¹¹
837 5316 938 5373 ibidem
1029 5325 1219 5381 unoessnrs
1233 5325 1384 5398 episcopus,
1399 5343 1494 5383 servus
1508 5343 1648 5385 servorum
1673 5327 1732 5396 bei,
1748 5342 1795 5386 ve·

141 5417 296 5487 frequenter
310 5408 411 5471 venire
424 5405 475 5462 nisi
490 5404 525 5461 ab
553 5405 651 5462 abbeie
680 5413 707 5462 θῑ
720 5406 847 5463 fratribus
860 5405 941 5463 fuerit
994 5412 1107 5473 uerabili
1122 5414 1197 5471 fratri
1223 5415 1351 5472 Huuurco
1378 5417 1545 5474 Leuchorum
1561 5417 1700 5491 episcopo,
1715 5414 1794 5488 ejus·

141 5513 264 5573 vocatas,
279 5499 390 5559 omuino
401 5494 587 5570 prohibemus.
993 5520 1046 5579 qua
1058 5503 1259 5562 successoribus
1276 5505 1405 5565 eonordos
1428 5506 1632 5580 promovendis,
1646 5504 1676 5564 ia
1689 5521 1793 5581 parpe-

174 5601 275 5662 Altaria
288 5613 354 5658 vero
369 5612 429 5669 quae
443 5591 516 5650 idem
544 5590 698 5650 coenobium
721 5593 850 5652 canonice
865 5610 939 5653 nunc
993 5601 1082 5653 taum
