<?xml version="1.0" encoding="UTF-8"?>
<!DOCTYPE html PUBLIC "-//W3C//DTD XHTML 1.0 Transitional//EN"
    "http://www.w3.org/TR/xhtml1/DTD/xhtml1-transitional.dtd">
<html xmlns="http://www.w3.org/1999/xhtml" xml:lang="en" lang="en">
 <head>
  <title>
</title>
<meta http-equiv="Content-Type" content="text/html;charset=utf-8" />
  <meta name='ocr-system' content='tesseract 3.04.00' />
  <meta name='ocr-capabilities' content='ocr_page ocr_carea ocr_par ocr_line ocrx_word'/>
</head>
<body>
  <div class='ocr_page' id='page_1' title='image "./patrologiaecurs25unkngoog/patrologiaecurs25unkngoog_0094.png"; bbox 0 0 3750 6000; ppageno 0'>
   <div class='ocr_carea' id='block_1_1' title="bbox 74 178 1783 304">
    <p class='ocr_par' dir='ltr' id='par_1_1' title="bbox 74 178 1783 304">
     <span class='ocr_line' id='line_1_1' title="bbox 74 178 1783 304; baseline 0.006 -13"><span class='ocrx_word' id='word_1_1' title='bbox 74 178 81 291; x_wconf 60' lang='lat' dir='ltr'><strong>i</strong></span> <span class='ocrx_word' id='word_1_2' title='bbox 135 236 176 292; x_wconf 82' lang='lat' dir='ltr'><strong>ttt</strong></span> <span class='ocrx_word' id='word_1_3' title='bbox 722 231 900 289; x_wconf 81' lang='lat' dir='ltr'><strong>EPlSl&#39;OLAE</strong></span> <span class='ocrx_word' id='word_1_4' title='bbox 920 231 963 288; x_wconf 85' lang='grc' dir='ltr'><strong>ΕΤ</strong></span> <span class='ocrx_word' id='word_1_5' title='bbox 983 233 1195 291; x_wconf 83' lang='lat' dir='ltr'><strong>PilelLEGld.</strong></span> <span class='ocrx_word' id='word_1_6' title='bbox 1732 246 1783 304; x_wconf 81' lang='lat' dir='ltr'><strong>adt</strong></span> 
     </span>
    </p>
   </div>
   <div class='ocr_carea' id='block_1_2' title="bbox 134 356 1783 441">
    <p class='ocr_par' dir='ltr' id='par_1_2' title="bbox 134 356 1783 441">
     <span class='ocr_line' id='line_1_2' title="bbox 134 356 1783 441; baseline 0.009 -29"><span class='ocrx_word' id='word_1_7' title='bbox 134 358 185 427; x_wconf 80' lang='lat' dir='ltr'><strong>sais,</strong></span> <span class='ocrx_word' id='word_1_8' title='bbox 198 367 227 413; x_wconf 85' lang='lat' dir='ltr'><strong>et</strong></span> <span class='ocrx_word' id='word_1_9' title='bbox 248 358 379 414; x_wconf 88' lang='lat' dir='ltr'><strong>similiter</strong></span> <span class='ocrx_word' id='word_1_10' title='bbox 392 373 508 413; x_wconf 72' lang='lat' dir='ltr'><strong>mmmm</strong></span> <span class='ocrx_word' id='word_1_11' title='bbox 538 356 696 429; x_wconf 81' lang='lat' dir='ltr'><strong>Poprdarem</strong></span> <span class='ocrx_word' id='word_1_12' title='bbox 713 373 774 414; x_wconf 91' lang='lat' dir='ltr'><strong>cum</strong></span> <span class='ocrx_word' id='word_1_13' title='bbox 788 356 971 420; x_wconf 84' lang='lat' dir='ltr'><strong>duodecimA</strong></span> <span class='ocrx_word' id='word_1_14' title='bbox 989 364 1109 429; x_wconf 79' lang='lat' dir='ltr'><strong>nuentes,</strong></span> <span class='ocrx_word' id='word_1_15' title='bbox 1133 359 1261 430; x_wconf 78' lang='lat' dir='ltr'><strong>prelatos</strong></span> <span class='ocrx_word' id='word_1_16' title='bbox 1283 361 1425 419; x_wconf 78' lang='lat' dir='ltr'><strong>comitatus</strong></span> <span class='ocrx_word' id='word_1_17' title='bbox 1447 361 1585 434; x_wconf 75' lang='lat' dir='ltr'><strong>Ferraria,</strong></span> <span class='ocrx_word' id='word_1_18' title='bbox 1610 373 1636 423; x_wconf 88' lang='lat' dir='ltr'><strong>et</strong></span> <span class='ocrx_word' id='word_1_19' title='bbox 1656 371 1783 441; x_wconf 82' lang='lat' dir='ltr'><strong>generale</strong></span> 
     </span>
    </p>
   </div>
   <div class='ocr_carea' id='block_1_3' title="bbox 129 454 1781 978">
    <p class='ocr_par' dir='ltr' id='par_1_3' title="bbox 129 454 1781 978">
     <span class='ocr_line' id='line_1_3' title="bbox 133 454 1781 529; baseline 0.007 -18"><span class='ocrx_word' id='word_1_20' title='bbox 133 454 293 520; x_wconf 82' lang='lat' dir='ltr'><strong>undissuis,</strong></span> <span class='ocrx_word' id='word_1_21' title='bbox 309 472 430 512; x_wconf 90' lang='lat' dir='ltr'><strong>necnon</strong></span> <span class='ocrx_word' id='word_1_22' title='bbox 453 470 570 511; x_wconf 87' lang='lat' dir='ltr'><strong>massam</strong></span> <span class='ocrx_word' id='word_1_23' title='bbox 599 456 737 523; x_wconf 87' lang='lat' dir='ltr'><strong>Curulum,</strong></span> <span class='ocrx_word' id='word_1_24' title='bbox 764 461 791 511; x_wconf 92' lang='lat' dir='ltr'><strong>et</strong></span> <span class='ocrx_word' id='word_1_25' title='bbox 808 472 925 511; x_wconf 68' lang='lat' dir='ltr'><strong>meeum</strong></span> <span class='ocrx_word' id='word_1_26' title='bbox 980 455 1096 511; x_wconf 81' lang='lat' dir='ltr'><strong>civitatis</strong></span> <span class='ocrx_word' id='word_1_27' title='bbox 1121 457 1259 528; x_wconf 90' lang='lat' dir='ltr'><strong>placitum,</strong></span> <span class='ocrx_word' id='word_1_28' title='bbox 1290 475 1321 515; x_wconf 92' lang='lat' dir='ltr'><strong>ac</strong></span> <span class='ocrx_word' id='word_1_29' title='bbox 1343 460 1465 515; x_wconf 88' lang='lat' dir='ltr'><strong>Comacli</strong></span> <span class='ocrx_word' id='word_1_30' title='bbox 1487 461 1606 529; x_wconf 87' lang='lat' dir='ltr'><strong>riparum</strong></span> <span class='ocrx_word' id='word_1_31' title='bbox 1628 468 1781 523; x_wconf 89' lang='lat' dir='ltr'><strong>cumomni</strong></span> 
     </span>
     <span class='ocr_line' id='line_1_4' title="bbox 132 542 1781 617; baseline 0.005 -16"><span class='ocrx_word' id='word_1_32' title='bbox 132 544 240 601; x_wconf 72' lang='lat' dir='ltr'><strong>aarum</strong></span> <span class='ocrx_word' id='word_1_33' title='bbox 256 562 323 600; x_wconf 89' lang='lat' dir='ltr'><strong>cum</strong></span> <span class='ocrx_word' id='word_1_34' title='bbox 338 545 435 617; x_wconf 83' lang='lat' dir='ltr'><strong>viginti</strong></span> <span class='ocrx_word' id='word_1_35' title='bbox 450 551 565 614; x_wconf 82' lang='lat' dir='ltr'><strong>qrratuor</strong></span> <span class='ocrx_word' id='word_1_36' title='bbox 579 542 670 598; x_wconf 86' lang='lat' dir='ltr'><strong>iendis</strong></span> <span class='ocrx_word' id='word_1_37' title='bbox 683 544 748 611; x_wconf 84' lang='lat' dir='ltr'><strong>suis,</strong></span> <span class='ocrx_word' id='word_1_38' title='bbox 766 552 792 599; x_wconf 93' lang='lat' dir='ltr'><strong>et</strong></span> <span class='ocrx_word' id='word_1_39' title='bbox 810 560 926 600; x_wconf 78' lang='lat' dir='ltr'>massam</span> <span class='ocrx_word' id='word_1_40' title='bbox 978 544 1050 615; x_wconf 89' lang='lat' dir='ltr'><strong>jure,</strong></span> <span class='ocrx_word' id='word_1_41' title='bbox 1066 544 1139 615; x_wconf 93' lang='lat' dir='ltr'><strong>quod</strong></span> <span class='ocrx_word' id='word_1_42' title='bbox 1152 546 1223 602; x_wconf 82' lang='lat' dir='ltr'><strong>inira</strong></span> <span class='ocrx_word' id='word_1_43' title='bbox 1238 548 1374 604; x_wconf 88' lang='lat' dir='ltr'><strong>civitatem</strong></span> <span class='ocrx_word' id='word_1_44' title='bbox 1393 555 1419 603; x_wconf 92' lang='lat' dir='ltr'><strong>et</strong></span> <span class='ocrx_word' id='word_1_45' title='bbox 1443 549 1600 606; x_wconf 90' lang='lat' dir='ltr'><strong>comitatum</strong></span> <span class='ocrx_word' id='word_1_46' title='bbox 1627 552 1662 608; x_wconf 92' lang='lat' dir='ltr'><strong>ad</strong></span> <span class='ocrx_word' id='word_1_47' title='bbox 1688 556 1781 611; x_wconf 93' lang='lat' dir='ltr'><strong>domi-</strong></span> 
     </span>
     <span class='ocr_line' id='line_1_5' title="bbox 132 632 1780 707; baseline 0.005 -17"><span class='ocrx_word' id='word_1_48' title='bbox 132 634 287 699; x_wconf 84' lang='lat' dir='ltr'><strong>Seacticanr,</strong></span> <span class='ocrx_word' id='word_1_49' title='bbox 300 634 595 700; x_wconf 82' lang='lat' dir='ltr'><strong>etTastilionem,cum</strong></span> <span class='ocrx_word' id='word_1_50' title='bbox 616 632 707 688; x_wconf 84' lang='lat' dir='ltr'><strong>fundis</strong></span> <span class='ocrx_word' id='word_1_51' title='bbox 725 633 790 697; x_wconf 90' lang='lat' dir='ltr'><strong>suis,</strong></span> <span class='ocrx_word' id='word_1_52' title='bbox 811 650 925 689; x_wconf 81' lang='lat' dir='ltr'>massam</span> <span class='ocrx_word' id='word_1_53' title='bbox 982 633 1055 687; x_wconf 90' lang='lat' dir='ltr'><strong>nium</strong></span> <span class='ocrx_word' id='word_1_54' title='bbox 1069 641 1168 690; x_wconf 72' lang='lat' dir='ltr'><strong>sanctae</strong></span> <span class='ocrx_word' id='word_1_55' title='bbox 1184 633 1313 691; x_wconf 79' lang='lat' dir='ltr'><strong>Romanae</strong></span> <span class='ocrx_word' id='word_1_56' title='bbox 1333 636 1460 692; x_wconf 73' lang='lat' dir='ltr'><strong>Ecclesiae</strong></span> <span class='ocrx_word' id='word_1_57' title='bbox 1481 638 1608 707; x_wconf 90' lang='lat' dir='ltr'><strong>pertinet,</strong></span> <span class='ocrx_word' id='word_1_58' title='bbox 1627 640 1706 696; x_wconf 90' lang='lat' dir='ltr'><strong>alicui</strong></span> <span class='ocrx_word' id='word_1_59' title='bbox 1727 644 1780 698; x_wconf 90' lang='lat' dir='ltr'><strong>mi-</strong></span> 
     </span>
     <span class='ocr_line' id='line_1_6' title="bbox 130 720 1778 803; baseline 0.007 -26"><span class='ocrx_word' id='word_1_60' title='bbox 130 739 228 795; x_wconf 89' lang='lat' dir='ltr'><strong>qucque</strong></span> <span class='ocrx_word' id='word_1_61' title='bbox 243 739 309 794; x_wconf 85' lang='lat' dir='ltr'><strong>quae</strong></span> <span class='ocrx_word' id='word_1_62' title='bbox 324 730 437 779; x_wconf 89' lang='lat' dir='ltr'><strong>vocatur</strong></span> <span class='ocrx_word' id='word_1_63' title='bbox 452 721 625 794; x_wconf 81' lang='lat' dir='ltr'><strong>Firmignana</strong></span> <span class='ocrx_word' id='word_1_64' title='bbox 640 737 700 776; x_wconf 90' lang='lat' dir='ltr'><strong>cum</strong></span> <span class='ocrx_word' id='word_1_65' title='bbox 715 721 841 777; x_wconf 88' lang='lat' dir='ltr'><strong>omnibus</strong></span> <span class='ocrx_word' id='word_1_66' title='bbox 863 720 926 777; x_wconf 86' lang='lat' dir='ltr'><strong>iun-</strong></span> <span class='ocrx_word' id='word_1_67' title='bbox 981 723 1053 777; x_wconf 91' lang='lat' dir='ltr'><strong>nime</strong></span> <span class='ocrx_word' id='word_1_68' title='bbox 1069 722 1225 790; x_wconf 77' lang='lat' dir='ltr'><strong>tribuemus,</strong></span> <span class='ocrx_word' id='word_1_69' title='bbox 1242 725 1295 779; x_wconf 90' lang='lat' dir='ltr'><strong>nisi</strong></span> <span class='ocrx_word' id='word_1_70' title='bbox 1310 733 1356 780; x_wconf 91' lang='lat' dir='ltr'><strong>aut</strong></span> <span class='ocrx_word' id='word_1_71' title='bbox 1369 727 1505 781; x_wconf 89' lang='lat' dir='ltr'><strong>communi</strong></span> <span class='ocrx_word' id='word_1_72' title='bbox 1530 728 1646 784; x_wconf 87' lang='lat' dir='ltr'><strong>civitatis</strong></span> <span class='ocrx_word' id='word_1_73' title='bbox 1672 739 1778 803; x_wconf 78' lang='lat' dir='ltr'><strong>vestrae,</strong></span> 
     </span>
     <span class='ocr_line' id='line_1_7' title="bbox 129 809 1779 889; baseline 0.01 -28"><span class='ocrx_word' id='word_1_74' title='bbox 129 812 160 867; x_wconf 86' lang='lat' dir='ltr'><strong>dds</strong></span> <span class='ocrx_word' id='word_1_75' title='bbox 171 811 248 881; x_wconf 86' lang='lat' dir='ltr'><strong>suis;</strong></span> <span class='ocrx_word' id='word_1_76' title='bbox 266 828 337 882; x_wconf 84' lang='lat' dir='ltr'><strong>quas</strong></span> <span class='ocrx_word' id='word_1_77' title='bbox 347 826 520 866; x_wconf 86' lang='lat' dir='ltr'><strong>massascum</strong></span> <span class='ocrx_word' id='word_1_78' title='bbox 536 809 663 866; x_wconf 89' lang='lat' dir='ltr'><strong>omnibus</strong></span> <span class='ocrx_word' id='word_1_79' title='bbox 677 811 732 865; x_wconf 93' lang='lat' dir='ltr'><strong>suis</strong></span> <span class='ocrx_word' id='word_1_80' title='bbox 749 810 924 882; x_wconf 89' lang='lat' dir='ltr'><strong>pertinentiis,</strong></span> <span class='ocrx_word' id='word_1_81' title='bbox 980 817 1025 864; x_wconf 88' lang='lat' dir='ltr'><strong>aut</strong></span> <span class='ocrx_word' id='word_1_82' title='bbox 1039 811 1204 866; x_wconf 84' lang='lat' dir='ltr'><strong>Ferrariensi</strong></span> <span class='ocrx_word' id='word_1_83' title='bbox 1220 813 1396 884; x_wconf 89' lang='lat' dir='ltr'><strong>episcopatui,</strong></span> <span class='ocrx_word' id='word_1_84' title='bbox 1413 815 1450 870; x_wconf 89' lang='lat' dir='ltr'><strong>itu</strong></span> <span class='ocrx_word' id='word_1_85' title='bbox 1474 824 1575 885; x_wconf 78' lang='lat' dir='ltr'><strong>minen,</strong></span> <span class='ocrx_word' id='word_1_86' title='bbox 1594 826 1624 872; x_wconf 92' lang='lat' dir='ltr'><strong>ut</strong></span> <span class='ocrx_word' id='word_1_87' title='bbox 1649 828 1779 889; x_wconf 80' lang='lat' dir='ltr'><strong>quantum</strong></span> 
     </span>
     <span class='ocr_line' id='line_1_8' title="bbox 129 898 1780 978; baseline 0.002 -20"><span class='ocrx_word' id='word_1_88' title='bbox 129 912 152 963; x_wconf 78' lang='lat' dir='ltr'><strong>de</strong></span> <span class='ocrx_word' id='word_1_89' title='bbox 179 909 309 964; x_wconf 90' lang='lat' dir='ltr'><strong>dominio</strong></span> <span class='ocrx_word' id='word_1_90' title='bbox 342 916 369 963; x_wconf 89' lang='lat' dir='ltr'><strong>et</strong></span> <span class='ocrx_word' id='word_1_91' title='bbox 388 908 450 978; x_wconf 88' lang='lat' dir='ltr'><strong>jure</strong></span> <span class='ocrx_word' id='word_1_92' title='bbox 478 916 557 978; x_wconf 88' lang='lat' dir='ltr'><strong>atque</strong></span> <span class='ocrx_word' id='word_1_93' title='bbox 578 914 710 978; x_wconf 71' lang='lat' dir='ltr'><strong>potestate</strong></span> <span class='ocrx_word' id='word_1_94' title='bbox 733 916 832 964; x_wconf 77' lang='lat' dir='ltr'><strong>sauctae</strong></span> <span class='ocrx_word' id='word_1_95' title='bbox 855 908 925 962; x_wconf 89' lang='lat' dir='ltr'><strong>sedis</strong></span> <span class='ocrx_word' id='word_1_96' title='bbox 979 898 1077 953; x_wconf 71' lang='lat' dir='ltr'><strong>exinde</strong></span> <span class='ocrx_word' id='word_1_97' title='bbox 1092 900 1191 956; x_wconf 73' lang='lat' dir='ltr'><strong>abillis</strong></span> <span class='ocrx_word' id='word_1_98' title='bbox 1207 902 1305 957; x_wconf 86' lang='lat' dir='ltr'><strong>hahere</strong></span> <span class='ocrx_word' id='word_1_99' title='bbox 1330 904 1487 974; x_wconf 83' lang='lat' dir='ltr'><strong>poterimus,</strong></span> <span class='ocrx_word' id='word_1_100' title='bbox 1517 922 1566 961; x_wconf 90' lang='lat' dir='ltr'><strong>vos</strong></span> <span class='ocrx_word' id='word_1_101' title='bbox 1592 906 1672 963; x_wconf 90' lang='lat' dir='ltr'><strong>beato</strong></span> <span class='ocrx_word' id='word_1_102' title='bbox 1702 909 1780 966; x_wconf 81' lang='lat' dir='ltr'><strong>Petro</strong></span> 
     </span>
    </p>
   </div>
   <div class='ocr_carea' id='block_1_4' title="bbox 116 995 924 1698">
    <p class='ocr_par' dir='ltr' id='par_1_4' title="bbox 116 995 924 1698">
     <span class='ocr_line' id='line_1_9' title="bbox 127 995 923 1068; baseline -0.001 -14"><span class='ocrx_word' id='word_1_103' title='bbox 127 998 277 1067; x_wconf 78' lang='lat' dir='ltr'><strong>spostolicae</strong></span> <span class='ocrx_word' id='word_1_104' title='bbox 295 1039 301 1063; x_wconf 87' lang='lat'><strong>,</strong></span> <span class='ocrx_word' id='word_1_105' title='bbox 319 1014 335 1053; x_wconf 86' lang='lat' dir='ltr'>a</span> <span class='ocrx_word' id='word_1_106' title='bbox 354 997 475 1067; x_wconf 69' lang='lat' dir='ltr'><strong>praedatis</strong></span> <span class='ocrx_word' id='word_1_107' title='bbox 490 995 734 1068; x_wconf 74' lang='lat' dir='ltr'><strong>predecessoribus</strong></span> <span class='ocrx_word' id='word_1_108' title='bbox 759 997 856 1052; x_wconf 89' lang='lat' dir='ltr'><strong>nostris</strong></span> <span class='ocrx_word' id='word_1_109' title='bbox 871 998 923 1053; x_wconf 91' lang='lat' dir='ltr'><strong>Ec-</strong></span> 
     </span>
     <span class='ocr_line' id='line_1_10' title="bbox 125 1085 924 1157; baseline 0 -15"><span class='ocrx_word' id='word_1_110' title='bbox 125 1088 206 1143; x_wconf 65' lang='lat' dir='ltr'><strong>dede</strong></span> <span class='ocrx_word' id='word_1_111' title='bbox 221 1087 359 1142; x_wconf 81' lang='lat' dir='ltr'><strong>Ferrariae</strong></span> <span class='ocrx_word' id='word_1_112' title='bbox 376 1101 526 1152; x_wconf 87' lang='lat' dir='ltr'><strong>concessas,</strong></span> <span class='ocrx_word' id='word_1_113' title='bbox 545 1101 593 1140; x_wconf 92' lang='lat' dir='ltr'><strong>nos</strong></span> <span class='ocrx_word' id='word_1_114' title='bbox 608 1101 715 1156; x_wconf 88' lang='lat' dir='ltr'><strong>quoquc</strong></span> <span class='ocrx_word' id='word_1_115' title='bbox 739 1085 827 1141; x_wconf 88' lang='lat' dir='ltr'><strong>cidem</strong></span> <span class='ocrx_word' id='word_1_116' title='bbox 852 1103 924 1157; x_wconf 84' lang='lat' dir='ltr'><strong>prae—</strong></span> 
     </span>
     <span class='ocr_line' id='line_1_11' title="bbox 124 1172 923 1239; baseline -0.004 -8"><span class='ocrx_word' id='word_1_117' title='bbox 124 1177 197 1231; x_wconf 75' lang='lat' dir='ltr'><strong>enas</strong></span> <span class='ocrx_word' id='word_1_118' title='bbox 210 1175 318 1232; x_wconf 85' lang='lat' dir='ltr'><strong>decreti</strong></span> <span class='ocrx_word' id='word_1_119' title='bbox 338 1175 496 1231; x_wconf 87' lang='lat' dir='ltr'><strong>auctoritate</strong></span> <span class='ocrx_word' id='word_1_120' title='bbox 519 1172 610 1228; x_wconf 82' lang='lat' dir='ltr'><strong>sinnas</strong></span> <span class='ocrx_word' id='word_1_121' title='bbox 637 1181 792 1239; x_wconf 86' lang='lat' dir='ltr'><strong>statuentes,</strong></span> <span class='ocrx_word' id='word_1_122' title='bbox 819 1182 846 1229; x_wconf 91' lang='lat' dir='ltr'><strong>ut</strong></span> <span class='ocrx_word' id='word_1_123' title='bbox 870 1182 923 1230; x_wconf 79' lang='lat' dir='ltr'><strong>tuni</strong></span> 
     </span>
     <span class='ocr_line' id='line_1_12' title="bbox 123 1262 922 1334; baseline -0.001 -15"><span class='ocrx_word' id='word_1_124' title='bbox 123 1265 163 1319; x_wconf 88' lang='lat' dir='ltr'><strong>tibi</strong></span> <span class='ocrx_word' id='word_1_125' title='bbox 186 1264 280 1320; x_wconf 80' lang='lat' dir='ltr'><strong>irater</strong></span> <span class='ocrx_word' id='word_1_126' title='bbox 303 1263 466 1334; x_wconf 88' lang='lat' dir='ltr'><strong>Landulphe</strong></span> <span class='ocrx_word' id='word_1_127' title='bbox 492 1262 628 1334; x_wconf 85' lang='lat' dir='ltr'><strong>episcope,</strong></span> <span class='ocrx_word' id='word_1_128' title='bbox 655 1278 735 1332; x_wconf 89' lang='lat' dir='ltr'><strong>quam</strong></span> <span class='ocrx_word' id='word_1_129' title='bbox 764 1262 815 1317; x_wconf 85' lang='lat' dir='ltr'><strong>tuis</strong></span> <span class='ocrx_word' id='word_1_130' title='bbox 842 1263 922 1318; x_wconf 84' lang='lat' dir='ltr'><strong>eliam</strong></span> 
     </span>
     <span class='ocr_line' id='line_1_13' title="bbox 121 1360 923 1433; baseline -0.005 -14"><span class='ocrx_word' id='word_1_131' title='bbox 121 1362 322 1418; x_wconf 74' lang='lat' dir='ltr'><strong>accessoribus</strong></span> <span class='ocrx_word' id='word_1_132' title='bbox 335 1362 362 1415; x_wconf 91' lang='lat' dir='ltr'><strong>in</strong></span> <span class='ocrx_word' id='word_1_133' title='bbox 376 1360 490 1433; x_wconf 74' lang='lat' dir='ltr'><strong>singulis</strong></span> <span class='ocrx_word' id='word_1_134' title='bbox 503 1360 599 1414; x_wconf 89' lang='lat' dir='ltr'><strong>massis</strong></span> <span class='ocrx_word' id='word_1_135' title='bbox 609 1360 736 1415; x_wconf 89' lang='lat' dir='ltr'><strong>ecclesias</strong></span> <span class='ocrx_word' id='word_1_136' title='bbox 746 1377 808 1415; x_wconf 86' lang='lat' dir='ltr'><strong>curu</strong></span> <span class='ocrx_word' id='word_1_137' title='bbox 820 1361 923 1416; x_wconf 87' lang='lat' dir='ltr'><strong>clericis</strong></span> 
     </span>
     <span class='ocr_line' id='line_1_14' title="bbox 119 1446 922 1521; baseline -0.004 -15"><span class='ocrx_word' id='word_1_138' title='bbox 119 1450 290 1519; x_wconf 75' lang='lat' dir='ltr'><strong>diaconibus,</strong></span> <span class='ocrx_word' id='word_1_139' title='bbox 305 1458 333 1506; x_wconf 90' lang='lat' dir='ltr'><strong>et</strong></span> <span class='ocrx_word' id='word_1_140' title='bbox 349 1448 510 1521; x_wconf 75' lang='lat' dir='ltr'><strong>presbyteris</strong></span> <span class='ocrx_word' id='word_1_141' title='bbox 533 1446 674 1503; x_wconf 89' lang='lat' dir='ltr'><strong>ordinandi</strong></span> <span class='ocrx_word' id='word_1_142' title='bbox 698 1456 724 1503; x_wconf 90' lang='lat' dir='ltr'><strong>et</strong></span> <span class='ocrx_word' id='word_1_143' title='bbox 748 1450 922 1505; x_wconf 81' lang='lat' dir='ltr'><strong>corrsecrandi</strong></span> 
     </span>
     <span class='ocr_line' id='line_1_15' title="bbox 118 1537 923 1610; baseline -0.002 -16"><span class='ocrx_word' id='word_1_144' title='bbox 118 1540 221 1594; x_wconf 88' lang='lat' dir='ltr'><strong>licentia</strong></span> <span class='ocrx_word' id='word_1_145' title='bbox 252 1539 435 1610; x_wconf 79' lang='lat' dir='ltr'><strong>permittatur.</strong></span> <span class='ocrx_word' id='word_1_146' title='bbox 464 1537 582 1592; x_wconf 81' lang='lat' dir='ltr'><strong>Termini</strong></span> <span class='ocrx_word' id='word_1_147' title='bbox 620 1545 709 1592; x_wconf 87' lang='lat' dir='ltr'><strong>autern</strong></span> <span class='ocrx_word' id='word_1_148' title='bbox 746 1538 923 1593; x_wconf 87' lang='lat' dir='ltr'><strong>Ferrarionsis</strong></span> 
     </span>
     <span class='ocr_line' id='line_1_16' title="bbox 116 1625 920 1698; baseline -0.001 -15"><span class='ocrx_word' id='word_1_149' title='bbox 116 1629 261 1683; x_wconf 78' lang='lat' dir='ltr'><strong>comitatus</strong></span> <span class='ocrx_word' id='word_1_150' title='bbox 275 1629 320 1683; x_wconf 81' lang='lat' dir='ltr'><strong>liis</strong></span> <span class='ocrx_word' id='word_1_151' title='bbox 333 1625 432 1681; x_wconf 85' lang='lat' dir='ltr'><strong>dinibus</strong></span> <span class='ocrx_word' id='word_1_152' title='bbox 445 1625 646 1698; x_wconf 82' lang='lat' dir='ltr'><strong>distinguuntur</strong></span> <span class='ocrx_word' id='word_1_153' title='bbox 663 1645 669 1680; x_wconf 90' lang='lat'>:</span> <span class='ocrx_word' id='word_1_154' title='bbox 696 1626 730 1681; x_wconf 91' lang='lat' dir='ltr'><strong>ab</strong></span> <span class='ocrx_word' id='word_1_155' title='bbox 758 1627 860 1682; x_wconf 90' lang='lat' dir='ltr'><strong>oriente</strong></span> <span class='ocrx_word' id='word_1_156' title='bbox 886 1627 920 1682; x_wconf 93' lang='lat' dir='ltr'><strong>ab</strong></span> 
     </span>
    </p>
   </div>
   <div class='ocr_carea' id='block_1_5' title="bbox 976 987 1777 1155">
    <p class='ocr_par' dir='ltr' id='par_1_5' title="bbox 976 987 1777 1155">
     <span class='ocr_line' id='line_1_17' title="bbox 976 987 1777 1068; baseline 0.015 -28"><span class='ocrx_word' id='word_1_157' title='bbox 976 987 1048 1055; x_wconf 79' lang='lat' dir='ltr'><strong>justa</strong></span> <span class='ocrx_word' id='word_1_158' title='bbox 1062 989 1281 1058; x_wconf 86' lang='lat' dir='ltr'><strong>compensatione</strong></span> <span class='ocrx_word' id='word_1_159' title='bbox 1292 990 1426 1046; x_wconf 88' lang='lat' dir='ltr'><strong>honomm</strong></span> <span class='ocrx_word' id='word_1_160' title='bbox 1442 1007 1473 1048; x_wconf 89' lang='lat' dir='ltr'><strong>ac</strong></span> <span class='ocrx_word' id='word_1_161' title='bbox 1487 993 1637 1064; x_wconf 89' lang='lat' dir='ltr'><strong>sapientum</strong></span> <span class='ocrx_word' id='word_1_162' title='bbox 1653 998 1777 1068; x_wconf 88' lang='lat' dir='ltr'><strong>consilio,</strong></span> 
     </span>
     <span class='ocr_line' id='line_1_18' title="bbox 979 1075 1777 1155; baseline 0.015 -26"><span class='ocrx_word' id='word_1_163' title='bbox 979 1075 1148 1147; x_wconf 88' lang='lat' dir='ltr'><strong>persolvatis.</strong></span> <span class='ocrx_word' id='word_1_164' title='bbox 1164 1077 1205 1132; x_wconf 79' lang='lat' dir='ltr'><strong>dcl</strong></span> <span class='ocrx_word' id='word_1_165' title='bbox 1219 1079 1277 1134; x_wconf 73' lang='lat' dir='ltr'><strong>haec</strong></span> <span class='ocrx_word' id='word_1_166' title='bbox 1291 1078 1325 1135; x_wconf 91' lang='lat' dir='ltr'><strong>de</strong></span> <span class='ocrx_word' id='word_1_167' title='bbox 1341 1087 1429 1136; x_wconf 84' lang='lat' dir='ltr'><strong>vestra</strong></span> <span class='ocrx_word' id='word_1_168' title='bbox 1443 1079 1571 1137; x_wconf 83' lang='lat' dir='ltr'><strong>fidelitate</strong></span> <span class='ocrx_word' id='word_1_169' title='bbox 1586 1090 1666 1155; x_wconf 87' lang='lat' dir='ltr'><strong>etque</strong></span> <span class='ocrx_word' id='word_1_170' title='bbox 1689 1087 1777 1141; x_wconf 84' lang='lat' dir='ltr'><strong>servi·</strong></span> 
     </span>
    </p>
   </div>
   <div class='ocr_carea' id='block_1_6' title="bbox 976 1172 1779 1695">
    <p class='ocr_par' dir='ltr' id='par_1_6' title="bbox 976 1172 1779 1695">
     <span class='ocr_line' id='line_1_19' title="bbox 979 1172 1779 1250; baseline 0.018 -24"><span class='ocrx_word' id='word_1_171' title='bbox 979 1172 1015 1228; x_wconf 91' lang='lat' dir='ltr'><strong>tio</strong></span> <span class='ocrx_word' id='word_1_172' title='bbox 1031 1172 1176 1244; x_wconf 89' lang='lat' dir='ltr'><strong>plurimum</strong></span> <span class='ocrx_word' id='word_1_173' title='bbox 1192 1173 1367 1243; x_wconf 77' lang='lat' dir='ltr'><strong>confidentes,</strong></span> <span class='ocrx_word' id='word_1_174' title='bbox 1383 1175 1499 1233; x_wconf 81' lang='lat' dir='ltr'><strong>offensas</strong></span> <span class='ocrx_word' id='word_1_175' title='bbox 1515 1179 1583 1246; x_wconf 85' lang='lat' dir='ltr'><strong>illas,</strong></span> <span class='ocrx_word' id='word_1_176' title='bbox 1610 1197 1676 1250; x_wconf 91' lang='lat' dir='ltr'><strong>quas</strong></span> <span class='ocrx_word' id='word_1_177' title='bbox 1700 1184 1779 1239; x_wconf 89' lang='lat' dir='ltr'><strong>nobis</strong></span> 
     </span>
     <span class='ocr_line' id='line_1_20' title="bbox 977 1261 1777 1336; baseline 0.018 -22"><span class='ocrx_word' id='word_1_178' title='bbox 977 1268 1003 1315; x_wconf 89' lang='lat' dir='ltr'><strong>et</strong></span> <span class='ocrx_word' id='word_1_179' title='bbox 1016 1261 1260 1333; x_wconf 74' lang='lat' dir='ltr'><strong>praedecessoribus</strong></span> <span class='ocrx_word' id='word_1_180' title='bbox 1274 1266 1370 1320; x_wconf 90' lang='lat' dir='ltr'><strong>nostris</strong></span> <span class='ocrx_word' id='word_1_181' title='bbox 1385 1264 1519 1336; x_wconf 88' lang='lat' dir='ltr'><strong>intulistis,</strong></span> <span class='ocrx_word' id='word_1_182' title='bbox 1535 1267 1613 1323; x_wconf 92' lang='lat' dir='ltr'><strong>vobis</strong></span> <span class='ocrx_word' id='word_1_183' title='bbox 1638 1287 1672 1324; x_wconf 80' lang='lat' dir='ltr'><strong>ex</strong></span> <span class='ocrx_word' id='word_1_184' title='bbox 1696 1271 1777 1328; x_wconf 90' lang='lat' dir='ltr'><strong>beni-</strong></span> 
     </span>
     <span class='ocr_line' id='line_1_21' title="bbox 976 1349 1777 1424; baseline 0.015 -20"><span class='ocrx_word' id='word_1_185' title='bbox 976 1349 1078 1422; x_wconf 77' lang='lat' dir='ltr'><strong>gnitate</strong></span> <span class='ocrx_word' id='word_1_186' title='bbox 1106 1350 1177 1406; x_wconf 89' lang='lat' dir='ltr'><strong>sedis</strong></span> <span class='ocrx_word' id='word_1_187' title='bbox 1205 1353 1361 1424; x_wconf 83' lang='lat' dir='ltr'><strong>apostolicae</strong></span> <span class='ocrx_word' id='word_1_188' title='bbox 1391 1355 1585 1411; x_wconf 84' lang='lat' dir='ltr'><strong>condonamus.</strong></span> <span class='ocrx_word' id='word_1_189' title='bbox 1613 1358 1663 1414; x_wconf 90' lang='lat' dir='ltr'><strong>Pro</strong></span> <span class='ocrx_word' id='word_1_190' title='bbox 1695 1362 1777 1417; x_wconf 85' lang='lat' dir='ltr'><strong>tantis</strong></span> 
     </span>
     <span class='ocr_line' id='line_1_22' title="bbox 978 1438 1776 1515; baseline 0.019 -25"><span class='ocrx_word' id='word_1_191' title='bbox 978 1438 1068 1508; x_wconf 86' lang='lat' dir='ltr'><strong>itaque</strong></span> <span class='ocrx_word' id='word_1_192' title='bbox 1082 1441 1215 1510; x_wconf 80' lang='lat' dir='ltr'><strong>perceptis</strong></span> <span class='ocrx_word' id='word_1_193' title='bbox 1230 1457 1246 1496; x_wconf 87' lang='lat' dir='ltr'><strong>a</strong></span> <span class='ocrx_word' id='word_1_194' title='bbox 1260 1441 1323 1496; x_wconf 90' lang='lat' dir='ltr'><strong>sede</strong></span> <span class='ocrx_word' id='word_1_195' title='bbox 1339 1443 1487 1512; x_wconf 88' lang='lat' dir='ltr'><strong>apostolica</strong></span> <span class='ocrx_word' id='word_1_196' title='bbox 1509 1444 1661 1515; x_wconf 86' lang='lat' dir='ltr'><strong>beneficiis,</strong></span> <span class='ocrx_word' id='word_1_197' title='bbox 1688 1456 1776 1505; x_wconf 88' lang='lat' dir='ltr'><strong>vestra</strong></span> 
     </span>
     <span class='ocr_line' id='line_1_23' title="bbox 977 1527 1775 1608; baseline 0.018 -28"><span class='ocrx_word' id='word_1_198' title='bbox 977 1527 1136 1583; x_wconf 81' lang='lat' dir='ltr'><strong>universitas</strong></span> <span class='ocrx_word' id='word_1_199' title='bbox 1158 1529 1237 1585; x_wconf 92' lang='lat' dir='ltr'><strong>nubis</strong></span> <span class='ocrx_word' id='word_1_200' title='bbox 1252 1530 1402 1601; x_wconf 77' lang='lat' dir='ltr'><strong>nostrisque</strong></span> <span class='ocrx_word' id='word_1_201' title='bbox 1417 1534 1616 1589; x_wconf 89' lang='lat' dir='ltr'><strong>successoribus</strong></span> <span class='ocrx_word' id='word_1_202' title='bbox 1637 1552 1686 1607; x_wconf 91' lang='lat' dir='ltr'><strong>per</strong></span> <span class='ocrx_word' id='word_1_203' title='bbox 1715 1554 1775 1608; x_wconf 92' lang='lat' dir='ltr'><strong>pro-</strong></span> 
     </span>
     <span class='ocr_line' id='line_1_24' title="bbox 977 1617 1772 1695; baseline 0.02 -26"><span class='ocrx_word' id='word_1_204' title='bbox 977 1617 1065 1686; x_wconf 91' lang='lat' dir='ltr'><strong>prium</strong></span> <span class='ocrx_word' id='word_1_205' title='bbox 1080 1618 1201 1672; x_wconf 89' lang='lat' dir='ltr'><strong>nuntium</strong></span> <span class='ocrx_word' id='word_1_206' title='bbox 1218 1619 1431 1676; x_wconf 87' lang='lat' dir='ltr'><strong>incommune...</strong></span> <span class='ocrx_word' id='word_1_207' title='bbox 1442 1621 1604 1695; x_wconf 79' lang='lat' dir='ltr'><strong>juvabitque</strong></span> <span class='ocrx_word' id='word_1_208' title='bbox 1614 1625 1641 1678; x_wconf 91' lang='lat' dir='ltr'><strong>in</strong></span> <span class='ocrx_word' id='word_1_209' title='bbox 1656 1625 1772 1694; x_wconf 86' lang='lat' dir='ltr'><strong>civitate,</strong></span> 
     </span>
    </p>
   </div>
   <div class='ocr_carea' id='block_1_7' title="bbox 116 1707 1774 1788">
    <p class='ocr_par' dir='ltr' id='par_1_7' title="bbox 116 1707 1774 1788">
     <span class='ocr_line' id='line_1_25' title="bbox 116 1707 1774 1788; baseline 0.008 -29"><span class='ocrx_word' id='word_1_210' title='bbox 116 1726 259 1788; x_wconf 54' lang='lat' dir='ltr'><strong>quamne</strong></span> <span class='ocrx_word' id='word_1_211' title='bbox 289 1715 411 1770; x_wconf 65' lang='lat' dir='ltr'><strong>fluminis</strong></span> <span class='ocrx_word' id='word_1_212' title='bbox 435 1714 512 1782; x_wconf 66' lang='lat' dir='ltr'><strong>padi,</strong></span> <span class='ocrx_word' id='word_1_213' title='bbox 542 1714 576 1769; x_wconf 75' lang='lat' dir='ltr'><strong>ah</strong></span> <span class='ocrx_word' id='word_1_214' title='bbox 605 1715 688 1769; x_wconf 68' lang='lat' dir='ltr'><strong>altera</strong></span> <span class='ocrx_word' id='word_1_215' title='bbox 716 1722 806 1770; x_wconf 61' lang='lat' dir='ltr'><strong>nostra</strong></span> <span class='ocrx_word' id='word_1_216' title='bbox 832 1708 1002 1770; x_wconf 62' lang='lat' dir='ltr'><strong>massaBet</strong></span> <span class='ocrx_word' id='word_1_217' title='bbox 1018 1707 1215 1762; x_wconf 90' lang='lat' dir='ltr'><strong>totocomitatu</strong></span> <span class='ocrx_word' id='word_1_218' title='bbox 1240 1708 1369 1765; x_wconf 83' lang='lat' dir='ltr'><strong>Ferrariae</strong></span> <span class='ocrx_word' id='word_1_219' title='bbox 1393 1710 1521 1779; x_wconf 86' lang='lat' dir='ltr'><strong>justitiam</strong></span> <span class='ocrx_word' id='word_1_220' title='bbox 1550 1712 1622 1768; x_wconf 87' lang='lat' dir='ltr'><strong>beati</strong></span> <span class='ocrx_word' id='word_1_221' title='bbox 1651 1715 1720 1771; x_wconf 88' lang='lat' dir='ltr'><strong>Petri</strong></span> <span class='ocrx_word' id='word_1_222' title='bbox 1748 1726 1774 1772; x_wconf 93' lang='lat' dir='ltr'><strong>et</strong></span> 
     </span>
    </p>
   </div>
   <div class='ocr_carea' id='block_1_8' title="bbox 114 1802 921 2142">
    <p class='ocr_par' dir='ltr' id='par_1_8' title="bbox 114 1802 921 2142">
     <span class='ocr_line' id='line_1_26' title="bbox 116 1802 919 1870; baseline -0.004 -10"><span class='ocrx_word' id='word_1_223' title='bbox 116 1806 259 1870; x_wconf 73' lang='lat' dir='ltr'><strong>ibiscalia,</strong></span> <span class='ocrx_word' id='word_1_224' title='bbox 286 1814 315 1859; x_wconf 88' lang='lat' dir='ltr'><strong>et</strong></span> <span class='ocrx_word' id='word_1_225' title='bbox 341 1804 501 1870; x_wconf 66' lang='lat' dir='ltr'><strong>lateraria,</strong></span> <span class='ocrx_word' id='word_1_226' title='bbox 527 1810 666 1857; x_wconf 89' lang='lat' dir='ltr'><strong>transeunt</strong></span> <span class='ocrx_word' id='word_1_227' title='bbox 687 1802 787 1857; x_wconf 85' lang='lat' dir='ltr'><strong>flumen</strong></span> <span class='ocrx_word' id='word_1_228' title='bbox 812 1803 919 1859; x_wconf 88' lang='lat' dir='ltr'><strong>Sandali</strong></span> 
     </span>
     <span class='ocr_line' id='line_1_27' title="bbox 115 1890 921 1964; baseline -0.002 -15"><span class='ocrx_word' id='word_1_229' title='bbox 115 1911 193 1964; x_wconf 79' lang='lat' dir='ltr'><strong>usque</strong></span> <span class='ocrx_word' id='word_1_230' title='bbox 209 1893 396 1959; x_wconf 85' lang='lat' dir='ltr'><strong>Bucciletum,</strong></span> <span class='ocrx_word' id='word_1_231' title='bbox 411 1907 461 1961; x_wconf 87' lang='lat' dir='ltr'><strong>per</strong></span> <span class='ocrx_word' id='word_1_232' title='bbox 475 1890 638 1946; x_wconf 88' lang='lat' dir='ltr'><strong>Bucciletum</strong></span> <span class='ocrx_word' id='word_1_233' title='bbox 662 1899 799 1946; x_wconf 88' lang='lat' dir='ltr'><strong>transcunt</strong></span> <span class='ocrx_word' id='word_1_234' title='bbox 821 1891 921 1947; x_wconf 85' lang='lat' dir='ltr'><strong>flumen</strong></span> 
     </span>
     <span class='ocr_line' id='line_1_28' title="bbox 114 1980 920 2053; baseline -0.004 -15"><span class='ocrx_word' id='word_1_235' title='bbox 114 1982 271 2038; x_wconf 77' lang='lat' dir='ltr'><strong>Gabianam</strong></span> <span class='ocrx_word' id='word_1_236' title='bbox 284 1997 335 2052; x_wconf 92' lang='lat' dir='ltr'><strong>per</strong></span> <span class='ocrx_word' id='word_1_237' title='bbox 345 1981 502 2046; x_wconf 89' lang='lat' dir='ltr'><strong>Ludurium,</strong></span> <span class='ocrx_word' id='word_1_238' title='bbox 514 1980 680 2035; x_wconf 81' lang='lat' dir='ltr'><strong>circumdant</strong></span> <span class='ocrx_word' id='word_1_239' title='bbox 690 1980 782 2035; x_wconf 90' lang='lat' dir='ltr'><strong>villam</strong></span> <span class='ocrx_word' id='word_1_240' title='bbox 793 1996 920 2053; x_wconf 78' lang='lat' dir='ltr'><strong>magnum</strong></span> 
     </span>
     <span class='ocr_line' id='line_1_29' title="bbox 114 2068 921 2142; baseline -0.002 -16"><span class='ocrx_word' id='word_1_241' title='bbox 114 2072 291 2135; x_wconf 71' lang='lat' dir='ltr'><strong>Eadm-iam,</strong></span> <span class='ocrx_word' id='word_1_242' title='bbox 304 2069 495 2142; x_wconf 78' lang='lat' dir='ltr'><strong>pervenientes</strong></span> <span class='ocrx_word' id='word_1_243' title='bbox 510 2086 592 2138; x_wconf 81' lang='lat' dir='ltr'><strong>usque</strong></span> <span class='ocrx_word' id='word_1_244' title='bbox 606 2068 753 2136; x_wconf 85' lang='lat' dir='ltr'><strong>blaldetunr,</strong></span> <span class='ocrx_word' id='word_1_245' title='bbox 771 2086 787 2123; x_wconf 90' lang='lat' dir='ltr'><strong>a</strong></span> <span class='ocrx_word' id='word_1_246' title='bbox 812 2070 921 2124; x_wconf 86' lang='lat' dir='ltr'><strong>dlulleto</strong></span> 
     </span>
    </p>
   </div>
   <div class='ocr_carea' id='block_1_9' title="bbox 115 2166 921 2774">
    <p class='ocr_par' dir='ltr' id='par_1_9' title="bbox 115 2166 921 2774">
     <span class='ocr_line' id='line_1_30' title="bbox 115 2166 919 2242; baseline -0.002 -19"><span class='ocrx_word' id='word_1_247' title='bbox 115 2178 229 2242; x_wconf 82' lang='lat' dir='ltr'><strong>pergunt</strong></span> <span class='ocrx_word' id='word_1_248' title='bbox 239 2169 326 2238; x_wconf 82' lang='lat' dir='ltr'><strong>juxta</strong></span> <span class='ocrx_word' id='word_1_249' title='bbox 340 2167 463 2239; x_wconf 83' lang='lat' dir='ltr'><strong>argiaem</strong></span> <span class='ocrx_word' id='word_1_250' title='bbox 479 2166 640 2231; x_wconf 78' lang='lat' dir='ltr'><strong>Anxiauum,</strong></span> <span class='ocrx_word' id='word_1_251' title='bbox 668 2182 716 2236; x_wconf 92' lang='lat' dir='ltr'><strong>per</strong></span> <span class='ocrx_word' id='word_1_252' title='bbox 740 2166 851 2235; x_wconf 91' lang='lat' dir='ltr'><strong>paludes</strong></span> <span class='ocrx_word' id='word_1_253' title='bbox 876 2167 919 2238; x_wconf 91' lang='lat' dir='ltr'><strong>pi·</strong></span> 
     </span>
     <span class='ocr_line' id='line_1_31' title="bbox 116 2254 918 2326; baseline -0.004 -13"><span class='ocrx_word' id='word_1_254' title='bbox 116 2258 211 2313; x_wconf 71' lang='lat' dir='ltr'><strong>manas</strong></span> <span class='ocrx_word' id='word_1_255' title='bbox 239 2272 331 2326; x_wconf 71' lang='lat' dir='ltr'><strong>usque</strong></span> <span class='ocrx_word' id='word_1_256' title='bbox 359 2255 497 2319; x_wconf 70' lang='lat' dir='ltr'><strong>l&#39;itricam,</strong></span> <span class='ocrx_word' id='word_1_257' title='bbox 530 2263 556 2310; x_wconf 88' lang='lat' dir='ltr'><strong>ct</strong></span> <span class='ocrx_word' id='word_1_258' title='bbox 593 2262 760 2309; x_wconf 89' lang='lat' dir='ltr'><strong>transeuntes</strong></span> <span class='ocrx_word' id='word_1_259' title='bbox 795 2254 918 2310; x_wconf 82' lang='lat' dir='ltr'><strong>l&#39;itricam</strong></span> 
     </span>
     <span class='ocr_line' id='line_1_32' title="bbox 117 2343 921 2417; baseline -0.002 -15"><span class='ocrx_word' id='word_1_260' title='bbox 117 2348 378 2417; x_wconf 71' lang='lat' dir='ltr'><strong>pervenientesque</strong></span> <span class='ocrx_word' id='word_1_261' title='bbox 394 2343 495 2399; x_wconf 81' lang='lat' dir='ltr'><strong>fossam</strong></span> <span class='ocrx_word' id='word_1_262' title='bbox 517 2345 660 2411; x_wconf 88' lang='lat' dir='ltr'><strong>Bnranam,</strong></span> <span class='ocrx_word' id='word_1_263' title='bbox 684 2351 711 2399; x_wconf 91' lang='lat' dir='ltr'><strong>et</strong></span> <span class='ocrx_word' id='word_1_264' title='bbox 733 2343 796 2399; x_wconf 90' lang='lat' dir='ltr'><strong>inde</strong></span> <span class='ocrx_word' id='word_1_265' title='bbox 820 2354 921 2400; x_wconf 88' lang='lat' dir='ltr'><strong>exeunt</strong></span> 
     </span>
     <span class='ocr_line' id='line_1_33' title="bbox 119 2433 918 2502; baseline -0.004 -11"><span class='ocrx_word' id='word_1_266' title='bbox 119 2437 142 2490; x_wconf 92' lang='lat' dir='ltr'><strong>in</strong></span> <span class='ocrx_word' id='word_1_267' title='bbox 166 2436 287 2501; x_wconf 86' lang='lat' dir='ltr'><strong>Padum,</strong></span> <span class='ocrx_word' id='word_1_268' title='bbox 318 2443 347 2489; x_wconf 90' lang='lat' dir='ltr'><strong>et</strong></span> <span class='ocrx_word' id='word_1_269' title='bbox 373 2433 539 2489; x_wconf 89' lang='lat' dir='ltr'><strong>descendunt</strong></span> <span class='ocrx_word' id='word_1_270' title='bbox 565 2450 649 2502; x_wconf 90' lang='lat' dir='ltr'><strong>usque</strong></span> <span class='ocrx_word' id='word_1_271' title='bbox 680 2433 714 2487; x_wconf 91' lang='lat' dir='ltr'><strong>ud</strong></span> <span class='ocrx_word' id='word_1_272' title='bbox 751 2433 918 2489; x_wconf 90' lang='lat' dir='ltr'><strong>occidentem</strong></span> 
     </span>
     <span class='ocr_line' id='line_1_34' title="bbox 121 2520 919 2596; baseline 0 -17"><span class='ocrx_word' id='word_1_273' title='bbox 121 2542 197 2596; x_wconf 88' lang='lat' dir='ltr'><strong>nsque</strong></span> <span class='ocrx_word' id='word_1_274' title='bbox 211 2526 328 2581; x_wconf 84' lang='lat' dir='ltr'><strong>Ulmum</strong></span> <span class='ocrx_word' id='word_1_275' title='bbox 344 2523 492 2579; x_wconf 82' lang='lat' dir='ltr'><strong>damnosam</strong></span> <span class='ocrx_word' id='word_1_276' title='bbox 505 2539 565 2592; x_wconf 77' lang='lat' dir='ltr'><strong>que</strong></span> <span class='ocrx_word' id='word_1_277' title='bbox 588 2530 661 2577; x_wconf 89' lang='lat' dir='ltr'><strong>certa</strong></span> <span class='ocrx_word' id='word_1_278' title='bbox 682 2520 743 2577; x_wconf 86' lang='lat' dir='ltr'><strong>dinis</strong></span> <span class='ocrx_word' id='word_1_279' title='bbox 765 2523 835 2577; x_wconf 89' lang='lat' dir='ltr'><strong>inter</strong></span> <span class='ocrx_word' id='word_1_280' title='bbox 861 2524 919 2579; x_wconf 85' lang='lat' dir='ltr'><strong>llo-</strong></span> 
     </span>
     <span class='ocr_line' id='line_1_35' title="bbox 122 2610 920 2685; baseline -0.001 -17"><span class='ocrx_word' id='word_1_281' title='bbox 122 2616 233 2668; x_wconf 85' lang='lat' dir='ltr'><strong>msniam</strong></span> <span class='ocrx_word' id='word_1_282' title='bbox 249 2622 278 2669; x_wconf 90' lang='lat' dir='ltr'><strong>et</strong></span> <span class='ocrx_word' id='word_1_283' title='bbox 292 2611 526 2685; x_wconf 82' lang='lat' dir='ltr'><strong>Langobardianr.</strong></span> <span class='ocrx_word' id='word_1_284' title='bbox 545 2610 585 2665; x_wconf 83' lang='lat' dir='ltr'><strong>db</strong></span> <span class='ocrx_word' id='word_1_285' title='bbox 600 2612 683 2666; x_wconf 87' lang='lat' dir='ltr'><strong>altera</strong></span> <span class='ocrx_word' id='word_1_286' title='bbox 697 2619 787 2666; x_wconf 88' lang='lat' dir='ltr'><strong>autem</strong></span> <span class='ocrx_word' id='word_1_287' title='bbox 802 2610 920 2667; x_wconf 87' lang='lat' dir='ltr'><strong>fluminis</strong></span> 
     </span>
     <span class='ocr_line' id='line_1_36' title="bbox 123 2700 916 2774; baseline -0.004 -16"><span class='ocrx_word' id='word_1_288' title='bbox 123 2711 190 2774; x_wconf 84' lang='lat' dir='ltr'><strong>porta</strong></span> <span class='ocrx_word' id='word_1_289' title='bbox 204 2703 276 2758; x_wconf 79' lang='lat' dir='ltr'><strong>lines</strong></span> <span class='ocrx_word' id='word_1_290' title='bbox 290 2710 355 2756; x_wconf 91' lang='lat' dir='ltr'><strong>sunt</strong></span> <span class='ocrx_word' id='word_1_291' title='bbox 369 2700 493 2756; x_wconf 88' lang='lat' dir='ltr'><strong>similiter</strong></span> <span class='ocrx_word' id='word_1_292' title='bbox 508 2719 514 2754; x_wconf 92' lang='lat'>:</span> <span class='ocrx_word' id='word_1_293' title='bbox 531 2700 682 2755; x_wconf 84' lang='lat' dir='ltr'><strong>oboriente</strong></span> <span class='ocrx_word' id='word_1_294' title='bbox 703 2700 779 2756; x_wconf 91' lang='lat' dir='ltr'><strong>caldis</strong></span> <span class='ocrx_word' id='word_1_295' title='bbox 801 2700 834 2756; x_wconf 91' lang='lat' dir='ltr'><strong>dc</strong></span> <span class='ocrx_word' id='word_1_296' title='bbox 854 2700 916 2770; x_wconf 87' lang='lat' dir='ltr'><strong>fine,</strong></span> 
     </span>
    </p>
   </div>
   <div class='ocr_carea' id='block_1_10' title="bbox 123 2798 918 3048">
    <p class='ocr_par' dir='ltr' id='par_1_10' title="bbox 123 2798 918 3048">
     <span class='ocr_line' id='line_1_37' title="bbox 124 2798 917 2871; baseline -0.003 -15"><span class='ocrx_word' id='word_1_297' title='bbox 124 2803 161 2871; x_wconf 87' lang='lat' dir='ltr'><strong>qui</strong></span> <span class='ocrx_word' id='word_1_298' title='bbox 176 2801 313 2857; x_wconf 90' lang='lat' dir='ltr'><strong>terminus</strong></span> <span class='ocrx_word' id='word_1_299' title='bbox 328 2808 369 2854; x_wconf 89' lang='lat' dir='ltr'><strong>est</strong></span> <span class='ocrx_word' id='word_1_300' title='bbox 395 2799 464 2854; x_wconf 91' lang='lat' dir='ltr'><strong>inter</strong></span> <span class='ocrx_word' id='word_1_301' title='bbox 486 2805 607 2853; x_wconf 86' lang='lat' dir='ltr'><strong>nostrum</strong></span> <span class='ocrx_word' id='word_1_302' title='bbox 632 2798 789 2853; x_wconf 90' lang='lat' dir='ltr'><strong>comitatum</strong></span> <span class='ocrx_word' id='word_1_303' title='bbox 816 2799 917 2854; x_wconf 88' lang='lat' dir='ltr'><strong>Coma-</strong></span> 
     </span>
     <span class='ocr_line' id='line_1_38' title="bbox 123 2885 918 2958; baseline 0 -15"><span class='ocrx_word' id='word_1_304' title='bbox 123 2890 242 2953; x_wconf 82' lang='lat' dir='ltr'><strong>clensem,</strong></span> <span class='ocrx_word' id='word_1_305' title='bbox 259 2897 289 2943; x_wconf 91' lang='grc' dir='ltr'><strong>ει</strong></span> <span class='ocrx_word' id='word_1_306' title='bbox 302 2886 452 2943; x_wconf 86' lang='lat' dir='ltr'><strong>extendunt</strong></span> <span class='ocrx_word' id='word_1_307' title='bbox 470 2903 500 2941; x_wconf 90' lang='lat' dir='ltr'><strong>se</strong></span> <span class='ocrx_word' id='word_1_308' title='bbox 520 2901 570 2955; x_wconf 91' lang='lat' dir='ltr'><strong>per</strong></span> <span class='ocrx_word' id='word_1_309' title='bbox 596 2885 708 2956; x_wconf 90' lang='lat' dir='ltr'><strong>paludes</strong></span> <span class='ocrx_word' id='word_1_310' title='bbox 736 2894 762 2941; x_wconf 89' lang='lat' dir='ltr'><strong>et</strong></span> <span class='ocrx_word' id='word_1_311' title='bbox 790 2886 918 2958; x_wconf 88' lang='lat' dir='ltr'><strong>piscarias</strong></span> 
     </span>
     <span class='ocr_line' id='line_1_39' title="bbox 123 2974 916 3048; baseline -0.004 -15"><span class='ocrx_word' id='word_1_312' title='bbox 123 2995 196 3048; x_wconf 88' lang='lat' dir='ltr'><strong>usque</strong></span> <span class='ocrx_word' id='word_1_313' title='bbox 213 2977 250 3033; x_wconf 88' lang='lat' dir='ltr'><strong>ad</strong></span> <span class='ocrx_word' id='word_1_314' title='bbox 265 2977 400 3032; x_wconf 78' lang='lat' dir='ltr'><strong>fossatum</strong></span> <span class='ocrx_word' id='word_1_315' title='bbox 415 2975 536 3042; x_wconf 84' lang='lat' dir='ltr'><strong>Silvulae,</strong></span> <span class='ocrx_word' id='word_1_316' title='bbox 565 2982 593 3029; x_wconf 90' lang='lat' dir='ltr'><strong>et</strong></span> <span class='ocrx_word' id='word_1_317' title='bbox 605 2974 772 3030; x_wconf 87' lang='lat' dir='ltr'><strong>circumdant</strong></span> <span class='ocrx_word' id='word_1_318' title='bbox 800 2992 916 3032; x_wconf 85' lang='lat' dir='ltr'><strong>massam</strong></span> 
     </span>
    </p>
   </div>
   <div class='ocr_carea' id='block_1_11' title="bbox 974 1802 1774 2415">
    <p class='ocr_par' dir='ltr' id='par_1_11' title="bbox 974 1802 1774 2415">
     <span class='ocr_line' id='line_1_40' title="bbox 976 1802 1774 1870; baseline 0.02 -16"><span class='ocrx_word' id='word_1_319' title='bbox 976 1809 1074 1856; x_wconf 77' lang='lat' dir='ltr'><strong>sanem</strong></span> <span class='ocrx_word' id='word_1_320' title='bbox 1089 1802 1218 1859; x_wconf 76' lang='lat' dir='ltr'><strong>Romana</strong></span> <span class='ocrx_word' id='word_1_321' title='bbox 1233 1805 1360 1861; x_wconf 78' lang='lat' dir='ltr'><strong>Ecclesiae</strong></span> <span class='ocrx_word' id='word_1_322' title='bbox 1375 1823 1424 1863; x_wconf 91' lang='lat' dir='ltr'><strong>nos</strong></span> <span class='ocrx_word' id='word_1_323' title='bbox 1439 1815 1466 1862; x_wconf 91' lang='grc' dir='ltr'><strong>ει</strong></span> <span class='ocrx_word' id='word_1_324' title='bbox 1479 1825 1646 1866; x_wconf 88' lang='lat' dir='ltr'><strong>successores</strong></span> <span class='ocrx_word' id='word_1_325' title='bbox 1670 1820 1774 1870; x_wconf 91' lang='lat' dir='ltr'><strong>nostros</strong></span> 
     </span>
     <span class='ocr_line' id='line_1_41' title="bbox 976 1894 1774 1971; baseline 0.021 -29"><span class='ocrx_word' id='word_1_326' title='bbox 976 1905 1145 1961; x_wconf 88' lang='lat' dir='ltr'><strong>recuperare,</strong></span> <span class='ocrx_word' id='word_1_327' title='bbox 1159 1894 1275 1950; x_wconf 89' lang='lat' dir='ltr'><strong>retinere</strong></span> <span class='ocrx_word' id='word_1_328' title='bbox 1289 1911 1321 1950; x_wconf 87' lang='lat' dir='ltr'><strong>uc</strong></span> <span class='ocrx_word' id='word_1_329' title='bbox 1335 1896 1482 1952; x_wconf 81' lang='lat' dir='ltr'><strong>defendere</strong></span> <span class='ocrx_word' id='word_1_330' title='bbox 1496 1897 1568 1954; x_wconf 88' lang='lat' dir='ltr'><strong>bona</strong></span> <span class='ocrx_word' id='word_1_331' title='bbox 1588 1898 1641 1956; x_wconf 84' lang='lat' dir='ltr'><strong>lide</strong></span> <span class='ocrx_word' id='word_1_332' title='bbox 1663 1901 1774 1971; x_wconf 80' lang='lat' dir='ltr'><strong>juvabi-</strong></span> 
     </span>
     <span class='ocr_line' id='line_1_42' title="bbox 976 1978 1774 2054; baseline 0.02 -23"><span class='ocrx_word' id='word_1_333' title='bbox 976 1978 1017 2032; x_wconf 89' lang='lat' dir='ltr'><strong>tis.</strong></span> <span class='ocrx_word' id='word_1_334' title='bbox 1034 1979 1061 2033; x_wconf 90' lang='lat' dir='ltr'><strong>Si</strong></span> <span class='ocrx_word' id='word_1_335' title='bbox 1078 1996 1130 2049; x_wconf 91' lang='lat' dir='ltr'><strong>qua</strong></span> <span class='ocrx_word' id='word_1_336' title='bbox 1145 1981 1228 2054; x_wconf 83' lang='lat' dir='ltr'><strong>igitur</strong></span> <span class='ocrx_word' id='word_1_337' title='bbox 1256 1982 1283 2036; x_wconf 90' lang='lat' dir='ltr'><strong>in</strong></span> <span class='ocrx_word' id='word_1_338' title='bbox 1312 1984 1429 2039; x_wconf 86' lang='lat' dir='ltr'><strong>laturum</strong></span> <span class='ocrx_word' id='word_1_339' title='bbox 1458 1987 1638 2043; x_wconf 88' lang='lat' dir='ltr'><strong>ecclesiastica</strong></span> <span class='ocrx_word' id='word_1_340' title='bbox 1664 1992 1774 2049; x_wconf 70' lang='lat' dir='ltr'><strong>saecula-</strong></span> 
     </span>
     <span class='ocr_line' id='line_1_43' title="bbox 974 2066 1771 2152; baseline 0.021 -32"><span class='ocrx_word' id='word_1_341' title='bbox 974 2066 1045 2122; x_wconf 91' lang='lat' dir='ltr'><strong>risve</strong></span> <span class='ocrx_word' id='word_1_342' title='bbox 1060 2084 1184 2139; x_wconf 90' lang='lat' dir='ltr'><strong>persona,</strong></span> <span class='ocrx_word' id='word_1_343' title='bbox 1206 2071 1275 2126; x_wconf 91' lang='lat' dir='ltr'><strong>hanc</strong></span> <span class='ocrx_word' id='word_1_344' title='bbox 1298 2080 1397 2128; x_wconf 76' lang='lat' dir='ltr'><strong>nostrae</strong></span> <span class='ocrx_word' id='word_1_345' title='bbox 1419 2075 1616 2131; x_wconf 89' lang='lat' dir='ltr'><strong>constitutionis</strong></span> <span class='ocrx_word' id='word_1_346' title='bbox 1644 2080 1771 2152; x_wconf 85' lang='lat' dir='ltr'><strong>paginam</strong></span> 
     </span>
     <span class='ocr_line' id='line_1_44' title="bbox 974 2156 1774 2236; baseline 0.023 -28"><span class='ocrx_word' id='word_1_347' title='bbox 974 2156 1070 2222; x_wconf 90' lang='lat' dir='ltr'><strong>sciens,</strong></span> <span class='ocrx_word' id='word_1_348' title='bbox 1095 2165 1188 2212; x_wconf 89' lang='lat' dir='ltr'><strong>centra</strong></span> <span class='ocrx_word' id='word_1_349' title='bbox 1217 2174 1276 2213; x_wconf 79' lang='lat' dir='ltr'><strong>eant</strong></span> <span class='ocrx_word' id='word_1_350' title='bbox 1308 2168 1408 2215; x_wconf 90' lang='lat' dir='ltr'><strong>temere</strong></span> <span class='ocrx_word' id='word_1_351' title='bbox 1434 2163 1525 2218; x_wconf 88' lang='lat' dir='ltr'><strong>venire</strong></span> <span class='ocrx_word' id='word_1_352' title='bbox 1554 2169 1704 2236; x_wconf 88' lang='lat' dir='ltr'><strong>tentaverit,</strong></span> <span class='ocrx_word' id='word_1_353' title='bbox 1727 2179 1774 2226; x_wconf 92' lang='lat' dir='ltr'><strong>aut</strong></span> 
     </span>
     <span class='ocr_line' id='line_1_45' title="bbox 974 2243 1769 2326; baseline 0.018 -28"><span class='ocrx_word' id='word_1_354' title='bbox 974 2243 1171 2299; x_wconf 87' lang='lat' dir='ltr'><strong>Ferrariensem</strong></span> <span class='ocrx_word' id='word_1_355' title='bbox 1187 2246 1335 2302; x_wconf 85' lang='lat' dir='ltr'><strong>Ecclesiam</strong></span> <span class='ocrx_word' id='word_1_356' title='bbox 1360 2251 1503 2319; x_wconf 85' lang='lat' dir='ltr'><strong>superbis</strong></span> <span class='ocrx_word' id='word_1_357' title='bbox 1527 2268 1587 2321; x_wconf 74' lang='lat' dir='ltr'><strong>quse</strong></span> <span class='ocrx_word' id='word_1_358' title='bbox 1610 2254 1680 2310; x_wconf 88' lang='lat' dir='ltr'><strong>dicta</strong></span> <span class='ocrx_word' id='word_1_359' title='bbox 1699 2266 1769 2326; x_wconf 82' lang='lat' dir='ltr'><strong>sunt,</strong></span> 
     </span>
     <span class='ocr_line' id='line_1_46' title="bbox 974 2333 1769 2415; baseline 0.019 -29"><span class='ocrx_word' id='word_1_360' title='bbox 974 2333 1105 2401; x_wconf 88' lang='lat' dir='ltr'><strong>minuere,</strong></span> <span class='ocrx_word' id='word_1_361' title='bbox 1122 2342 1167 2388; x_wconf 91' lang='lat' dir='ltr'><strong>aut</strong></span> <span class='ocrx_word' id='word_1_362' title='bbox 1181 2343 1281 2391; x_wconf 86' lang='lat' dir='ltr'><strong>sanctae</strong></span> <span class='ocrx_word' id='word_1_363' title='bbox 1294 2336 1350 2391; x_wconf 88' lang='lat' dir='ltr'><strong>sedi</strong></span> <span class='ocrx_word' id='word_1_364' title='bbox 1366 2338 1521 2409; x_wconf 84' lang='lat' dir='ltr'><strong>apostolicae</strong></span> <span class='ocrx_word' id='word_1_365' title='bbox 1535 2356 1583 2395; x_wconf 88' lang='lat' dir='ltr'><strong>sua</strong></span> <span class='ocrx_word' id='word_1_366' title='bbox 1604 2341 1631 2395; x_wconf 89' lang='lat' dir='ltr'><strong>in</strong></span> <span class='ocrx_word' id='word_1_367' title='bbox 1655 2344 1680 2398; x_wconf 90' lang='lat' dir='ltr'><strong>ei</strong></span> <span class='ocrx_word' id='word_1_368' title='bbox 1697 2346 1769 2415; x_wconf 82' lang='lat' dir='ltr'><strong>jura,</strong></span> 
     </span>
    </p>
   </div>
   <div class='ocr_carea' id='block_1_12' title="bbox 970 2431 1772 3038">
    <p class='ocr_par' dir='ltr' id='par_1_12' title="bbox 970 2431 1772 3038">
     <span class='ocr_line' id='line_1_47' title="bbox 974 2431 1769 2513; baseline 0.019 -30"><span class='ocrx_word' id='word_1_369' title='bbox 974 2445 1033 2500; x_wconf 84' lang='lat' dir='ltr'><strong>quae</strong></span> <span class='ocrx_word' id='word_1_370' title='bbox 1048 2431 1171 2502; x_wconf 88' lang='lat' dir='ltr'><strong>superius</strong></span> <span class='ocrx_word' id='word_1_371' title='bbox 1185 2431 1336 2504; x_wconf 81' lang='lat' dir='ltr'><strong>significata</strong></span> <span class='ocrx_word' id='word_1_372' title='bbox 1349 2442 1419 2500; x_wconf 89' lang='lat' dir='ltr'><strong>sunt,</strong></span> <span class='ocrx_word' id='word_1_373' title='bbox 1436 2435 1541 2491; x_wconf 82' lang='lat' dir='ltr'><strong>auferre</strong></span> <span class='ocrx_word' id='word_1_374' title='bbox 1560 2444 1769 2513; x_wconf 90' lang='lat' dir='ltr'><strong>praesumpserit,</strong></span> 
     </span>
     <span class='ocr_line' id='line_1_48' title="bbox 973 2521 1771 2590; baseline 0.02 -18"><span class='ocrx_word' id='word_1_375' title='bbox 973 2534 1061 2589; x_wconf 85' lang='lat' dir='ltr'><strong>poenae</strong></span> <span class='ocrx_word' id='word_1_376' title='bbox 1077 2526 1102 2574; x_wconf 89' lang='lat' dir='ltr'><strong>et</strong></span> <span class='ocrx_word' id='word_1_377' title='bbox 1117 2521 1321 2590; x_wconf 90' lang='lat' dir='ltr'><strong>compositionis</strong></span> <span class='ocrx_word' id='word_1_378' title='bbox 1335 2523 1445 2580; x_wconf 89' lang='lat' dir='ltr'><strong>nomine</strong></span> <span class='ocrx_word' id='word_1_379' title='bbox 1460 2524 1554 2581; x_wconf 90' lang='lat' dir='ltr'><strong>reddat</strong></span> <span class='ocrx_word' id='word_1_380' title='bbox 1568 2528 1654 2583; x_wconf 88' lang='lat' dir='ltr'><strong>eidem</strong></span> <span class='ocrx_word' id='word_1_381' title='bbox 1671 2540 1771 2589; x_wconf 80' lang='lat' dir='ltr'><strong>sanctae</strong></span> 
     </span>
     <span class='ocr_line' id='line_1_49' title="bbox 973 2607 1769 2682; baseline 0.02 -21"><span class='ocrx_word' id='word_1_382' title='bbox 973 2607 1029 2662; x_wconf 87' lang='lat' dir='ltr'><strong>sedi</strong></span> <span class='ocrx_word' id='word_1_383' title='bbox 1045 2609 1201 2679; x_wconf 78' lang='lat' dir='ltr'><strong>apostolicae</strong></span> <span class='ocrx_word' id='word_1_384' title='bbox 1215 2611 1272 2665; x_wconf 91' lang='lat' dir='ltr'><strong>auri</strong></span> <span class='ocrx_word' id='word_1_385' title='bbox 1288 2612 1384 2682; x_wconf 90' lang='lat' dir='ltr'><strong>optimi</strong></span> <span class='ocrx_word' id='word_1_386' title='bbox 1405 2613 1488 2669; x_wconf 91' lang='lat' dir='ltr'><strong>libras</strong></span> <span class='ocrx_word' id='word_1_387' title='bbox 1511 2623 1642 2682; x_wconf 87' lang='lat' dir='ltr'><strong>centum;</strong></span> <span class='ocrx_word' id='word_1_388' title='bbox 1669 2629 1696 2674; x_wconf 90' lang='lat' dir='ltr'><strong>et</strong></span> <span class='ocrx_word' id='word_1_389' title='bbox 1719 2621 1769 2677; x_wconf 90' lang='lat' dir='ltr'><strong>nisi</strong></span> 
     </span>
     <span class='ocr_line' id='line_1_50' title="bbox 973 2698 1772 2782; baseline 0.023 -33"><span class='ocrx_word' id='word_1_390' title='bbox 973 2712 1032 2766; x_wconf 82' lang='lat' dir='ltr'><strong>quae</strong></span> <span class='ocrx_word' id='word_1_391' title='bbox 1057 2698 1127 2752; x_wconf 90' lang='lat' dir='ltr'><strong>male</strong></span> <span class='ocrx_word' id='word_1_392' title='bbox 1157 2709 1323 2772; x_wconf 78' lang='lat' dir='ltr'><strong>praesumpta</strong></span> <span class='ocrx_word' id='word_1_393' title='bbox 1351 2709 1421 2769; x_wconf 88' lang='lat' dir='ltr'><strong>sant,</strong></span> <span class='ocrx_word' id='word_1_394' title='bbox 1451 2704 1633 2762; x_wconf 81' lang='lat' dir='ltr'><strong>satisfactione</strong></span> <span class='ocrx_word' id='word_1_395' title='bbox 1652 2724 1772 2782; x_wconf 82' lang='lat' dir='ltr'><strong>congrua</strong></span> 
     </span>
     <span class='ocr_line' id='line_1_51' title="bbox 972 2785 1768 2870; baseline 0.023 -32"><span class='ocrx_word' id='word_1_396' title='bbox 972 2785 1166 2853; x_wconf 84' lang='lat' dir='ltr'><strong>emendaverit,</strong></span> <span class='ocrx_word' id='word_1_397' title='bbox 1197 2790 1335 2859; x_wconf 89' lang='lat' dir='ltr'><strong>potestatis</strong></span> <span class='ocrx_word' id='word_1_398' title='bbox 1363 2791 1526 2862; x_wconf 88' lang='lat' dir='ltr'><strong>honorisque</strong></span> <span class='ocrx_word' id='word_1_399' title='bbox 1561 2796 1601 2849; x_wconf 89' lang='lat' dir='ltr'><strong>sni</strong></span> <span class='ocrx_word' id='word_1_400' title='bbox 1639 2796 1768 2870; x_wconf 84' lang='lat' dir='ltr'><strong>dignitate</strong></span> 
     </span>
     <span class='ocr_line' id='line_1_52' title="bbox 971 2877 1769 2957; baseline 0.021 -29"><span class='ocrx_word' id='word_1_401' title='bbox 971 2881 1070 2939; x_wconf 88' lang='lat' dir='ltr'><strong>careat,</strong></span> <span class='ocrx_word' id='word_1_402' title='bbox 1086 2891 1214 2945; x_wconf 88' lang='lat' dir='ltr'><strong>reamque</strong></span> <span class='ocrx_word' id='word_1_403' title='bbox 1229 2894 1257 2932; x_wconf 90' lang='lat' dir='ltr'><strong>se</strong></span> <span class='ocrx_word' id='word_1_404' title='bbox 1273 2877 1364 2933; x_wconf 88' lang='lat' dir='ltr'><strong>divino</strong></span> <span class='ocrx_word' id='word_1_405' title='bbox 1386 2879 1489 2949; x_wconf 87' lang='lat' dir='ltr'><strong>judicio</strong></span> <span class='ocrx_word' id='word_1_406' title='bbox 1514 2882 1627 2939; x_wconf 87' lang='lat' dir='ltr'><strong>existere</strong></span> <span class='ocrx_word' id='word_1_407' title='bbox 1651 2887 1685 2940; x_wconf 91' lang='lat' dir='ltr'><strong>de</strong></span> <span class='ocrx_word' id='word_1_408' title='bbox 1707 2904 1769 2957; x_wconf 87' lang='lat' dir='ltr'><strong>per·</strong></span> 
     </span>
     <span class='ocr_line' id='line_1_53' title="bbox 970 2963 1766 3038; baseline 0.02 -21"><span class='ocrx_word' id='word_1_409' title='bbox 970 2970 1072 3030; x_wconf 84' lang='lat' dir='ltr'><strong>petrola</strong></span> <span class='ocrx_word' id='word_1_410' title='bbox 1088 2963 1227 3034; x_wconf 88' lang='lat' dir='ltr'><strong>iniquitate</strong></span> <span class='ocrx_word' id='word_1_411' title='bbox 1239 2975 1395 3038; x_wconf 85' lang='lat' dir='ltr'><strong>cognoscat,</strong></span> <span class='ocrx_word' id='word_1_412' title='bbox 1411 2976 1437 3023; x_wconf 90' lang='lat' dir='ltr'><strong>at</strong></span> <span class='ocrx_word' id='word_1_413' title='bbox 1461 2987 1477 3024; x_wconf 88' lang='lat' dir='ltr'><strong>a</strong></span> <span class='ocrx_word' id='word_1_414' title='bbox 1500 2974 1680 3030; x_wconf 87' lang='lat' dir='ltr'><strong>sacratissimo</strong></span> <span class='ocrx_word' id='word_1_415' title='bbox 1704 2992 1766 3033; x_wconf 92' lang='lat' dir='ltr'><strong>cor-</strong></span> 
     </span>
    </p>
   </div>
   <div class='ocr_carea' id='block_1_13' title="bbox 124 3060 1767 3140">
    <p class='ocr_par' dir='ltr' id='par_1_13' title="bbox 124 3060 1767 3140">
     <span class='ocr_line' id='line_1_54' title="bbox 124 3060 1767 3140; baseline 0.005 -19"><span class='ocrx_word' id='word_1_416' title='bbox 124 3067 221 3122; x_wconf 85' lang='lat' dir='ltr'><strong>Corneti</strong></span> <span class='ocrx_word' id='word_1_417' title='bbox 236 3075 266 3122; x_wconf 89' lang='lat' dir='ltr'><strong>et</strong></span> <span class='ocrx_word' id='word_1_418' title='bbox 279 3066 441 3133; x_wconf 86' lang='lat' dir='ltr'><strong>Lacinanus,</strong></span> <span class='ocrx_word' id='word_1_419' title='bbox 457 3080 519 3134; x_wconf 84' lang='lat' dir='ltr'><strong>quae</strong></span> <span class='ocrx_word' id='word_1_420' title='bbox 534 3063 567 3118; x_wconf 89' lang='lat' dir='ltr'><strong>de</strong></span> <span class='ocrx_word' id='word_1_421' title='bbox 583 3071 674 3119; x_wconf 92' lang='lat' dir='ltr'><strong>nostro</strong></span> <span class='ocrx_word' id='word_1_422' title='bbox 693 3065 822 3119; x_wconf 85' lang='lat' dir='ltr'><strong>comitatu</strong></span> <span class='ocrx_word' id='word_1_423' title='bbox 847 3065 913 3120; x_wconf 77' lang='lat' dir='ltr'><strong>Fer·</strong></span> <span class='ocrx_word' id='word_1_424' title='bbox 930 3064 955 3128; x_wconf 75' lang='lat'><strong>(1</strong></span> <span class='ocrx_word' id='word_1_425' title='bbox 970 3073 1035 3128; x_wconf 88' lang='lat' dir='ltr'><strong>porc</strong></span> <span class='ocrx_word' id='word_1_426' title='bbox 1050 3067 1075 3113; x_wconf 89' lang='lat' dir='ltr'><strong>et</strong></span> <span class='ocrx_word' id='word_1_427' title='bbox 1090 3060 1222 3132; x_wconf 82' lang='lat' dir='ltr'><strong>sanguine</strong></span> <span class='ocrx_word' id='word_1_428' title='bbox 1236 3061 1285 3116; x_wconf 88' lang='lat' dir='ltr'><strong>Dei</strong></span> <span class='ocrx_word' id='word_1_429' title='bbox 1300 3070 1326 3117; x_wconf 90' lang='lat' dir='ltr'><strong>et</strong></span> <span class='ocrx_word' id='word_1_430' title='bbox 1340 3064 1450 3119; x_wconf 91' lang='lat' dir='ltr'><strong>Domini</strong></span> <span class='ocrx_word' id='word_1_431' title='bbox 1473 3066 1660 3140; x_wconf 78' lang='lat' dir='ltr'><strong>Reelemptoris</strong></span> <span class='ocrx_word' id='word_1_432' title='bbox 1683 3076 1767 3130; x_wconf 90' lang='lat' dir='ltr'><strong>nostri</strong></span> 
     </span>
    </p>
   </div>
   <div class='ocr_carea' id='block_1_14' title="bbox 122 3152 915 3858">
    <p class='ocr_par' dir='ltr' id='par_1_14' title="bbox 122 3152 915 3858">
     <span class='ocr_line' id='line_1_55' title="bbox 124 3152 915 3226; baseline -0.003 -14"><span class='ocrx_word' id='word_1_433' title='bbox 124 3157 189 3212; x_wconf 82' lang='lat' dir='ltr'><strong>rariae</strong></span> <span class='ocrx_word' id='word_1_434' title='bbox 203 3163 277 3212; x_wconf 87' lang='lat' dir='ltr'><strong>sunt.</strong></span> <span class='ocrx_word' id='word_1_435' title='bbox 299 3152 500 3210; x_wconf 89' lang='lat' dir='ltr'><strong>Descendentes</strong></span> <span class='ocrx_word' id='word_1_436' title='bbox 523 3153 585 3208; x_wconf 91' lang='lat' dir='ltr'><strong>inda</strong></span> <span class='ocrx_word' id='word_1_437' title='bbox 609 3152 644 3208; x_wconf 92' lang='lat' dir='ltr'><strong>ad</strong></span> <span class='ocrx_word' id='word_1_438' title='bbox 672 3153 837 3209; x_wconf 89' lang='lat' dir='ltr'><strong>occidentem</strong></span> <span class='ocrx_word' id='word_1_439' title='bbox 866 3170 915 3226; x_wconf 95' lang='grc' dir='ltr'><strong>ρετ</strong></span> 
     </span>
     <span class='ocr_line' id='line_1_56' title="bbox 124 3241 914 3316; baseline -0.003 -16"><span class='ocrx_word' id='word_1_440' title='bbox 124 3245 225 3316; x_wconf 85' lang='lat' dir='ltr'><strong>paludes</strong></span> <span class='ocrx_word' id='word_1_441' title='bbox 238 3252 267 3298; x_wconf 88' lang='lat' dir='ltr'><strong>et</strong></span> <span class='ocrx_word' id='word_1_442' title='bbox 281 3243 413 3315; x_wconf 86' lang='lat' dir='ltr'><strong>piscarias</strong></span> <span class='ocrx_word' id='word_1_443' title='bbox 436 3258 521 3312; x_wconf 88' lang='lat' dir='ltr'><strong>usque</strong></span> <span class='ocrx_word' id='word_1_444' title='bbox 549 3241 649 3296; x_wconf 83' lang='lat' dir='ltr'><strong>flumen</strong></span> <span class='ocrx_word' id='word_1_445' title='bbox 674 3242 787 3310; x_wconf 83' lang='lat' dir='ltr'><strong>Tartari,</strong></span> <span class='ocrx_word' id='word_1_446' title='bbox 816 3252 914 3299; x_wconf 80' lang='lat' dir='ltr'><strong>exeunt</strong></span> 
     </span>
     <span class='ocr_line' id='line_1_57' title="bbox 123 3339 914 3414; baseline -0.004 -16"><span class='ocrx_word' id='word_1_447' title='bbox 123 3344 238 3414; x_wconf 86' lang='lat' dir='ltr'><strong>usquein</strong></span> <span class='ocrx_word' id='word_1_448' title='bbox 262 3342 366 3396; x_wconf 85' lang='lat' dir='ltr'><strong>dlumen</strong></span> <span class='ocrx_word' id='word_1_449' title='bbox 394 3339 469 3395; x_wconf 81' lang='lat' dir='ltr'><strong>Padi.</strong></span> <span class='ocrx_word' id='word_1_450' title='bbox 498 3339 581 3394; x_wconf 88' lang='lat' dir='ltr'><strong>Porro</strong></span> <span class='ocrx_word' id='word_1_451' title='bbox 609 3339 804 3395; x_wconf 87' lang='lat' dir='ltr'><strong>habitatoribus</strong></span> <span class='ocrx_word' id='word_1_452' title='bbox 830 3340 914 3411; x_wconf 89' lang='lat' dir='ltr'><strong>ipsius</strong></span> 
     </span>
     <span class='ocr_line' id='line_1_58' title="bbox 123 3428 912 3501; baseline -0.006 -12"><span class='ocrx_word' id='word_1_453' title='bbox 123 3431 334 3501; x_wconf 76' lang='lat' dir='ltr'><strong>nassaemajoris</strong></span> <span class='ocrx_word' id='word_1_454' title='bbox 347 3428 477 3484; x_wconf 82' lang='lat' dir='ltr'><strong>Ferrariae</strong></span> <span class='ocrx_word' id='word_1_455' title='bbox 498 3443 596 3498; x_wconf 85' lang='lat' dir='ltr'><strong>pravas</strong></span> <span class='ocrx_word' id='word_1_456' title='bbox 617 3436 644 3483; x_wconf 91' lang='lat' dir='ltr'><strong>et</strong></span> <span class='ocrx_word' id='word_1_457' title='bbox 657 3429 743 3483; x_wconf 91' lang='lat' dir='ltr'><strong>malas</strong></span> <span class='ocrx_word' id='word_1_458' title='bbox 766 3438 912 3485; x_wconf 87' lang='lat' dir='ltr'><strong>consuatu-</strong></span> 
     </span>
     <span class='ocr_line' id='line_1_59' title="bbox 122 3516 911 3587; baseline -0.005 -10"><span class='ocrx_word' id='word_1_459' title='bbox 122 3522 187 3577; x_wconf 87' lang='lat' dir='ltr'><strong>dincs</strong></span> <span class='ocrx_word' id='word_1_460' title='bbox 200 3535 373 3587; x_wconf 84' lang='lat' dir='ltr'><strong>arnoveanus,</strong></span> <span class='ocrx_word' id='word_1_461' title='bbox 387 3518 437 3572; x_wconf 90' lang='lat' dir='ltr'><strong>nisi</strong></span> <span class='ocrx_word' id='word_1_462' title='bbox 453 3525 553 3586; x_wconf 90' lang='lat' dir='ltr'><strong>tamen,</strong></span> <span class='ocrx_word' id='word_1_463' title='bbox 579 3516 656 3573; x_wconf 89' lang='lat' dir='ltr'><strong>sicuti</strong></span> <span class='ocrx_word' id='word_1_464' title='bbox 679 3517 750 3572; x_wconf 92' lang='lat' dir='ltr'><strong>soliti</strong></span> <span class='ocrx_word' id='word_1_465' title='bbox 777 3527 848 3585; x_wconf 89' lang='lat' dir='ltr'><strong>sunt,</strong></span> <span class='ocrx_word' id='word_1_466' title='bbox 877 3519 911 3573; x_wconf 90' lang='lat' dir='ltr'><strong>ad</strong></span> 
     </span>
     <span class='ocr_line' id='line_1_60' title="bbox 122 3606 910 3683; baseline -0.005 -17"><span class='ocrx_word' id='word_1_467' title='bbox 122 3610 269 3683; x_wconf 66' lang='lat' dir='ltr'><strong>adagium</strong></span> <span class='ocrx_word' id='word_1_468' title='bbox 296 3615 398 3664; x_wconf 75' lang='lat' dir='ltr'><strong>sancte</strong></span> <span class='ocrx_word' id='word_1_469' title='bbox 425 3606 557 3663; x_wconf 76' lang='lat' dir='ltr'><strong>Romanae</strong></span> <span class='ocrx_word' id='word_1_470' title='bbox 582 3606 714 3662; x_wconf 76' lang='lat' dir='ltr'><strong>Ecclesiae</strong></span> <span class='ocrx_word' id='word_1_471' title='bbox 742 3623 791 3677; x_wconf 90' lang='lat' dir='ltr'><strong>per</strong></span> <span class='ocrx_word' id='word_1_472' title='bbox 817 3623 910 3662; x_wconf 89' lang='lat' dir='ltr'><strong>eorum</strong></span> 
     </span>
     <span class='ocr_line' id='line_1_61' title="bbox 122 3695 910 3768; baseline -0.004 -14"><span class='ocrx_word' id='word_1_473' title='bbox 122 3700 232 3754; x_wconf 83' lang='lat' dir='ltr'><strong>nundum</strong></span> <span class='ocrx_word' id='word_1_474' title='bbox 245 3712 418 3768; x_wconf 79' lang='lat' dir='ltr'><strong>unaquaeque</strong></span> <span class='ocrx_word' id='word_1_475' title='bbox 433 3695 519 3751; x_wconf 90' lang='lat' dir='ltr'><strong>libera</strong></span> <span class='ocrx_word' id='word_1_476' title='bbox 534 3711 649 3767; x_wconf 88' lang='lat' dir='ltr'><strong>persona</strong></span> <span class='ocrx_word' id='word_1_477' title='bbox 662 3696 696 3750; x_wconf 91' lang='lat' dir='ltr'><strong>de</strong></span> <span class='ocrx_word' id='word_1_478' title='bbox 720 3703 830 3751; x_wconf 89' lang='lat' dir='ltr'><strong>moneta</strong></span> <span class='ocrx_word' id='word_1_479' title='bbox 855 3697 910 3751; x_wconf 82' lang='lat' dir='ltr'><strong>Ve-</strong></span> 
     </span>
     <span class='ocr_line' id='line_1_62' title="bbox 122 3785 909 3858; baseline -0.005 -14"><span class='ocrx_word' id='word_1_480' title='bbox 122 3789 240 3844; x_wconf 83' lang='lat' dir='ltr'><strong>netiamm</strong></span> <span class='ocrx_word' id='word_1_481' title='bbox 256 3786 384 3842; x_wconf 88' lang='lat' dir='ltr'><strong>denarios</strong></span> <span class='ocrx_word' id='word_1_482' title='bbox 410 3785 541 3858; x_wconf 81' lang='lat' dir='ltr'><strong>singrdos,</strong></span> <span class='ocrx_word' id='word_1_483' title='bbox 567 3785 647 3856; x_wconf 86' lang='lat' dir='ltr'><strong>juxta</strong></span> <span class='ocrx_word' id='word_1_484' title='bbox 675 3785 813 3855; x_wconf 88' lang='lat' dir='ltr'><strong>antiquam</strong></span> <span class='ocrx_word' id='word_1_485' title='bbox 841 3801 909 3842; x_wconf 90' lang='lat' dir='ltr'><strong>con-</strong></span> 
     </span>
    </p>
   </div>
   <div class='ocr_carea' id='block_1_15' title="bbox 119 3884 909 4389">
    <p class='ocr_par' dir='ltr' id='par_1_15' title="bbox 119 3884 909 4389">
     <span class='ocr_line' id='line_1_63' title="bbox 121 3884 909 3954; baseline -0.004 -12"><span class='ocrx_word' id='word_1_486' title='bbox 121 3887 288 3954; x_wconf 77' lang='lat' dir='ltr'><strong>suetudinem,</strong></span> <span class='ocrx_word' id='word_1_487' title='bbox 304 3885 391 3940; x_wconf 84' lang='lat' dir='ltr'><strong>debit.</strong></span> <span class='ocrx_word' id='word_1_488' title='bbox 414 3885 519 3939; x_wconf 91' lang='lat' dir='ltr'><strong>Census</strong></span> <span class='ocrx_word' id='word_1_489' title='bbox 541 3900 616 3951; x_wconf 91' lang='lat' dir='ltr'><strong>vero,</strong></span> <span class='ocrx_word' id='word_1_490' title='bbox 646 3891 672 3939; x_wconf 91' lang='lat' dir='ltr'><strong>et</strong></span> <span class='ocrx_word' id='word_1_491' title='bbox 699 3884 801 3952; x_wconf 89' lang='lat' dir='ltr'><strong>tributi,</strong></span> <span class='ocrx_word' id='word_1_492' title='bbox 830 3892 909 3954; x_wconf 86' lang='lat' dir='ltr'><strong>atque</strong></span> 
     </span>
     <span class='ocr_line' id='line_1_64' title="bbox 121 3972 907 4047; baseline -0.004 -16"><span class='ocrx_word' id='word_1_493' title='bbox 121 3976 205 4032; x_wconf 73' lang='lat' dir='ltr'><strong>elonei</strong></span> <span class='ocrx_word' id='word_1_494' title='bbox 218 3976 281 4047; x_wconf 87' lang='lat' dir='ltr'><strong>ripa</strong></span> <span class='ocrx_word' id='word_1_495' title='bbox 296 3982 324 4029; x_wconf 89' lang='lat' dir='ltr'><strong>et</strong></span> <span class='ocrx_word' id='word_1_496' title='bbox 336 3972 459 4041; x_wconf 89' lang='lat' dir='ltr'><strong>dlumine,</strong></span> <span class='ocrx_word' id='word_1_497' title='bbox 475 3988 556 4028; x_wconf 88' lang='lat' dir='ltr'><strong>unam</strong></span> <span class='ocrx_word' id='word_1_498' title='bbox 571 3972 743 4028; x_wconf 89' lang='lat' dir='ltr'><strong>medietatem</strong></span> <span class='ocrx_word' id='word_1_499' title='bbox 758 3988 807 4044; x_wconf 92' lang='lat' dir='ltr'><strong>pro</strong></span> <span class='ocrx_word' id='word_1_500' title='bbox 823 3974 907 4028; x_wconf 92' lang='lat' dir='ltr'><strong>bene-</strong></span> 
     </span>
     <span class='ocr_line' id='line_1_65' title="bbox 120 4061 906 4131; baseline -0.006 -10"><span class='ocrx_word' id='word_1_501' title='bbox 120 4064 224 4121; x_wconf 87' lang='lat' dir='ltr'><strong>dictione</strong></span> <span class='ocrx_word' id='word_1_502' title='bbox 239 4064 276 4120; x_wconf 92' lang='lat' dir='ltr'><strong>ad</strong></span> <span class='ocrx_word' id='word_1_503' title='bbox 288 4077 463 4119; x_wconf 89' lang='lat' dir='ltr'><strong>communem</strong></span> <span class='ocrx_word' id='word_1_504' title='bbox 480 4061 621 4116; x_wconf 88' lang='lat' dir='ltr'><strong>utilitatem</strong></span> <span class='ocrx_word' id='word_1_505' title='bbox 634 4069 662 4116; x_wconf 91' lang='grc' dir='ltr'><strong>ει</strong></span> <span class='ocrx_word' id='word_1_506' title='bbox 682 4062 906 4131; x_wconf 88' lang='lat' dir='ltr'><strong>meliorationem,</strong></span> 
     </span>
     <span class='ocr_line' id='line_1_66' title="bbox 120 4150 907 4221; baseline -0.005 -11"><span class='ocrx_word' id='word_1_507' title='bbox 120 4170 157 4209; x_wconf 84' lang='lat' dir='ltr'><strong>seu</strong></span> <span class='ocrx_word' id='word_1_508' title='bbox 169 4153 392 4210; x_wconf 75' lang='lat' dir='ltr'><strong>restaurationem</strong></span> <span class='ocrx_word' id='word_1_509' title='bbox 404 4150 465 4221; x_wconf 85' lang='lat' dir='ltr'><strong>jam</strong></span> <span class='ocrx_word' id='word_1_510' title='bbox 479 4150 558 4206; x_wconf 83' lang='lat' dir='ltr'><strong>dictae</strong></span> <span class='ocrx_word' id='word_1_511' title='bbox 571 4150 683 4221; x_wconf 89' lang='lat' dir='ltr'><strong>majoris</strong></span> <span class='ocrx_word' id='word_1_512' title='bbox 696 4166 792 4206; x_wconf 86' lang='lat' dir='ltr'><strong>massae</strong></span> <span class='ocrx_word' id='word_1_513' title='bbox 807 4167 907 4206; x_wconf 87' lang='lat' dir='ltr'><strong>conce·</strong></span> 
     </span>
     <span class='ocr_line' id='line_1_67' title="bbox 119 4238 907 4314; baseline -0.005 -16"><span class='ocrx_word' id='word_1_514' title='bbox 119 4242 195 4298; x_wconf 76' lang='lat' dir='ltr'><strong>dinam</strong></span> <span class='ocrx_word' id='word_1_515' title='bbox 209 4258 218 4314; x_wconf 77' lang='lat'>3</span> <span class='ocrx_word' id='word_1_516' title='bbox 234 4242 349 4297; x_wconf 87' lang='lat' dir='ltr'><strong>alteram</strong></span> <span class='ocrx_word' id='word_1_517' title='bbox 363 4255 428 4298; x_wconf 84' lang='lat' dir='ltr'><strong>vero</strong></span> <span class='ocrx_word' id='word_1_518' title='bbox 442 4239 615 4295; x_wconf 88' lang='lat' dir='ltr'><strong>medietatem</strong></span> <span class='ocrx_word' id='word_1_519' title='bbox 628 4238 663 4293; x_wconf 87' lang='lat' dir='ltr'><strong>ad</strong></span> <span class='ocrx_word' id='word_1_520' title='bbox 686 4246 790 4295; x_wconf 85' lang='lat' dir='ltr'><strong>nostros</strong></span> <span class='ocrx_word' id='word_1_521' title='bbox 813 4255 907 4295; x_wconf 85' lang='lat' dir='ltr'><strong>manus</strong></span> 
     </span>
     <span class='ocr_line' id='line_1_68' title="bbox 119 4328 904 4389; baseline -0.008 1"><span class='ocrx_word' id='word_1_522' title='bbox 119 4348 286 4389; x_wconf 68' lang='lat' dir='ltr'><strong>mamus.</strong></span> <span class='ocrx_word' id='word_1_523' title='bbox 304 4328 434 4386; x_wconf 88' lang='lat' dir='ltr'><strong>Similiter</strong></span> <span class='ocrx_word' id='word_1_524' title='bbox 448 4328 546 4384; x_wconf 88' lang='lat' dir='ltr'><strong>tolonei</strong></span> <span class='ocrx_word' id='word_1_525' title='bbox 560 4328 594 4384; x_wconf 93' lang='lat' dir='ltr'><strong>de</strong></span> <span class='ocrx_word' id='word_1_526' title='bbox 608 4336 728 4384; x_wconf 88' lang='lat' dir='ltr'><strong>mercato</strong></span> <span class='ocrx_word' id='word_1_527' title='bbox 741 4344 823 4383; x_wconf 91' lang='lat' dir='ltr'><strong>unam</strong></span> <span class='ocrx_word' id='word_1_528' title='bbox 844 4345 904 4384; x_wconf 91' lang='lat' dir='ltr'><strong>me·</strong></span> 
     </span>
    </p>
   </div>
   <div class='ocr_carea' id='block_1_16' title="bbox 965 3145 1766 3662">
    <p class='ocr_par' dir='ltr' id='par_1_16' title="bbox 965 3145 1766 3662">
     <span class='ocr_line' id='line_1_69' title="bbox 968 3145 1764 3223; baseline 0.024 -24"><span class='ocrx_word' id='word_1_529' title='bbox 968 3145 1030 3200; x_wconf 82' lang='lat' dir='ltr'><strong>lesu</strong></span> <span class='ocrx_word' id='word_1_530' title='bbox 1045 3147 1141 3203; x_wconf 86' lang='lat' dir='ltr'><strong>Christi</strong></span> <span class='ocrx_word' id='word_1_531' title='bbox 1156 3149 1244 3205; x_wconf 88' lang='lat' dir='ltr'><strong>aliena</strong></span> <span class='ocrx_word' id='word_1_532' title='bbox 1258 3149 1315 3219; x_wconf 84' lang='lat' dir='ltr'><strong>diat,</strong></span> <span class='ocrx_word' id='word_1_533' title='bbox 1339 3159 1420 3223; x_wconf 90' lang='lat' dir='ltr'><strong>atque</strong></span> <span class='ocrx_word' id='word_1_534' title='bbox 1442 3154 1470 3209; x_wconf 92' lang='lat' dir='ltr'><strong>in</strong></span> <span class='ocrx_word' id='word_1_535' title='bbox 1495 3165 1615 3214; x_wconf 85' lang='lat' dir='ltr'><strong>extremo</strong></span> <span class='ocrx_word' id='word_1_536' title='bbox 1640 3163 1764 3218; x_wconf 82' lang='lat' dir='ltr'><strong>examine</strong></span> 
     </span>
     <span class='ocr_line' id='line_1_70' title="bbox 967 3234 1766 3319; baseline 0.021 -30"><span class='ocrx_word' id='word_1_537' title='bbox 967 3234 1093 3291; x_wconf 73' lang='lat' dir='ltr'><strong>districtae</strong></span> <span class='ocrx_word' id='word_1_538' title='bbox 1107 3236 1200 3293; x_wconf 85' lang='lat' dir='ltr'><strong>ultiord</strong></span> <span class='ocrx_word' id='word_1_539' title='bbox 1223 3238 1375 3309; x_wconf 87' lang='lat' dir='ltr'><strong>subjaceat.</strong></span> <span class='ocrx_word' id='word_1_540' title='bbox 1405 3244 1511 3298; x_wconf 90' lang='lat' dir='ltr'><strong>Cunctis</strong></span> <span class='ocrx_word' id='word_1_541' title='bbox 1534 3253 1623 3300; x_wconf 87' lang='lat' dir='ltr'><strong>autem</strong></span> <span class='ocrx_word' id='word_1_542' title='bbox 1647 3250 1766 3319; x_wconf 78' lang='lat' dir='ltr'><strong>prelatis</strong></span> 
     </span>
     <span class='ocr_line' id='line_1_71' title="bbox 967 3324 1764 3403; baseline 0.024 -26"><span class='ocrx_word' id='word_1_543' title='bbox 967 3324 1087 3379; x_wconf 90' lang='lat' dir='ltr'><strong>ecclesiis</strong></span> <span class='ocrx_word' id='word_1_544' title='bbox 1106 3325 1180 3395; x_wconf 87' lang='lat' dir='ltr'><strong>juste</strong></span> <span class='ocrx_word' id='word_1_545' title='bbox 1203 3329 1372 3385; x_wconf 85' lang='lat' dir='ltr'><strong>servantibus</strong></span> <span class='ocrx_word' id='word_1_546' title='bbox 1399 3331 1433 3386; x_wconf 91' lang='lat' dir='ltr'><strong>sit</strong></span> <span class='ocrx_word' id='word_1_547' title='bbox 1460 3349 1514 3403; x_wconf 88' lang='lat' dir='ltr'><strong>pax</strong></span> <span class='ocrx_word' id='word_1_548' title='bbox 1544 3334 1653 3391; x_wconf 87' lang='lat' dir='ltr'><strong>Domini</strong></span> <span class='ocrx_word' id='word_1_549' title='bbox 1681 3341 1764 3396; x_wconf 90' lang='lat' dir='ltr'><strong>nostri</strong></span> 
     </span>
     <span class='ocr_line' id='line_1_72' title="bbox 966 3412 1764 3485; baseline 0.023 -19"><span class='ocrx_word' id='word_1_550' title='bbox 966 3412 1028 3469; x_wconf 86' lang='lat' dir='ltr'><strong>lesu</strong></span> <span class='ocrx_word' id='word_1_551' title='bbox 1043 3414 1150 3484; x_wconf 85' lang='lat' dir='ltr'><strong>Christi,</strong></span> <span class='ocrx_word' id='word_1_552' title='bbox 1167 3424 1297 3485; x_wconf 87' lang='lat' dir='ltr'><strong>quatenus</strong></span> <span class='ocrx_word' id='word_1_553' title='bbox 1312 3425 1338 3474; x_wconf 90' lang='grc' dir='ltr'><strong>ει</strong></span> <span class='ocrx_word' id='word_1_554' title='bbox 1352 3419 1395 3474; x_wconf 91' lang='lat' dir='ltr'><strong>hic</strong></span> <span class='ocrx_word' id='word_1_555' title='bbox 1411 3420 1525 3476; x_wconf 82' lang='lat' dir='ltr'><strong>fructum</strong></span> <span class='ocrx_word' id='word_1_556' title='bbox 1547 3422 1627 3481; x_wconf 81' lang='lat' dir='ltr'><strong>bonae</strong></span> <span class='ocrx_word' id='word_1_557' title='bbox 1651 3428 1764 3484; x_wconf 89' lang='lat' dir='ltr'><strong>actionis</strong></span> 
     </span>
     <span class='ocr_line' id='line_1_73' title="bbox 966 3501 1762 3587; baseline 0.024 -32"><span class='ocrx_word' id='word_1_558' title='bbox 966 3501 1124 3573; x_wconf 87' lang='lat' dir='ltr'><strong>percipiant,</strong></span> <span class='ocrx_word' id='word_1_559' title='bbox 1155 3511 1182 3558; x_wconf 92' lang='grc' dir='ltr'><strong>ει</strong></span> <span class='ocrx_word' id='word_1_560' title='bbox 1206 3505 1278 3577; x_wconf 91' lang='lat' dir='ltr'><strong>apud</strong></span> <span class='ocrx_word' id='word_1_561' title='bbox 1306 3507 1454 3564; x_wconf 91' lang='lat' dir='ltr'><strong>districtum</strong></span> <span class='ocrx_word' id='word_1_562' title='bbox 1489 3510 1611 3569; x_wconf 83' lang='lat' dir='ltr'><strong>indicem</strong></span> <span class='ocrx_word' id='word_1_563' title='bbox 1650 3519 1762 3587; x_wconf 76' lang='lat' dir='ltr'><strong>premia</strong></span> 
     </span>
     <span class='ocr_line' id='line_1_74' title="bbox 965 3592 1449 3662; baseline 0.014 -16"><span class='ocrx_word' id='word_1_564' title='bbox 965 3597 1073 3646; x_wconf 77' lang='lat' dir='ltr'><strong>aeternae</strong></span> <span class='ocrx_word' id='word_1_565' title='bbox 1086 3592 1161 3662; x_wconf 90' lang='lat' dir='ltr'><strong>pacis</strong></span> <span class='ocrx_word' id='word_1_566' title='bbox 1176 3592 1327 3650; x_wconf 84' lang='lat' dir='ltr'><strong>inveniant.</strong></span> <span class='ocrx_word' id='word_1_567' title='bbox 1347 3599 1449 3653; x_wconf 80' lang='lat' dir='ltr'><strong>Amen.</strong></span> 
     </span>
    </p>
   </div>
   <div class='ocr_carea' id='block_1_17' title="bbox 961 3688 1762 4205">
    <p class='ocr_par' dir='ltr' id='par_1_17' title="bbox 999 3688 1720 3777">
     <span class='ocr_line' id='line_1_75' title="bbox 999 3688 1720 3777; baseline 0.028 -35"><span class='ocrx_word' id='word_1_568' title='bbox 999 3688 1060 3760; x_wconf 80' lang='lat' dir='ltr'><strong>Ego</strong></span> <span class='ocrx_word' id='word_1_569' title='bbox 1075 3690 1247 3746; x_wconf 85' lang='lat' dir='ltr'><strong>innocentius</strong></span> <span class='ocrx_word' id='word_1_570' title='bbox 1262 3692 1407 3751; x_wconf 85' lang='lat' dir='ltr'><strong>Catholicae</strong></span> <span class='ocrx_word' id='word_1_571' title='bbox 1420 3696 1550 3756; x_wconf 75' lang='lat' dir='ltr'><strong>aeclesiae</strong></span> <span class='ocrx_word' id='word_1_572' title='bbox 1565 3701 1720 3777; x_wconf 89' lang='lat' dir='ltr'><strong>episcopus.</strong></span> 
     </span>
    </p>

    <p class='ocr_par' dir='ltr' id='par_1_18' title="bbox 961 3777 1762 4205">
     <span class='ocr_line' id='line_1_76' title="bbox 998 3777 1762 3867; baseline 0.027 -36"><span class='ocrx_word' id='word_1_573' title='bbox 998 3777 1097 3832; x_wconf 91' lang='lat' dir='ltr'><strong>Datum</strong></span> <span class='ocrx_word' id='word_1_574' title='bbox 1113 3778 1139 3832; x_wconf 90' lang='lat' dir='ltr'><strong>in</strong></span> <span class='ocrx_word' id='word_1_575' title='bbox 1157 3780 1288 3837; x_wconf 85' lang='lat' dir='ltr'><strong>territorio</strong></span> <span class='ocrx_word' id='word_1_576' title='bbox 1314 3782 1470 3841; x_wconf 74' lang='lat' dir='ltr'><strong>vulterrano</strong></span> <span class='ocrx_word' id='word_1_577' title='bbox 1499 3804 1548 3858; x_wconf 89' lang='lat' dir='ltr'><strong>per</strong></span> <span class='ocrx_word' id='word_1_578' title='bbox 1574 3807 1684 3848; x_wconf 89' lang='lat' dir='ltr'><strong>manum</strong></span> <span class='ocrx_word' id='word_1_579' title='bbox 1711 3799 1762 3867; x_wconf 82' lang='lat' dir='ltr'><strong>dy·</strong></span> 
     </span>
     <span class='ocr_line' id='line_1_77' title="bbox 963 3865 1762 3940; baseline 0.026 -21"><span class='ocrx_word' id='word_1_580' title='bbox 963 3865 1056 3920; x_wconf 92' lang='lat' dir='ltr'><strong>merici</strong></span> <span class='ocrx_word' id='word_1_581' title='bbox 1071 3875 1170 3922; x_wconf 77' lang='lat' dir='ltr'><strong>sanctae</strong></span> <span class='ocrx_word' id='word_1_582' title='bbox 1189 3867 1319 3926; x_wconf 79' lang='lat' dir='ltr'><strong>Romanae</strong></span> <span class='ocrx_word' id='word_1_583' title='bbox 1340 3872 1466 3929; x_wconf 75' lang='lat' dir='ltr'><strong>Ecclesia</strong></span> <span class='ocrx_word' id='word_1_584' title='bbox 1491 3874 1595 3933; x_wconf 90' lang='lat' dir='ltr'><strong>diaconi</strong></span> <span class='ocrx_word' id='word_1_585' title='bbox 1618 3883 1762 3940; x_wconf 88' lang='lat' dir='ltr'><strong>cardinalis</strong></span> 
     </span>
     <span class='ocr_line' id='line_1_78' title="bbox 963 3955 1760 4037; baseline 0.026 -29"><span class='ocrx_word' id='word_1_586' title='bbox 963 3960 989 4008; x_wconf 91' lang='lat' dir='ltr'><strong>et</strong></span> <span class='ocrx_word' id='word_1_587' title='bbox 1002 3955 1198 4022; x_wconf 71' lang='lat' dir='ltr'><strong>concellania</strong></span> <span class='ocrx_word' id='word_1_588' title='bbox 1219 3956 1282 4012; x_wconf 88' lang='lat' dir='ltr'><strong>ldus</strong></span> <span class='ocrx_word' id='word_1_589' title='bbox 1303 3960 1400 4026; x_wconf 84' lang='lat' dir='ltr'><strong>Martii,</strong></span> <span class='ocrx_word' id='word_1_590' title='bbox 1426 3961 1572 4020; x_wconf 88' lang='lat' dir='ltr'><strong>indictione</strong></span> <span class='ocrx_word' id='word_1_591' title='bbox 1596 3984 1644 4037; x_wconf 83' lang='lat' dir='ltr'><strong>xri,</strong></span> <span class='ocrx_word' id='word_1_592' title='bbox 1666 3974 1760 4028; x_wconf 88' lang='lat' dir='ltr'><strong>lucar-</strong></span> 
     </span>
     <span class='ocr_line' id='line_1_79' title="bbox 962 4042 1758 4120; baseline 0.025 -24"><span class='ocrx_word' id='word_1_593' title='bbox 962 4042 1078 4098; x_wconf 89' lang='lat' dir='ltr'><strong>nationis</strong></span> <span class='ocrx_word' id='word_1_594' title='bbox 1092 4043 1241 4100; x_wconf 84' lang='lat' dir='ltr'><strong>Dominicae</strong></span> <span class='ocrx_word' id='word_1_595' title='bbox 1256 4062 1326 4102; x_wconf 88' lang='lat' dir='ltr'><strong>anno</strong></span> <span class='ocrx_word' id='word_1_596' title='bbox 1347 4048 1427 4117; x_wconf 78' lang='grc'><strong>1133,</strong></span> <span class='ocrx_word' id='word_1_597' title='bbox 1456 4052 1627 4120; x_wconf 84' lang='lat' dir='ltr'><strong>pontificatus</strong></span> <span class='ocrx_word' id='word_1_598' title='bbox 1655 4058 1758 4116; x_wconf 90' lang='lat' dir='ltr'><strong>domini</strong></span> 
     </span>
     <span class='ocr_line' id='line_1_80' title="bbox 961 4132 1381 4205; baseline 0.017 -21"><span class='ocrx_word' id='word_1_599' title='bbox 961 4132 1109 4188; x_wconf 87' lang='lat' dir='ltr'><strong>innocentii</strong></span> <span class='ocrx_word' id='word_1_600' title='bbox 1125 4149 1204 4205; x_wconf 85' lang='lat' dir='ltr'><strong>papae</strong></span> <span class='ocrx_word' id='word_1_601' title='bbox 1218 4132 1242 4188; x_wconf 96' lang='lat' dir='ltr'><strong>ll</strong></span> <span class='ocrx_word' id='word_1_602' title='bbox 1258 4151 1329 4189; x_wconf 91' lang='lat' dir='ltr'><strong>anno</strong></span> <span class='ocrx_word' id='word_1_603' title='bbox 1344 4154 1381 4193; x_wconf 87' lang='lat' dir='ltr'><strong>iv.</strong></span> 
     </span>
    </p>
   </div>
   <div class='ocr_carea' id='block_1_18' title="bbox 959 4257 1757 4441">
    <p class='ocr_par' dir='ltr' id='par_1_19' title="bbox 959 4257 1757 4441">
     <span class='ocr_line' id='line_1_81' title="bbox 1288 4257 1427 4315; baseline 0.007 -1"><span class='ocrx_word' id='word_1_604' title='bbox 1288 4257 1427 4315; x_wconf 81' lang='lat' dir='ltr'><strong>CXXXII.</strong></span> 
     </span>
     <span class='ocr_line' id='line_1_82' title="bbox 959 4352 1757 4441; baseline 0.03 -36"><span class='ocrx_word' id='word_1_605' title='bbox 959 4352 1060 4423; x_wconf 82' lang='lat' dir='ltr'><strong>Syram</strong></span> <span class='ocrx_word' id='word_1_606' title='bbox 1074 4355 1247 4411; x_wconf 78' lang='lat' dir='ltr'><strong>duacensem</strong></span> <span class='ocrx_word' id='word_1_607' title='bbox 1262 4372 1299 4413; x_wconf 79' lang='lat' dir='ltr'><strong>ec</strong></span> <span class='ocrx_word' id='word_1_608' title='bbox 1315 4360 1442 4431; x_wconf 83' lang='lat' dir='ltr'><strong>episcopo</strong></span> <span class='ocrx_word' id='word_1_609' title='bbox 1457 4360 1700 4438; x_wconf 79' lang='lat' dir='ltr'><strong>archiepiscopum</strong></span> <span class='ocrx_word' id='word_1_610' title='bbox 1709 4372 1757 4441; x_wconf 82' lang='lat' dir='ltr'><strong>su-</strong></span> 
     </span>
    </p>
   </div>
   <div class='ocr_carea' id='block_1_19' title="bbox 117 4426 1757 4512">
    <p class='ocr_par' dir='ltr' id='par_1_20' title="bbox 117 4426 1757 4512">
     <span class='ocr_line' id='line_1_83' title="bbox 117 4426 1757 4512; baseline 0.013 -27"><span class='ocrx_word' id='word_1_611' title='bbox 117 4430 232 4488; x_wconf 85' lang='lat' dir='ltr'><strong>dietatem</strong></span> <span class='ocrx_word' id='word_1_612' title='bbox 261 4428 341 4484; x_wconf 89' lang='lat' dir='ltr'><strong>uobis</strong></span> <span class='ocrx_word' id='word_1_613' title='bbox 367 4426 524 4492; x_wconf 87' lang='lat' dir='ltr'><strong>retinemus,</strong></span> <span class='ocrx_word' id='word_1_614' title='bbox 552 4426 663 4481; x_wconf 85' lang='lat' dir='ltr'><strong>alteram</strong></span> <span class='ocrx_word' id='word_1_615' title='bbox 698 4442 763 4483; x_wconf 81' lang='lat' dir='ltr'><strong>cero</strong></span> <span class='ocrx_word' id='word_1_616' title='bbox 792 4426 945 4498; x_wconf 84' lang='lat' dir='ltr'><strong>praedatoD</strong></span> <span class='ocrx_word' id='word_1_617' title='bbox 995 4435 1384 4510; x_wconf 81' lang='lat' dir='ltr'><strong>ctumpoldiodecoroteique</strong></span> <span class='ocrx_word' id='word_1_618' title='bbox 1399 4441 1617 4512; x_wconf 75' lang='lat' dir='ltr'><strong>buriacensem,</strong></span> <span class='ocrx_word' id='word_1_619' title='bbox 1640 4447 1757 4507; x_wconf 78' lang='lat' dir='ltr'><strong>aelien-</strong></span> 
     </span>
    </p>
   </div>
   <div class='ocr_carea' id='block_1_20' title="bbox 101 4514 904 5669">
    <p class='ocr_par' dir='ltr' id='par_1_21' title="bbox 101 4514 904 5669">
     <span class='ocr_line' id='line_1_84' title="bbox 117 4514 903 4586; baseline -0.006 -10"><span class='ocrx_word' id='word_1_620' title='bbox 117 4529 196 4576; x_wconf 88' lang='lat' dir='ltr'><strong>nostro</strong></span> <span class='ocrx_word' id='word_1_621' title='bbox 225 4517 356 4573; x_wconf 73' lang='lat' dir='ltr'><strong>Fen-ariae</strong></span> <span class='ocrx_word' id='word_1_622' title='bbox 384 4516 512 4586; x_wconf 84' lang='lat' dir='ltr'><strong>episcopo</strong></span> <span class='ocrx_word' id='word_1_623' title='bbox 539 4514 733 4571; x_wconf 89' lang='lat' dir='ltr'><strong>condonamus.</strong></span> <span class='ocrx_word' id='word_1_624' title='bbox 774 4515 903 4571; x_wconf 88' lang='lat' dir='ltr'><strong>Placitum</strong></span> 
     </span>
     <span class='ocr_line' id='line_1_85' title="bbox 115 4603 904 4681; baseline -0.004 -17"><span class='ocrx_word' id='word_1_625' title='bbox 115 4624 170 4664; x_wconf 83' lang='lat' dir='ltr'><strong>saue</strong></span> <span class='ocrx_word' id='word_1_626' title='bbox 192 4605 322 4681; x_wconf 76' lang='lat' dir='ltr'><strong>generale</strong></span> <span class='ocrx_word' id='word_1_627' title='bbox 351 4603 474 4659; x_wconf 84' lang='lat' dir='ltr'><strong>similiter</strong></span> <span class='ocrx_word' id='word_1_628' title='bbox 509 4603 537 4658; x_wconf 91' lang='lat' dir='ltr'><strong>in</strong></span> <span class='ocrx_word' id='word_1_629' title='bbox 565 4603 685 4659; x_wconf 87' lang='lat' dir='ltr'><strong>dominio</strong></span> <span class='ocrx_word' id='word_1_630' title='bbox 713 4620 745 4660; x_wconf 90' lang='lat' dir='ltr'><strong>ac</strong></span> <span class='ocrx_word' id='word_1_631' title='bbox 772 4612 904 4674; x_wconf 87' lang='lat' dir='ltr'><strong>potestate</strong></span> 
     </span>
     <span class='ocr_line' id='line_1_86' title="bbox 114 4692 904 4761; baseline -0.006 -7"><span class='ocrx_word' id='word_1_632' title='bbox 114 4707 203 4754; x_wconf 79' lang='lat' dir='ltr'><strong>sanctae</strong></span> <span class='ocrx_word' id='word_1_633' title='bbox 216 4696 350 4751; x_wconf 77' lang='lat' dir='ltr'><strong>Romanae</strong></span> <span class='ocrx_word' id='word_1_634' title='bbox 375 4692 501 4748; x_wconf 74' lang='lat' dir='ltr'><strong>Ecclesiae</strong></span> <span class='ocrx_word' id='word_1_635' title='bbox 524 4708 701 4761; x_wconf 87' lang='lat' dir='ltr'><strong>reservamus,</strong></span> <span class='ocrx_word' id='word_1_636' title='bbox 724 4701 754 4748; x_wconf 94' lang='lat' dir='ltr'><strong>ut</strong></span> <span class='ocrx_word' id='word_1_637' title='bbox 778 4692 904 4749; x_wconf 90' lang='lat' dir='ltr'><strong>videlicet</strong></span> 
     </span>
     <span class='ocr_line' id='line_1_87' title="bbox 112 4789 903 4862; baseline -0.01 -10"><span class='ocrx_word' id='word_1_638' title='bbox 112 4810 193 4852; x_wconf 80' lang='lat' dir='ltr'><strong>comm</strong></span> <span class='ocrx_word' id='word_1_639' title='bbox 208 4800 304 4850; x_wconf 90' lang='lat' dir='ltr'><strong>nostro</strong></span> <span class='ocrx_word' id='word_1_640' title='bbox 318 4792 423 4857; x_wconf 90' lang='lat' dir='ltr'><strong>nuntio,</strong></span> <span class='ocrx_word' id='word_1_641' title='bbox 437 4790 520 4845; x_wconf 62' lang='lat' dir='ltr'><strong>mmcd</strong></span> <span class='ocrx_word' id='word_1_642' title='bbox 540 4790 567 4844; x_wconf 94' lang='lat' dir='ltr'><strong>in</strong></span> <span class='ocrx_word' id='word_1_643' title='bbox 588 4806 659 4846; x_wconf 92' lang='lat' dir='ltr'><strong>anno</strong></span> <span class='ocrx_word' id='word_1_644' title='bbox 685 4789 798 4846; x_wconf 86' lang='lat' dir='ltr'><strong>iaciente</strong></span> <span class='ocrx_word' id='word_1_645' title='bbox 823 4790 903 4862; x_wconf 86' lang='lat' dir='ltr'><strong>justi-</strong></span> 
     </span>
     <span class='ocr_line' id='line_1_88' title="bbox 110 4878 902 4955; baseline -0.009 -13"><span class='ocrx_word' id='word_1_646' title='bbox 110 4885 176 4955; x_wconf 84' lang='lat' dir='ltr'><strong>tiam,</strong></span> <span class='ocrx_word' id='word_1_647' title='bbox 191 4885 228 4941; x_wconf 89' lang='lat' dir='ltr'><strong>ab</strong></span> <span class='ocrx_word' id='word_1_648' title='bbox 243 4880 372 4939; x_wconf 88' lang='lat' dir='ltr'><strong>omnibus</strong></span> <span class='ocrx_word' id='word_1_649' title='bbox 386 4896 435 4952; x_wconf 88' lang='lat' dir='ltr'><strong>per</strong></span> <span class='ocrx_word' id='word_1_650' title='bbox 457 4887 509 4935; x_wconf 87' lang='lat' dir='ltr'><strong>tres</strong></span> <span class='ocrx_word' id='word_1_651' title='bbox 533 4878 591 4934; x_wconf 87' lang='lat' dir='ltr'><strong>dies</strong></span> <span class='ocrx_word' id='word_1_652' title='bbox 614 4879 785 4936; x_wconf 87' lang='lat' dir='ltr'><strong>custodiatur.</strong></span> <span class='ocrx_word' id='word_1_653' title='bbox 813 4881 902 4935; x_wconf 91' lang='lat' dir='ltr'><strong>Colle-</strong></span> 
     </span>
     <span class='ocr_line' id='line_1_89' title="bbox 108 4968 901 5039; baseline -0.011 -7"><span class='ocrx_word' id='word_1_654' title='bbox 108 4982 170 5032; x_wconf 80' lang='lat' dir='ltr'><strong>san</strong></span> <span class='ocrx_word' id='word_1_655' title='bbox 183 4988 252 5031; x_wconf 84' lang='lat' dir='ltr'><strong>vero</strong></span> <span class='ocrx_word' id='word_1_656' title='bbox 273 4970 319 5026; x_wconf 89' lang='lat' dir='ltr'><strong>vel</strong></span> <span class='ocrx_word' id='word_1_657' title='bbox 345 4968 463 5035; x_wconf 81' lang='lat' dir='ltr'><strong>iodrum,</strong></span> <span class='ocrx_word' id='word_1_658' title='bbox 493 4976 539 5023; x_wconf 88' lang='lat' dir='ltr'><strong>aut</strong></span> <span class='ocrx_word' id='word_1_659' title='bbox 564 4984 674 5039; x_wconf 88' lang='lat' dir='ltr'><strong>pravam</strong></span> <span class='ocrx_word' id='word_1_660' title='bbox 702 4969 745 5024; x_wconf 85' lang='lat' dir='ltr'><strong>vel</strong></span> <span class='ocrx_word' id='word_1_661' title='bbox 774 4968 901 5039; x_wconf 85' lang='lat' dir='ltr'><strong>injustam</strong></span> 
     </span>
     <span class='ocr_line' id='line_1_90' title="bbox 107 5057 901 5132; baseline -0.01 -11"><span class='ocrx_word' id='word_1_662' title='bbox 107 5064 279 5132; x_wconf 67' lang='lat' dir='ltr'><strong>mationem,</strong></span> <span class='ocrx_word' id='word_1_663' title='bbox 295 5066 341 5115; x_wconf 88' lang='lat' dir='ltr'><strong>aut</strong></span> <span class='ocrx_word' id='word_1_664' title='bbox 363 5057 511 5127; x_wconf 87' lang='lat' dir='ltr'><strong>dationem,</strong></span> <span class='ocrx_word' id='word_1_665' title='bbox 537 5073 584 5111; x_wconf 90' lang='lat' dir='ltr'><strong>seu</strong></span> <span class='ocrx_word' id='word_1_666' title='bbox 603 5057 825 5113; x_wconf 87' lang='lat' dir='ltr'><strong>consuetudinem</strong></span> <span class='ocrx_word' id='word_1_667' title='bbox 850 5074 901 5113; x_wconf 91' lang='lat' dir='ltr'><strong>ne·</strong></span> 
     </span>
     <span class='ocr_line' id='line_1_91' title="bbox 106 5144 901 5227; baseline -0.004 -20"><span class='ocrx_word' id='word_1_668' title='bbox 106 5168 237 5227; x_wconf 71' lang='lat' dir='ltr'><strong>qoaqmm</strong></span> <span class='ocrx_word' id='word_1_669' title='bbox 250 5149 399 5223; x_wconf 79' lang='lat' dir='ltr'><strong>exigimus,</strong></span> <span class='ocrx_word' id='word_1_670' title='bbox 416 5144 518 5201; x_wconf 90' lang='lat' dir='ltr'><strong>scilicet</strong></span> <span class='ocrx_word' id='word_1_671' title='bbox 532 5147 623 5201; x_wconf 89' lang='lat' dir='ltr'><strong>omnia</strong></span> <span class='ocrx_word' id='word_1_672' title='bbox 650 5162 700 5218; x_wconf 94' lang='lat' dir='ltr'><strong>pro</strong></span> <span class='ocrx_word' id='word_1_673' title='bbox 725 5148 776 5203; x_wconf 90' lang='lat' dir='ltr'><strong>Dei</strong></span> <span class='ocrx_word' id='word_1_674' title='bbox 805 5147 901 5205; x_wconf 75' lang='lat' dir='ltr'><strong>umore</strong></span> 
     </span>
     <span class='ocr_line' id='line_1_92' title="bbox 106 5236 900 5317; baseline -0.01 -17"><span class='ocrx_word' id='word_1_675' title='bbox 106 5252 178 5317; x_wconf 74' lang='lat' dir='ltr'><strong>etqua</strong></span> <span class='ocrx_word' id='word_1_676' title='bbox 190 5255 287 5299; x_wconf 86' lang='lat' dir='ltr'><strong>arnore</strong></span> <span class='ocrx_word' id='word_1_677' title='bbox 299 5236 420 5310; x_wconf 74' lang='lat' dir='ltr'><strong>pretate</strong></span> <span class='ocrx_word' id='word_1_678' title='bbox 439 5242 536 5289; x_wconf 83' lang='lat' dir='ltr'><strong>nostrae</strong></span> <span class='ocrx_word' id='word_1_679' title='bbox 559 5242 658 5292; x_wconf 82' lang='lat' dir='ltr'><strong>sanctae</strong></span> <span class='ocrx_word' id='word_1_680' title='bbox 681 5236 801 5293; x_wconf 81' lang='lat' dir='ltr'><strong>ecclesie</strong></span> <span class='ocrx_word' id='word_1_681' title='bbox 825 5238 900 5294; x_wconf 87' lang='lat' dir='ltr'><strong>Beati</strong></span> 
     </span>
     <span class='ocr_line' id='line_1_93' title="bbox 106 5331 898 5415; baseline -0.004 -19"><span class='ocrx_word' id='word_1_682' title='bbox 106 5340 222 5415; x_wconf 67' lang='lat' dir='ltr'><strong>Georgii,</strong></span> <span class='ocrx_word' id='word_1_683' title='bbox 233 5336 362 5395; x_wconf 74' lang='lat' dir='ltr'><strong>omnbus</strong></span> <span class='ocrx_word' id='word_1_684' title='bbox 370 5331 569 5389; x_wconf 90' lang='lat' dir='ltr'><strong>habitatoribus</strong></span> <span class='ocrx_word' id='word_1_685' title='bbox 578 5332 662 5403; x_wconf 90' lang='lat' dir='ltr'><strong>ipsius</strong></span> <span class='ocrx_word' id='word_1_686' title='bbox 671 5334 783 5405; x_wconf 87' lang='lat' dir='ltr'><strong>majoris</strong></span> <span class='ocrx_word' id='word_1_687' title='bbox 801 5352 898 5393; x_wconf 88' lang='lat' dir='ltr'><strong>massae</strong></span> 
     </span>
     <span class='ocr_line' id='line_1_94' title="bbox 104 5422 898 5505; baseline -0.001 -21"><span class='ocrx_word' id='word_1_688' title='bbox 104 5431 278 5505; x_wconf 68' lang='lat' dir='ltr'><strong>pepanimus</strong></span> <span class='ocrx_word' id='word_1_689' title='bbox 292 5425 415 5495; x_wconf 82' lang='lat' dir='ltr'><strong>aliasque</strong></span> <span class='ocrx_word' id='word_1_690' title='bbox 428 5422 548 5477; x_wconf 89' lang='lat' dir='ltr'><strong>minores</strong></span> <span class='ocrx_word' id='word_1_691' title='bbox 562 5437 665 5478; x_wconf 67' lang='lat' dir='ltr'><strong>masas</strong></span> <span class='ocrx_word' id='word_1_692' title='bbox 678 5423 713 5491; x_wconf 90' lang='lat' dir='ltr'><strong>ei,</strong></span> <span class='ocrx_word' id='word_1_693' title='bbox 728 5425 796 5482; x_wconf 90' lang='lat' dir='ltr'><strong>sicut</strong></span> <span class='ocrx_word' id='word_1_694' title='bbox 817 5444 898 5501; x_wconf 89' lang='lat' dir='ltr'><strong>supra</strong></span> 
     </span>
     <span class='ocr_line' id='line_1_95' title="bbox 103 5508 898 5590; baseline 0 -19"><span class='ocrx_word' id='word_1_695' title='bbox 103 5522 197 5579; x_wconf 57' lang='lat' dir='ltr'><strong>dmum</strong></span> <span class='ocrx_word' id='word_1_696' title='bbox 210 5525 262 5585; x_wconf 78' lang='lat' dir='ltr'><strong>est,</strong></span> <span class='ocrx_word' id='word_1_697' title='bbox 276 5531 340 5572; x_wconf 89' lang='lat' dir='ltr'><strong>cam</strong></span> <span class='ocrx_word' id='word_1_698' title='bbox 354 5508 484 5569; x_wconf 89' lang='lat' dir='ltr'><strong>omnibus</strong></span> <span class='ocrx_word' id='word_1_699' title='bbox 497 5508 554 5567; x_wconf 89' lang='lat' dir='ltr'><strong>suis</strong></span> <span class='ocrx_word' id='word_1_700' title='bbox 571 5511 743 5570; x_wconf 87' lang='lat' dir='ltr'><strong>servitutibus</strong></span> <span class='ocrx_word' id='word_1_701' title='bbox 769 5514 898 5590; x_wconf 78' lang='lat' dir='ltr'><strong>subjuge-</strong></span> 
     </span>
     <span class='ocr_line' id='line_1_96' title="bbox 101 5600 897 5669; baseline -0.011 1"><span class='ocrx_word' id='word_1_702' title='bbox 101 5630 167 5669; x_wconf 76' lang='lat' dir='ltr'><strong>mus.</strong></span> <span class='ocrx_word' id='word_1_703' title='bbox 199 5612 334 5667; x_wconf 81' lang='lat' dir='ltr'><strong>Praeterea</strong></span> <span class='ocrx_word' id='word_1_704' title='bbox 362 5608 460 5658; x_wconf 82' lang='lat' dir='ltr'><strong>vestrae</strong></span> <span class='ocrx_word' id='word_1_705' title='bbox 493 5600 645 5659; x_wconf 86' lang='lat' dir='ltr'><strong>devotionis</strong></span> <span class='ocrx_word' id='word_1_706' title='bbox 680 5603 814 5662; x_wconf 76' lang='lat' dir='ltr'><strong>desiderio</strong></span> <span class='ocrx_word' id='word_1_707' title='bbox 849 5622 897 5663; x_wconf 88' lang='lat' dir='ltr'><strong>on·</strong></span> 
     </span>
    </p>
   </div>
   <div class='ocr_carea' id='block_1_21' title="bbox 994 4514 1732 4698">
    <p class='ocr_par' dir='ltr' id='par_1_22' title="bbox 994 4514 1732 4698">
     <span class='ocr_line' id='line_1_97' title="bbox 994 4514 1732 4601; baseline 0.028 -36"><span class='ocrx_word' id='word_1_708' title='bbox 994 4527 1064 4580; x_wconf 79' lang='lat' dir='ltr'><strong>seen,</strong></span> <span class='ocrx_word' id='word_1_709' title='bbox 1076 4514 1238 4570; x_wconf 80' lang='lat' dir='ltr'><strong>dccicmem</strong></span> <span class='ocrx_word' id='word_1_710' title='bbox 1249 4518 1392 4589; x_wconf 77' lang='lat' dir='ltr'><strong>episcopos</strong></span> <span class='ocrx_word' id='word_1_711' title='bbox 1402 4520 1595 4593; x_wconf 75' lang='lat' dir='ltr'><strong>suffraqaaeos</strong></span> <span class='ocrx_word' id='word_1_712' title='bbox 1605 4528 1732 4601; x_wconf 69' lang='lat' dir='ltr'><strong>subjicit.</strong></span> 
     </span>
     <span class='ocr_line' id='line_1_98' title="bbox 1171 4620 1533 4698; baseline 0.025 -24"><span class='ocrx_word' id='word_1_713' title='bbox 1171 4620 1261 4691; x_wconf 73' lang='lat' dir='ltr'><strong>(rinno</strong></span> <span class='ocrx_word' id='word_1_714' title='bbox 1278 4626 1358 4691; x_wconf 85' lang='grc'><strong>1133,</strong></span> <span class='ocrx_word' id='word_1_715' title='bbox 1375 4626 1452 4682; x_wconf 80' lang='lat' dir='ltr'><strong>biart.</strong></span> <span class='ocrx_word' id='word_1_716' title='bbox 1472 4630 1533 4698; x_wconf 84' lang='lat'><strong>19.)</strong></span> 
     </span>
    </p>
   </div>
   <div class='ocr_carea' id='block_1_22' title="bbox 951 4716 1752 5697">
    <p class='ocr_par' dir='ltr' id='par_1_23' title="bbox 1101 4716 1608 4800">
     <span class='ocr_line' id='line_1_99' title="bbox 1101 4716 1608 4800; baseline 0.026 -30"><span class='ocrx_word' id='word_1_717' title='bbox 1101 4716 1246 4785; x_wconf 72' lang='lat' dir='ltr'><strong>[Ueneria</strong></span> <span class='ocrx_word' id='word_1_718' title='bbox 1264 4719 1348 4775; x_wconf 84' lang='lat' dir='ltr'><strong>italio</strong></span> <span class='ocrx_word' id='word_1_719' title='bbox 1359 4737 1452 4790; x_wconf 84' lang='lat' dir='ltr'><strong>secra,</strong></span> <span class='ocrx_word' id='word_1_720' title='bbox 1467 4725 1513 4790; x_wconf 85' lang='lat' dir='ltr'><strong>lll,</strong></span> <span class='ocrx_word' id='word_1_721' title='bbox 1527 4728 1608 4800; x_wconf 63' lang='grc'><strong>851]</strong></span> 
     </span>
    </p>

    <p class='ocr_par' dir='ltr' id='par_1_24' title="bbox 955 4802 1752 5122">
     <span class='ocr_line' id='line_1_100' title="bbox 990 4802 1752 4886; baseline 0.028 -30"><span class='ocrx_word' id='word_1_722' title='bbox 990 4802 1182 4860; x_wconf 77' lang='lat' dir='ltr'><strong>larsocarsrrus</strong></span> <span class='ocrx_word' id='word_1_723' title='bbox 1197 4806 1351 4878; x_wconf 88' lang='lat' dir='ltr'><strong>episcopus,</strong></span> <span class='ocrx_word' id='word_1_724' title='bbox 1366 4826 1459 4866; x_wconf 83' lang='lat' dir='ltr'><strong>serviis</strong></span> <span class='ocrx_word' id='word_1_725' title='bbox 1472 4829 1611 4870; x_wconf 80' lang='lat' dir='ltr'><strong>servorum</strong></span> <span class='ocrx_word' id='word_1_726' title='bbox 1628 4818 1687 4886; x_wconf 91' lang='lat' dir='ltr'><strong>Dei,</strong></span> <span class='ocrx_word' id='word_1_727' title='bbox 1703 4837 1752 4877; x_wconf 87' lang='lat' dir='ltr'><strong>ve·</strong></span> 
     </span>
     <span class='ocr_line' id='line_1_101' title="bbox 955 4891 1752 4977; baseline 0.026 -34"><span class='ocrx_word' id='word_1_728' title='bbox 955 4891 1069 4945; x_wconf 87' lang='lat' dir='ltr'><strong>nerabidi</strong></span> <span class='ocrx_word' id='word_1_729' title='bbox 1092 4891 1167 4947; x_wconf 86' lang='lat' dir='ltr'><strong>dratri</strong></span> <span class='ocrx_word' id='word_1_730' title='bbox 1189 4893 1267 4951; x_wconf 82' lang='lat' dir='ltr'><strong>Svno</strong></span> <span class='ocrx_word' id='word_1_731' title='bbox 1290 4897 1418 4953; x_wconf 85' lang='lat' dir='ltr'><strong>lennensi</strong></span> <span class='ocrx_word' id='word_1_732' title='bbox 1440 4901 1652 4976; x_wconf 86' lang='lat' dir='ltr'><strong>archiepiscope,</strong></span> <span class='ocrx_word' id='word_1_733' title='bbox 1677 4907 1752 4977; x_wconf 85' lang='lat' dir='ltr'><strong>ejus·</strong></span> 
     </span>
     <span class='ocr_line' id='line_1_102' title="bbox 955 4981 1752 5068; baseline 0.026 -36"><span class='ocrx_word' id='word_1_734' title='bbox 955 4995 1008 5048; x_wconf 88' lang='lat' dir='ltr'><strong>que</strong></span> <span class='ocrx_word' id='word_1_735' title='bbox 1021 4981 1219 5038; x_wconf 85' lang='lat' dir='ltr'><strong>successoribus</strong></span> <span class='ocrx_word' id='word_1_736' title='bbox 1233 4986 1364 5043; x_wconf 89' lang='lat' dir='ltr'><strong>cononice</strong></span> <span class='ocrx_word' id='word_1_737' title='bbox 1386 4987 1577 5046; x_wconf 87' lang='lat' dir='ltr'><strong>substituendis</strong></span> <span class='ocrx_word' id='word_1_738' title='bbox 1600 4993 1627 5047; x_wconf 93' lang='lat' dir='ltr'><strong>in</strong></span> <span class='ocrx_word' id='word_1_739' title='bbox 1650 5012 1752 5068; x_wconf 89' lang='lat' dir='ltr'><strong>perpe·</strong></span> 
     </span>
     <span class='ocr_line' id='line_1_103' title="bbox 955 5074 1044 5122; baseline 0.011 -1"><span class='ocrx_word' id='word_1_740' title='bbox 955 5074 1044 5122; x_wconf 90' lang='lat' dir='ltr'><strong>tuum.</strong></span> 
     </span>
    </p>

    <p class='ocr_par' dir='ltr' id='par_1_25' title="bbox 951 5165 1751 5697">
     <span class='ocr_line' id='line_1_104' title="bbox 986 5165 1751 5253; baseline 0.03 -35"><span class='ocrx_word' id='word_1_741' title='bbox 986 5165 1075 5220; x_wconf 86' lang='lat' dir='ltr'><strong>lustus</strong></span> <span class='ocrx_word' id='word_1_742' title='bbox 1090 5167 1230 5237; x_wconf 87' lang='lat' dir='ltr'><strong>Dominus,</strong></span> <span class='ocrx_word' id='word_1_743' title='bbox 1260 5179 1285 5226; x_wconf 93' lang='lat' dir='ltr'><strong>et</strong></span> <span class='ocrx_word' id='word_1_744' title='bbox 1309 5172 1440 5241; x_wconf 89' lang='lat' dir='ltr'><strong>justitiam</strong></span> <span class='ocrx_word' id='word_1_745' title='bbox 1467 5175 1572 5245; x_wconf 84' lang='lat' dir='ltr'><strong>dilexit,</strong></span> <span class='ocrx_word' id='word_1_746' title='bbox 1597 5183 1751 5253; x_wconf 74' lang='lat' dir='ltr'><strong>equitatem</strong></span> 
     </span>
     <span class='ocr_line' id='line_1_105' title="bbox 953 5253 1751 5335; baseline 0.03 -29"><span class='ocrx_word' id='word_1_747' title='bbox 953 5253 1020 5309; x_wconf 77' lang='lat' dir='ltr'><strong>vidit</strong></span> <span class='ocrx_word' id='word_1_748' title='bbox 1033 5256 1122 5311; x_wconf 90' lang='lat' dir='ltr'><strong>vultus</strong></span> <span class='ocrx_word' id='word_1_749' title='bbox 1136 5256 1207 5326; x_wconf 87' lang='lat' dir='ltr'><strong>ejus.</strong></span> <span class='ocrx_word' id='word_1_750' title='bbox 1228 5257 1256 5314; x_wconf 90' lang='lat' dir='ltr'><strong>Si</strong></span> <span class='ocrx_word' id='word_1_751' title='bbox 1271 5275 1321 5329; x_wconf 90' lang='lat' dir='ltr'><strong>pro</strong></span> <span class='ocrx_word' id='word_1_752' title='bbox 1340 5263 1449 5318; x_wconf 88' lang='lat' dir='ltr'><strong>homine</strong></span> <span class='ocrx_word' id='word_1_753' title='bbox 1465 5267 1569 5335; x_wconf 87' lang='lat' dir='ltr'><strong>perdito</strong></span> <span class='ocrx_word' id='word_1_754' title='bbox 1591 5271 1751 5330; x_wconf 86' lang='lat' dir='ltr'><strong>humanatus</strong></span> 
     </span>
     <span class='ocr_line' id='line_1_106' title="bbox 954 5343 1750 5428; baseline 0.029 -32"><span class='ocrx_word' id='word_1_755' title='bbox 954 5350 994 5397; x_wconf 89' lang='lat' dir='ltr'><strong>est</strong></span> <span class='ocrx_word' id='word_1_756' title='bbox 1007 5343 1055 5399; x_wconf 89' lang='lat' dir='ltr'><strong>Dei</strong></span> <span class='ocrx_word' id='word_1_757' title='bbox 1071 5345 1163 5411; x_wconf 87' lang='lat' dir='ltr'><strong>Filius,</strong></span> <span class='ocrx_word' id='word_1_758' title='bbox 1180 5354 1207 5402; x_wconf 89' lang='lat' dir='ltr'><strong>et</strong></span> <span class='ocrx_word' id='word_1_759' title='bbox 1219 5362 1269 5418; x_wconf 92' lang='lat' dir='ltr'><strong>pro</strong></span> <span class='ocrx_word' id='word_1_760' title='bbox 1284 5349 1342 5418; x_wconf 87' lang='lat' dir='ltr'><strong>ejus</strong></span> <span class='ocrx_word' id='word_1_761' title='bbox 1354 5351 1541 5425; x_wconf 87' lang='lat' dir='ltr'><strong>redemptione</strong></span> <span class='ocrx_word' id='word_1_762' title='bbox 1567 5366 1647 5428; x_wconf 90' lang='lat' dir='ltr'><strong>utque</strong></span> <span class='ocrx_word' id='word_1_763' title='bbox 1665 5361 1750 5419; x_wconf 90' lang='lat' dir='ltr'><strong>salute</strong></span> 
     </span>
     <span class='ocr_line' id='line_1_107' title="bbox 952 5433 1750 5521; baseline 0.028 -37"><span class='ocrx_word' id='word_1_764' title='bbox 952 5439 1066 5486; x_wconf 88' lang='lat' dir='ltr'><strong>mortem</strong></span> <span class='ocrx_word' id='word_1_765' title='bbox 1082 5433 1290 5504; x_wconf 76' lang='lat' dir='ltr'><strong>ignominiosam</strong></span> <span class='ocrx_word' id='word_1_766' title='bbox 1306 5438 1423 5508; x_wconf 91' lang='lat' dir='ltr'><strong>pertulit,</strong></span> <span class='ocrx_word' id='word_1_767' title='bbox 1453 5441 1591 5500; x_wconf 89' lang='lat' dir='ltr'><strong>Catholica</strong></span> <span class='ocrx_word' id='word_1_768' title='bbox 1617 5447 1699 5521; x_wconf 75' lang='lat' dir='ltr'><strong>igitur</strong></span> <span class='ocrx_word' id='word_1_769' title='bbox 1723 5459 1750 5508; x_wconf 89' lang='lat' dir='ltr'><strong>et</strong></span> 
     </span>
     <span class='ocr_line' id='line_1_108' title="bbox 952 5521 1747 5608; baseline 0.026 -34"><span class='ocrx_word' id='word_1_770' title='bbox 952 5528 1044 5576; x_wconf 90' lang='lat' dir='ltr'><strong>sancta</strong></span> <span class='ocrx_word' id='word_1_771' title='bbox 1058 5521 1108 5577; x_wconf 90' lang='lat' dir='ltr'><strong>Dei</strong></span> <span class='ocrx_word' id='word_1_772' title='bbox 1121 5529 1207 5578; x_wconf 89' lang='lat' dir='ltr'><strong>mater</strong></span> <span class='ocrx_word' id='word_1_773' title='bbox 1220 5524 1342 5593; x_wconf 86' lang='lat' dir='ltr'><strong>ecelesia,</strong></span> <span class='ocrx_word' id='word_1_774' title='bbox 1372 5545 1406 5584; x_wconf 90' lang='lat' dir='ltr'><strong>no</strong></span> <span class='ocrx_word' id='word_1_775' title='bbox 1432 5528 1480 5586; x_wconf 85' lang='lat' dir='ltr'><strong>lidii</strong></span> <span class='ocrx_word' id='word_1_776' title='bbox 1508 5532 1549 5587; x_wconf 91' lang='lat' dir='ltr'><strong>sni</strong></span> <span class='ocrx_word' id='word_1_777' title='bbox 1576 5534 1747 5608; x_wconf 87' lang='lat' dir='ltr'><strong>damnentur,</strong></span> 
     </span>
     <span class='ocr_line' id='line_1_109' title="bbox 951 5610 1745 5697; baseline 0.024 -35"><span class='ocrx_word' id='word_1_778' title='bbox 951 5617 1082 5681; x_wconf 85' lang='lat' dir='ltr'><strong>perpetuo</strong></span> <span class='ocrx_word' id='word_1_779' title='bbox 1097 5610 1169 5668; x_wconf 89' lang='lat' dir='ltr'><strong>bonu</strong></span> <span class='ocrx_word' id='word_1_780' title='bbox 1183 5629 1231 5669; x_wconf 84' lang='lat' dir='ltr'><strong>sua</strong></span> <span class='ocrx_word' id='word_1_781' title='bbox 1246 5614 1324 5670; x_wconf 86' lang='lat' dir='ltr'><strong>hilari</strong></span> <span class='ocrx_word' id='word_1_782' title='bbox 1348 5618 1422 5672; x_wconf 87' lang='lat' dir='ltr'><strong>vulta</strong></span> <span class='ocrx_word' id='word_1_783' title='bbox 1449 5626 1477 5674; x_wconf 90' lang='lat' dir='ltr'><strong>et</strong></span> <span class='ocrx_word' id='word_1_784' title='bbox 1502 5628 1594 5678; x_wconf 87' lang='lat' dir='ltr'><strong>monte</strong></span> <span class='ocrx_word' id='word_1_785' title='bbox 1614 5625 1745 5697; x_wconf 79' lang='lat' dir='ltr'><strong>jucunda,</strong></span> 
     </span>
    </p>
   </div>
   <div class='ocr_carea' id='block_1_23' title="bbox 0 0 1880 6000">
    <p class='ocr_par' dir='ltr' id='par_1_26' title="bbox 0 0 1880 6000">
     <span class='ocr_line' id='line_1_110' title="bbox 0 0 1880 6000; baseline 0 8"><span class='ocrx_word' id='word_1_786' title='bbox 0 0 1880 6000; x_wconf 95' lang='lat' dir='ltr'><strong> </strong></span> 
     </span>
    </p>
   </div>
  </div>
 </body>
</html>
