3750 6000
64 266 143 334 llil
550 261 604 324 DE
624 258 760 323 (testis
781 255 936 322 Puncta.
958 255 1073 318 snat.
1099 289 1134 304 ι·-
1157 255 1232 317 tls.
1255 256 1279 319 l.
1690 259 1771 323 tsvs

63 397 247 459 tramonschi
260 397 358 472 palam
368 392 728 467 clamitabantapostolicis
738 391 892 466 preceptis
905 391 934 460 A
948 389 1100 464 apostolici
1117 389 1282 465 presentia,
1293 389 1386 462 legato
1396 392 1421 449 si
1432 409 1498 452 vera
1508 393 1588 452 dicat
1600 395 1770 454 testimonio

64 490 195 549 fraudem
207 488 542 559 innectiooaqaereates.
551 484 748 557 Siquidem‚et
758 482 891 556 epistola·
947 487 1003 538 tua
1019 480 1199 538 auctoritatis
1223 478 1413 553 adstipulare.
1431 503 1445 532 a
1469 484 1619 542 Consensu
1649 491 1768 560 accepto

65 595 153 655 quam
170 576 311 636 Ausetano
322 576 492 644 attulerant,
508 575 595 647 vulgo
607 574 670 646 jam
685 572 888 630 lectitabatur:
945 569 1107 626 discessum
1122 575 1167 626 est
1181 569 1218 627 ab
1234 569 1367 628 invicem.
1378 571 1538 629 dussimus
1549 575 1690 632 continuo
1705 592 1770 650 pro·

63 668 93 725 in
114 684 172 740 qua
187 665 352 724 nouaclum
369 663 556 722 investituras
576 680 634 720 non
654 663 823 733 concedere,
838 660 888 718 sed
943 658 1037 730 speria
1053 658 1170 715 flatibus
1197 658 1326 716 maxima
1346 659 1477 732 pericula
1492 666 1675 721 transvectus
1691 664 1768 722 bona

63 758 152 817 etiam
173 761 281 814 statuta
300 756 410 814 Urbani
433 752 617 828 pertinaciter
640 752 817 829 probabatur
840 752 889 809 Pa·
943 747 1031 805 etism
1044 748 1319 805 fortunaterrennm
1332 748 1516 807 iteriiomam
1532 766 1768 822 usqueemensns

63 850 174 909 sobelis
188 866 300 922 urgere,
313 849 514 921 servandaque
529 863 656 904 monere.
668 846 822 920 strepebat
837 844 889 918 igi·
944 841 998 895 eat.
1014 836 1068 894 Ubi
1083 837 1243 911 apostolico
1260 838 1368 908 favore,
1384 847 1410 896 et
1434 840 1580 898 senatoria
1602 842 1767 914 frequentia

63 939 220 998 turomnis
231 938 470 1004 autemurmare,
483 953 541 992 nan
552 935 889 993 debereattendimona·
944 935 1082 999 exceptus
1107 926 1207 1000 paucis
1223 926 1327 984 diebus
1342 927 1469 998 silentio,
1486 933 1515 986 et
1528 929 1617 1003 quieti
1641 930 1767 989 indulsit

63 1029 137 1096 chia,
153 1027 203 1101 qai
218 1027 342 1084 libenter
360 1026 436 1083 fucis
452 1025 604 1083 veritatem
619 1024 786 1090 obscurent,
803 1023 888 1080 dam·
939 1016 1064 1089 lubente
1080 1033 1163 1089 papa.
1180 1016 1399 1089 Cumquevires
1415 1019 1622 1092 resumpsisset
1637 1020 1709 1089 ⁰15⁰.
1719 1020 1767 1077 <150

63 1118 150 1176 modo
160 1115 380 1188 archiepiscopo
390 1113 534 1187 placeant.
546 1112 744 1186 Episcopalem
754 1112 889 1184 gradum,
945 1103 1103 1162 constituto
1123 1103 1263 1177 palatium
1289 1104 1477 1164 lateranense
1493 1107 1668 1182 ingreditur,
1684 1111 1765 1167 adest

64 1211 93 1264 et
100 1221 264 1263 sermonem
276 1205 375 1279 magni
390 1220 455 1262 usse
466 1203 620 1278 ponderis:
632 1199 889 1272 monachosjastn
944 1198 973 1251 et
987 1194 1120 1264 nuntius,
1136 1194 1188 1267 qui
1202 1195 1300 1266 paucis
1315 1195 1419 1252 diebus
1432 1198 1589 1256 adventum
1604 1200 1669 1273 ejus
1689 1216 1766 1274 praa-

60 1293 244 1353 secularium
254 1309 351 1351 reram
361 1290 716 1366 testimouioperdidisse‘:
730 1292 789 1346 «At
799 1288 889 1360 istud,
943 1287 1071 1356 venerat,
1081 1287 1167 1340 actas
1175 1284 1237 1354 jnm
1250 1283 1346 1342 Rome
1358 1284 1764 1358 WillielmusdeWarlewost,

61 1381 157 1455 iuquit
167 1381 494 1449 Baldwinas,saculare
505 1381 655 1453 negotium
668 1394 724 1435 non
736 1382 814 1444 est»
824 1381 889 1434 tum
943 1372 1054 1432 electus
1067 1373 1239 1431 Exonieusis
1253 1373 1399 1432 Ecclesiae.
1425 1374 1453 1432 ls
1476 1393 1577 1435 omnes
1592 1379 1765 1451 impendens

60 1487 196 1546 proceres
209 1487 216 1528 ι
229 1472 382 1528 «Probum
392 1482 421 1527 et
433 1471 608 1542 prudentem
620 1477 646 1524 ta
657 1467 767 1525 scimus
782 1464 887 1532 virum,
943 1461 1113 1536 eloquentie
1134 1462 1220 1532 vires,
1245 1478 1362 1520 causam
1395 1463 1473 1538 regia
1498 1467 1662 1539 perorabat,
1679 1471 1711 1526 ut
1737 1468 1764 1527 ei

60 1559 379 1632 aeodeillisease,qaa
386 1559 514 1616 maxima
527 1558 888 1615 turbaordinemvestrnm
943 1569 1045 1610 omnes
1060 1561 1197 1627 paterae,
1213 1552 1406 1626 fraterneque
1420 1556 1647 1614 consuetudines
1662 1557 1764 1616 redde·
1836 1590 1849 1603 =

60 1649 137 1708 maie
158 1649 278 1707 virendo
306 1649 439 1717 infamat,
462 1649 513 1706 sed
538 1654 636 1705 tamen
658 1650 688 1704 et
709 1647 838 1703 bumana
860 1650 889 1703 et
943 1642 1200 1716 rentur,tlngliam
1211 1641 1387 1714 peculiarem
1402 1643 1616 1704 esseliomanoe
1631 1645 1763 1706 Ecclesia

59 1738 159 1796 divina
169 1736 259 1811 exigit
269 1738 353 1808 ratio,
365 1742 397 1795 ut
414 1737 506 1812 magis
522 1736 617 1794 tribus
635 1733 779 1808 episcopia
793 1749 883 1808 quam
899 1722 923 1792 B
938 1732 1124 1808 provinciam,
1132 1736 1161 1790 et
1171 1732 1196 1789 ei
1207 1731 1318 1789 tributa
1328 1734 1486 1804 quotannis
1497 1735 1654 1808 pensitare,
1666 1753 1763 1810 regem

59 1828 185 1885 duorum
202 1826 410 1885 monachorum
437 1827 572 1884 credatur
597 1824 775 1883 testimonio.
792 1845 807 1874 ι
834 1822 886 1881 iiia
942 1823 1019 1880 sicut
1034 1821 1218 1889 munificum,
1233 1820 1275 1877 ita
1292 1822 1521 1894 magnanimum.
1538 1823 1671 1884 Dedecus
1686 1828 1724 1895 ei,
1735 1828 1765 1884 el

62 1932 131 1991 ergo
159 1916 308 1974 fluctuavit
322 1914 454 1973 Anselmi
478 1915 635 1984 sententia,
651 1929 708 1987 quo
736 1919 884 1984 vergeret,
940 1910 1044 1983 videri,
1059 1914 1089 1968 et
1105 1926 1180 1979 esse,
1195 1910 1220 1967 si
1241 1913 1458 1970 antecessorum
1479 1929 1601 1971 suorum
1612 1914 1679 1987 jura
1695 1931 1764 1988 per-

59 2006 138 2080 quod
154 2010 184 2062 et
203 2005 325 2062 adversa
340 2006 433 2061 fronte
462 2002 662 2061 testimonium
681 2000 884 2073 episcoporum
939 2001 1032 2068 deret,
1043 2016 1118 2075 quos
1129 2001 1192 2073 ipse
1206 2005 1235 2059 et
1246 2000 1336 2059 animi
1350 2003 1564 2077 magnitudine,
1579 2006 1609 2060 et
1622 2020 1712 2077 opum
1723 2005 1766 2062 af·

59 2093 201 2163 refellere,
212 2094 366 2150 videbatur
374 2094 532 2167 superbam
546 2109 553 2160 ;
570 2108 655 2166 porro
669 2088 809 2163 epistole,
820 2104 884 2161 que
939 2089 1060 2147 tuentia
1076 2088 1161 2163 longa
1175 2091 1290 2163 preirel
1308 2098 1337 2151 et
1357 2097 1509 2167 premeret.
1526 2091 1692 2149 Providerat
1706 2091 1764 2152 tta·
1855 2158 1859 2165 ,

58 2177 883 2258 sigillumapostolicumpretendebatnonorederestul·
939 2193 996 2251 que
1012 2193 1087 2251 papa
1102 2179 1177 2252 regis
1192 2179 1305 2252 honori,
1329 2180 1495 2240 consuleret
1522 2181 1580 2239 sibi
1600 2196 1687 2255 quem
1703 2199 1762 2240 nun

59 2277 135 2330 tum.
147 2272 327 2330 Confirmato
338 2271 438 2329 animo
454 2270 605 2343 respondit
625 2270 663 2328 sd
678 2268 883 2326 certitudinem
939 2270 1083 2327 dubitaret
1098 2286 1204 2343 magno
1219 2273 1313 2329 fructu
1326 2273 1541 2347 emungendum
1551 2271 1692 2344 pecunie,
1705 2273 1762 2331 nial

60 2361 130 2418 facti
145 2362 378 2434 cognoscendam
395 2360 555 2418 missurum
570 2375 602 2417 ae
612 2358 747 2415 Romam.
763 2354 884 2414 iuterim
939 2364 1054 2432 putaret
1064 2359 1686 2420 abstinendumcanonumseveritate.lliset
1696 2361 1762 2421 aliia

59 2450 129 2519 lilia,
146 2450 195 2525 qui
218 2449 438 2518 investirentur,
462 2464 516 2507 nec
535 2446 770 2506 communionem
798 2459 884 2501 suam
938 2449 974 2506 sd
986 2465 1106 2507 causam
1120 2449 1285 2509 valentibus
1299 2452 1387 2510 dictis
1397 2452 1532 2509 traducta
1546 2456 1589 2508 est
1603 2451 1633 2509 in
1648 2455 1763 2510 senten·

60 2539 235 2612 negandam,
245 2555 297 2596 nec
308 2538 540 2596 benedictionem
551 2533 885 2611 impartiendamiiraat
938 2538 1009 2596 tiam
1025 2537 1156 2597 Romana
1179 2540 1260 2598 ouria
1282 2541 1397 2599 obnixis
1417 2540 1564 2599 favoribus
1592 2540 1680 2614 regis,
1697 2545 1764 2600 vota

59 2628 142 2686 electi
160 2628 289 2701 flogerus
312 2625 507 2685 cancellarius
529 2627 603 2698 regis
627 2626 664 2682 ad
678 2623 883 2691 salesburiam,
939 2627 1044 2684 debere
1054 2627 1169 2700 impleri
1181 2631 1384 2701 pronuntians.
1396 2630 1625 2688 silebatinterea
1633 2630 1764 2702 pontifex

63 2717 241 2789 lieyaelmus
264 2716 457 2775 cancellarius
473 2717 579 2789 regine
593 2715 629 2771 ad
645 2711 793 2771 Hereford.
810 2709 884 2768 Wil·
939 2721 1070 2789 uterque,
1084 2717 1248 2790 perorantis
1258 2719 1412 2793 ampullas,
1429 2727 1457 2777 et
1471 2719 1653 2777 adulantium
1665 2719 1763 2779 fumos

60 2801 885 2878 lielmusetiamfueratadhucrecentipotestateflenricl
939 2809 1762 2884 prudenterattendens,latenterirrideos.'famlegatos

60 2893 885 2967 violenteradWintouiensemepiscopatumelectas,neo
939 2902 1046 2971 putans
1068 2896 1184 2955 illoram
1200 2899 1429 2958 taciturnitatem
1444 2916 1508 2958 esse
1532 2900 1761 2973 conniventiam,

59 2985 194 3044 electioni
209 2985 382 3054 assentiens,
393 2986 452 3042 imo
462 2984 603 3057 eligentes
614 2981 726 3056 asperis
735 2980 883 3050 conviciis,
939 3002 1060 3046 securus
1074 2986 1171 3060 erupit
1183 2998 1216 3045 :a
1232 2988 1363 3046 Plurima
1377 2987 1425 3046 hio
1439 2989 1508 3046 inde
1523 2993 1648 3062 possunt
1658 2988 1762 3063 agitari

62 3079 90 3133 et
101 3075 190 3132 minis
204 3074 367 3133 incessens.
378 3074 432 3132 Sed
445 3073 625 3147 regrediente
634 3070 783 3139 Ausetano,
794 3070 831 3128 ab
842 3086 885 3139 eo,
900 3047 1039 3149 uverba,
1056 3076 1106 3134 sed
1117 3075 1178 3133 beo
1188 3081 1234 3135 est
1243 3094 1371 3145 summa,
1383 3079 1459 3152 quod
1470 3078 1606 3136 dominus
1617 3095 1763 3137 meusnao

61 3169 91 3223 et
106 3163 209 3222 baculo
225 3166 365 3238 pastorali
379 3167 517 3238 donatas,
532 3169 561 3222 et
575 3165 605 3222 in
615 3163 772 3223 Ecclesiam
788 3161 885 3219 estia-
940 3183 993 3238 pro
1008 3165 1163 3223 amissione
1178 3166 1259 3238 regni
1276 3166 1466 3240 patietarsibi
1481 3166 1670 3225 ecclesiarum
1687 3168 1763 3225 inve·

61 3255 225 3313 traductus.
236 3256 331 3322 Quare
345 3254 381 3310 ad
395 3253 476 3312 illius
491 3254 724 3312 benedictionem
739 3252 886 3310 libensas·
940 3255 1062 3312 stituras
1077 3254 1193 3312 auferri.
1209 3287 1244 3297 -
1258 3255 1317 3313 Neo
1336 3271 1400 3329 ego,
1414 3256 1512 3328 inquit
1535 3272 1622 3330 papa,
1638 3273 1691 3331 pro
1713 3273 1762 3315 oa·

60 3359 181 3401 sensum
197 3342 409 3401 commodabat.
425 3344 468 3400 fta
484 3359 533 3402 rex
547 3344 633 3415 paulo
650 3341 820 3400 commotior
834 3339 884 3397 Gi·
940 3344 1010 3419 pitis
1021 3343 1078 3401 mei
1093 3344 1290 3418 redemptione
1300 3360 1366 3403 eum
1384 3345 1572 3404 investituras
1591 3344 1761 3420 permittam

62 3431 148 3488 rardo
172 3429 345 3487 ebracensi
365 3430 591 3487 consecrationis
617 3430 752 3488 omnium
775 3442 886 3485 munus
938 3434 1060 3510 impune
1072 3435 1188 3492 babere.
1200 3455 1215 3486 n
1227 3434 1434 3508 nujuscemodi
1451 3434 1521 3492 dicti
1536 3443 1762 3493 rennreaonunr·
1843 3460 1847 3465 -

62 3519 201 3592 injunxit.
217 3519 275 3577 Neo
291 3518 340 3578 tlte
354 3525 552 3588 retractasset,
564 3521 589 3576 si
609 3535 668 3577 non
683 3518 726 3575 illi
740 3518 823 3576 electi
840 3517 884 3574 sl·
940 3541 978 3583 aaa
994 3524 1141 3581 fautorum
1158 3523 1304 3598 tinguent
1320 3525 1349 3581 in
1365 3525 1478 3583 diversa
1488 3529 1606 3583 mutatae
1624 3541 1659 3580 :a
1674 3524 1762 3582 Bene-
1839 3516 1842 3521 ’

60 3611 134 3668 tiore
148 3610 259 3667 rationo
275 3610 460 3683 refugissent.
480 3611 608 3677 Ovorum
623 3608 805 3678 nainetmue,
819 3623 885 3666 uox
939 3613 1289 3686 cteta,tnqutnnt,eoroie
1301 3615 1343 3671 tui
1359 3614 1762 3685 constantia,nennotuaoria

61 3699 152 3757 relato
164 3699 339 3773 regiaannlo
354 3707 381 3756 et
397 3699 511 3768 baculo,
523 3700 689 3772 episcopatu
700 3697 799 3755 cessit.
810 3696 885 3754 Wil·
940 3702 981 3760 tui
996 3701 1123 3775 loquela.
1140 3725 1155 3754 a
1169 3703 1293 3776 Legatos
1308 3705 1449 3762 confusas
1463 3703 1586 3761 obticuit
1597 3727 1605 3771 ς
1617 3705 1713 3761 effecit
1723 3710 1762 3760 ta·
1849 3728 1854 3737 ·

60 3788 176 3846 lielmns
187 3805 245 3846 non
257 3788 354 3846 minus
365 3788 421 3846 nisi
434 3790 512 3862 qood
524 3788 665 3845 annulum
677 3805 736 3845 aon
747 3786 874 3844 reddidit
939 3807 1007 3848 men
1023 3797 1054 3849 ut
1066 3791 1192 3848 nonulla
1207 3793 1434 3851 eonsuetudines
1450 3792 1541 3866 patria
1553 3792 1612 3867 regi
1629 3791 1761 3850 laxaren-

61 3879 192 3951 llogerus
206 3878 389 3952 predicanda
403 3879 557 3953 prudentie
572 3877 686 3935 iterem
702 3876 884 3949 temperavit,
938 3883 998 3949 tur,
1014 3881 1136 3953 ipsoque
1151 3880 1268 3937 interim
1293 3882 1329 3938 ab
1352 3881 1665 3952 excommunicatione,
1682 3881 1760 3955 quod

60 3971 92 4025 ut
107 3985 159 4025 nec
174 3983 271 4041 regem
285 3969 420 4038 irritaret,
438 3984 491 4027 nec
510 3968 729 4040 archiepiscopo
745 3965 883 4039 injuriam
939 3965 1053 4038 aliquos
1062 3965 1229 4024 investierat
1239 3967 1375 4037 immuni,
1390 3967 1517 4025 investiti
1530 3967 1696 4025 auctoritati
1710 3982 1761 4025 oa·

60 4058 177 4116 faceret.
193 4059 236 4115 fta
251 4074 317 4115 cnm
335 4057 493 4116 Anaelmuu
512 4056 594 4115 nullo
610 4056 696 4114 modo
720 4056 883 4129 desisteret,
938 4071 1050 4113 nonam
1079 4056 1263 4128 subjacerent
1285 4074 1293 4119 ι
1318 4072 1418 4115 eorum
1443 4056 1605 4115 satisfactio
1629 4055 1760 4115 anselmi

60 4147 223 4221 diceretque
238 4164 268 4205 se
278 4163 331 4205 neo
347 4165 399 4220 pro
409 4149 474 4204 vitre
491 4164 550 4204 sue
566 4148 672 4204 damno
687 4148 789 4203 contra
803 4145 883 4203 sedis
937 4144 1090 4203 commissa
1103 4144 1224 4218 judicio.

59 4236 224 4309 apostolicae
238 4237 423 4295 definitiones
438 4243 572 4294 acturam
588 4236 646 4293 nisi
661 4236 698 4293 ab
712 4236 812 4292 eadem
829 4234 881 4292 ab·
972 4234 1025 4303 Qui
1055 4250 1122 4292 cum
1151 4236 1300 4294 remeandi
1327 4235 1475 4295 licentiam
1491 4235 1662 4309 accepisset,
1687 4235 1761 4295 alter

58 4324 213 4383 solutionis
229 4327 363 4398 procedat
376 4326 552 4396 remedium,
568 4325 662 4383 omnis
677 4324 786 4382 laboris
811 4340 881 4400 pro-
895 4355 919 4423 Β
936 4325 1063 4382 reditum
1078 4325 1239 4393 excusavit,
1259 4324 1359 4384 dicens
1374 4343 1406 4385 se
1424 4325 1483 4384 votl
1503 4341 1586 4383 reum
1611 4324 1700 4383 eundi
1722 4327 1760 4384 ad

59 4413 132 4471 eolla
156 4429 329 4486 supereum
363 4414 481 4472 cecidit.
511 4415 729 4473 Convenitura
758 4429 825 4487 rege
852 4416 881 4470 at
935 4419 1068 4472 sanetum
1084 4414 1759 4475 Nicolaum:aversabatnrdictointentio.Nl·

58 4502 213 4576 episcopis,
229 4510 256 4558 et
267 4503 465 4575 magnatibus,
482 4510 513 4560 ut
527 4503 590 4575 ipse
605 4505 727 4561 bamam
744 4501 881 4576 dignetur
935 4503 1051 4561 tebatur
1064 4504 1151 4572 enim,
1168 4509 1200 4561 ut
1215 4521 1332 4579 quoque
1348 4507 1432 4565 modo
1460 4521 1566 4581 papam
1582 4507 1759 4564 ssententia

58 4591 215 4666 proficisci,
231 4592 309 4664 quod
335 4591 383 4649 alti
400 4592 499 4650 minus
518 4597 636 4665 egerant
654 4610 707 4650 sue
727 4592 882 4665 presentia
936 4592 1111 4650 traduceret.
1120 4591 1200 4657 Quod
1214 4593 1263 4650 ubi
1274 4594 1309 4650 ad
1322 4593 1449 4652 aihttam
1459 4595 1579 4652 tendere
1588 4594 1670 4667 vidit,
1680 4611 1758 4653 com·

59 4678 261 4753 suppleturus.
272 4679 335 4736 Non
351 4685 462 4737 careret
475 4680 591 4753 effectu,
602 4682 680 4754 qnod
691 4680 880 4755 vellet,quem
936 4680 1087 4754 pendiario
1104 4681 1222 4738 tramite
1250 4683 1514 4757 archiepiscopum,
1529 4685 1565 4740 ad
1580 4683 1757 4742 Placentiam

59 4768 144 4828 sedes
158 4768 319 4838 apostolica
333 4769 406 4826 tanti
423 4768 559 4842 penderet
575 4786 582 4839 ;
600 4770 781 4842 impenderet
794 4771 882 4828 modo
936 4769 1115 4845 anticipavit.
1125 4770 1291 4844 Aliquantis
1300 4788 1370 4846 ergo
1380 4772 1484 4831 diebus
1495 4772 1759 4845 communiterper·
1857 4762 1859 4767 ’

58 4857 136 4916 hune
152 4857 281 4915 laborem
292 4859 393 4931 patris
407 4875 466 4933 qao
482 4874 582 4925 pacem
601 4857 745 4928 Ecclesia,
761 4874 819 4930 quo
833 4859 882 4916 dl·
935 4862 1060 4930 rectum,
1074 4863 1127 4918 Sed
1143 4876 1211 4918 cum
1227 4877 1277 4920 eos
1289 4863 1344 4920 vie
1359 4869 1506 4936 separaret
1521 4861 1687 4929 divortium,
1707 4859 1773 4928 ille¹
1846 4914 1849 4919 .

57 4952 198 5025 gnitatem
215 4954 364 5022 repararet
374 4949 501 5021 imperii.
517 4949 575 5007 lete
590 4949 726 5024 precibus
736 4948 810 5005 flecti
823 4964 882 5007 aon
936 4949 1014 5021 quod
1030 4955 1097 5007 aate
1110 4949 1252 5009 celaverat
1266 4951 1393 5025 aperuit,
1408 4951 1508 5009 dicens
1518 4967 1552 5006 :n
1574 4949 1693 5007 Mandat
1706 4949 1760 5008 tibi

58 5042 186 5105 nescius,
203 5056 239 5097 ae
253 5038 353 5097 omnia
364 5055 418 5097 suo
428 5043 541 5096 tantum
551 5038 697 5096 videretur
706 5053 882 5112 presumere
936 5036 1074 5096 dominas
1089 5054 1181 5110 meas,
1192 5040 1305 5115 quodsi
1320 5040 1364 5099 sio
1378 5043 1407 5098 te
1421 5040 1479 5098 sibi
1495 5038 1760 5108 exhibueris,siout
1856 5094 1859 5099 .

56 5128 188 5198 arbitrio,
204 5129 355 5186 consensit
370 5146 377 5199 ;
393 5129 505 5185 iturum
529 5144 571 5198 se,
588 5144 624 5186 ne
646 5131 817 5185 cunctorum
832 5142 880 5184 ro·
937 5130 1105 5185 antecessor
1119 5131 1187 5187 tuus
1197 5129 1369 5188 exbibuitse
1382 5129 1458 5202 patri
1470 5145 1535 5198 suo,
1546 5128 1673 5186 libenter
1681 5130 1759 5189 votet

54 5216 161 5275 lanati
175 5216 291 5275 deesset
306 5234 313 5287 ;
327 5234 496 5291 quanquam
513 5218 677 5291 legatorum
693 5216 816 5291 penuria
831 5231 882 5275 eos
936 5215 1386 5293 adveatumtuuminbngliam:
1397 5218 1442 5276 sin
1452 5217 1562 5287 minus,
1572 5217 1759 5291 prudentilo·

55 5305 93 5363 ad
104 5319 194 5360 unum
210 5321 308 5362 senem
324 5307 411 5365 annia
421 5322 549 5379 gravem,
562 5323 682 5380 corpore
693 5306 818 5364 debilem
829 5307 882 5364 sd·
936 5320 1017 5377 quor,
1027 5306 1085 5363 scis
1095 5308 1166 5381 quid
1177 5313 1328 5379 sequatur.
1339 5327 1353 5361 ι
1363 5309 1407 5366 Ιιι
1417 5306 1593 5366 willielmus
1601 5309 1691 5368 oitato
1700 5312 1759 5368 Aa·

54 5394 181 5468 egisset;
193 5395 302 5451 scirent
315 5398 412 5452 tamm
426 5395 498 5453 nibil
511 5413 542 5454 sa
557 5395 718 5469 apostolico
727 5399 882 5470 suggestu·
936 5393 1035 5469 gliam,
1044 5396 1386 5469 basalmosbugdnaum
1394 5396 1556 5457 connatis.
1568 5398 1759 5475 tadsqaemi·

55 5500 133 5551 ram,
149 5482 227 5556 quod
244 5484 438 5543 antecessoris
452 5487 497 5542 sui
508 5486 631 5559 gloriam
647 5487 810 5559 abrogaret,
823 5491 882 5542 sta·
935 5483 973 5542 sit
988 5483 1100 5544 litteras
1119 5487 1180 5561 regi
1196 5503 1283 5561 super
1296 5488 1416 5546 veritate
1436 5487 1583 5547 dicturam
1604 5486 1757 5546 Willielmi

59 5581 119 5631 tata
134 5573 309 5645 effringeret.
324 5594 339 5624 a
364 5573 408 5630 'fn
432 5581 553 5644 tantam,
570 5575 676 5646 inquit,
692 5574 776 5648 vade,
797 5578 827 5632 et
850 5574 879 5632 ia
934 5572 1330 5652 excatpsate.spierotaron
1340 5576 1757 5650 sertam,quelnimmeasam
