3750 6000
50 193 126 255 1465
534 192 584 253 ΠΙ
606 189 742 253 elisiis
763 189 917 254 Pontii.
939 192 1056 252 ANGL.
1079 224 1118 237 -··
1141 194 1214 255 tili.
1238 193 1261 252 l.
1671 194 1750 257 liba

48 330 109 388 sive
124 331 337 403 episcoporum,
352 327 538 397 clericorum,
553 329 615 386 sice
634 328 775 386 laicorum
791 327 874 384 irrita
889 329 912 397 Α
926 327 992 399 jura
1007 326 1168 399 quidquam
1183 327 1350 398 abstulerit,
1361 329 1474 388 aulerci
1484 345 1550 387 euni
1562 329 1752 401 Omnipotens

48 420 143 478 facere
165 421 329 486 tentaverit,
344 438 360 477 a
375 419 505 493 principe
520 420 717 491 apostolorum
734 419 830 484 Petro,
845 420 875 474 at
928 416 1006 474 Deus
1017 418 1053 475 de
1064 417 1139 474 libro
1149 419 1213 473 vita
1224 434 1296 485 aue,
1307 422 1439 490 sciatque
1450 436 1481 475 aa
1492 421 1547 475 sub
1558 419 1752 476 anathematis

50 512 197 567 acunotia
224 510 442 566 successoribus
458 508 519 564 suis
543 507 739 564 anathematis
759 508 874 563 vinculo
928 505 1053 562 vinculis
1073 521 1138 563 ease
1160 508 1312 564 nodatum.
1329 506 1448 564 Deusta
1463 508 1752 566 incolumemcuato·

49 599 210 670 suhjaceat,
227 599 321 672 quoad
339 613 430 670 usque
454 598 532 670 qnod
554 595 707 654 temerario
722 612 796 652 ausu
813 611 875 666 per·
930 596 1001 664 diat,
1019 599 1172 653 reverende
1188 596 1286 653 irater.
1304 618 1319 648 s

50 689 119 760 egit,
131 689 251 745 Domino
263 687 578 761 placitasatislactione
588 686 774 757 poenitaat,et
785 685 875 756 hujus
967 709 981 737 a
998 686 1194 742 Dilectissimo
1205 686 1287 742 tratri
1298 685 1428 743 llononio
1439 687 1589 744 Horronius
1600 687 1756 761 episcopua

50 775 876 851 inquietudinisueraniemendationemiaciat.luchristo
931 794 1031 836 servus
1045 792 1193 834 servorum
1212 777 1270 836 Dei.

51 865 619 935 valeas,domineiili.Missapeimunum
633 864 736 920 Melliti
746 862 876 935 episcopi
968 866 1119 938 Susceptis
1134 871 1237 923 vestrm
1253 867 1418 925 dilectionis
1433 866 1538 925 litteris
1553 868 1583 924 in
1598 868 1635 924 iis
1649 867 1757 939 reperi-

52 956 278 1023 Lcndoniensis,
290 971 367 1012 anno
382 954 538 1011 Dominicis
554 954 766 1010 luminationis
776 953 840 1008 6¹5·
932 973 999 1013 mus
1014 957 1100 1013 vestri
1117 954 1224 1013 laboris
1238 957 1466 1014 sollicitudinem
1485 958 1561 1014 circs
1581 957 1661 1014 vobis
1675 973 1758 1014 com·

89 1068 103 1097 «
122 1044 314 1102 Dilectissimo
330 1045 412 1100 tratri
422 1044 513 1101 Jusro
526 1044 696 1100 Douiracius
707 1043 876 1115 episcopus,
934 1047 1058 1103 missum
1070 1064 1185 1119 gregem
1197 1050 1289 1104 mulia
1300 1046 1757 1122 fatigationeoccupatam‚multo

54 1152 157 1192 servus
172 1151 322 1192 servorum
339 1133 401 1191 Dei.
933 1136 1033 1193 laboro
1044 1141 1073 1192 et
1084 1137 1219 1209 angustia
1230 1138 1480 1195 crebrescentibus
1491 1139 1577 1195 malis
1587 1145 1616 1194 et
1627 1138 1759 1193 munda-

89 1248 103 1274 «
121 1225 273 1296 susceptis
285 1230 387 1280 vestris
398 1223 562 1281 dilectionis
573 1221 718 1295 apicibus,
729 1222 759 1278 in
770 1222 879 1295 quihus
934 1227 980 1282 nia
998 1226 1100 1282 usibus
1116 1227 1223 1283 mantia
1238 1234 1338 1283 vestras
1351 1228 1541 1285 difficultates
1551 1229 1658 1300 sapius
1669 1226 1761 1283 susti·
1865 1296 1870 1303 Ι

54 1314 217 1384 reperimus
232 1314 308 1369 inter
322 1312 381 1369 alie
396 1311 540 1384 plurimos
552 1328 585 1368 ci
596 1310 755 1382 gentilibus
770 1311 879 1366 ibidem
934 1333 1003 1373 nere
1021 1317 1204 1389 gravitatem,
1220 1316 1279 1372 Nos
1295 1333 1361 1373 vero
1376 1316 1528 1372 hei-[emur
1542 1324 1668 1373 vestram
1686 1314 1760 1371 dite.

55 1403 229 1475 degentibus
242 1404 297 1458 Deo
308 1402 512 1473 Omnipotenta
523 1407 552 1456 et
563 1402 686 1457 Domino
699 1408 796 1456 nostro
810 1403 879 1456 Jesu
935 1406 1073 1475 orionem,
1085 1415 1116 1462 ur
1131 1422 1205 1478 epus
1220 1405 1379 1478 Evangelii,
1391 1407 1470 1477 qued
1481 1406 1611 1477 cepistis,
1624 1405 1761 1471 teneatis,

55 1492 171 1549 Gbristo
199 1490 360 1547 auxiliante
384 1506 547 1559 conversos,
572 1489 696 1546 maxime
723 1495 821 1546 autem
850 1490 880 1545 in
936 1494 1382 1568 quedineelaboremlumlihi
1406 1501 1493 1567 atque
1515 1495 1762 1568 perseverandum
1812 1552 1815 1557 ,

56 1582 188 1653 partibus
203 1579 322 1648 Cantica,
338 1581 374 1636 ad
391 1579 450 1635 veri
475 1581 525 1637 Dei
550 1580 641 1635 nostri
665 1578 753 1634 iidem
777 1578 881 1635 vestris
937 1586 1030 1657 megia
1047 1601 1136 1657 quem
1153 1586 1350 1641 omittendum
1371 1589 1424 1641 est.
1445 1587 1588 1641 Memento
1603 1583 1761 1656 evangelici

56 1668 207 1726 laboribus
230 1686 292 1726 esse
317 1669 489 1741 perductos:
507 1667 590 1724 valde
607 1667 743 1738 gratulati
758 1683 882 1736 suinus;
898 1685 923 1753 B
939 1674 1086 1746 praecepti,
1102 1690 1160 1745 quo
1183 1675 1310 1732 dicitur:
1326 1675 1384 1746 Epo
1398 1688 1448 1746 pro
1463 1678 1489 1729 te
1504 1672 1610 1745 rcpcei,
1626 1675 1716 1739 Patre,
1732 1674 1764 1729 ct

56 1759 178 1818 Edbaldi
202 1775 319 1833 quoque
333 1759 409 1832 regis
425 1759 559 1815 animuin
575 1759 611 1814 ad
627 1773 701 1815 veras
725 1755 883 1830 agnitionis
937 1779 993 1821 neu
1007 1764 1119 1835 deficiet
1133 1763 1198 1835 fides
1209 1767 1275 1826 tum·
1287 1768 1313 1820 et
1327 1768 1358 1819 tu
1372 1762 1523 1834 aliquando
1541 1778 1686 1819 conversus
1699 1776 1762 1818 cou-

57 1851 135 1906 viam
146 1867 210 1907 ease
220 1847 558 1917 currectuni‚Dom1num
569 1847 801 1920 Omnipotcuiem
810 1847 838 1901 in
850 1860 884 1903 80
939 1855 1021 1926 firmo
1031 1853 1138 1926 (ratres
1149 1858 1209 1909 ticos
1220 1853 1297 1925 (Luc.
1307 1854 1387 1925 xxii).
1400 1854 1433 1908 Et
1444 1852 1550 1910 iterum
1562 1852 1591 1907 in
1603 1849 1761 1922 Apostoio:

59 1940 227 2009 laudamus,
239 1939 289 2012 qui
301 1939 347 1994 sui
360 1938 488 1995 uminis
498 1944 728 2004 sacramentum,
739 1936 886 2009 mirique
940 1943 1062 2001 stabiles
1075 1951 1157 2000 estote
1165 1951 1191 1999 et
1202 1942 1364 2012 immobiles,
1375 1945 1490 1998 scientes
1500 1941 1573 2014 qaod
1582 1942 1660 1998 labor
1673 1944 1763 1997 cester

60 2030 168 2087 laboris
185 2031 311 2085 lructum
327 2045 385 2084 non
399 2027 539 2097 deseruit,
551 2029 629 2084 siout
639 2029 702 2098 ipse
712 2029 886 2099 predicato·
939 2048 993 2090 een
1009 2041 1047 2088 eei
1060 2032 1155 2088 inania
1169 2048 1261 2088 eorem
1275 2034 1387 2089 noniano
1401 2031 1425 2103 (1
1440 2031 1500 2088 cer,
1513 2031 1552 2103 v),
1565 2031 1632 2087 1500
1647 2029 1763 2102 suppli.

61 2120 142 2175 ribus
165 2117 313 2189 Evangelii
336 2118 474 2174 varaciter
489 2117 674 2189 repromisit:
692 2119 761 2172 Eece
774 2132 825 2185 epo
840 2129 884 2170 ro·
940 2124 1013 2179 eires·
1035 2127 1161 2179 ventrem
1187 2121 1372 2178 dilectionem
1395 2119 1597 2185 admonemus,
1612 2124 1645 2176 ut
1665 2119 1722 2174 lide
1735 2124 1764 2176 et

61 2212 166 2267 diaeum
183 2226 246 2264 rum
265 2209 390 2267 omnibus
411 2210 507 2266 diebos
521 2226 608 2282 arque
622 2209 661 2264 cd
674 2207 889 2265 consummatio·
941 2228 1027 2285 opere
1041 2212 1072 2267 in
1087 2211 1191 2268 timore
1208 2211 1258 2267 Dei
1281 2215 1310 2267 et
1326 2210 1469 2267 charitate
1488 2214 1584 2267 uestra
1597 2208 1762 2280 acquisitio,

59 2316 122 2356 uem
147 2297 246 2356 saculi
267 2298 380 2370 (Metti.
397 2299 504 2369 xxviii).
522 2297 615 2354 Multa
629 2296 706 2355 euim
722 2295 888 2365 clementia,
942 2299 1621 2373 decessorumquevestrorumqueperdomini
1634 2295 1764 2370 Gregorii

61 2389 137 2461 apud
163 2388 331 2454 Dominum,
357 2387 449 2444 multa
463 2393 508 2444 est
535 2389 563 2444 in
581 2388 665 2444 nobis
680 2388 887 2454 dimonsiraic,
942 2391 1056 2450 exordio
1067 2389 1190 2463 pullulat
1201 2388 1565 2460 convalescendoamplius
1575 2386 1763 2457 extendatur,

65 2493 131 2533 eum
161 2477 332 2548 aperiantur
358 2479 443 2533 corda
469 2477 659 2533 barbararum
688 2476 820 2548 gentium
851 2475 888 2531 ad
944 2481 1052 2554 etipsa
1067 2480 1220 2553 promissio
1234 2478 1376 2535 caminici
1392 2478 1561 2550 eloquiivos
1575 2478 1611 2533 ud
1628 2482 1764 2533 aternam

59 2566 283 2638 suscipiendum
309 2566 527 2638 predicationis
541 2571 642 2623 vestra
659 2566 807 2637 singulare
821 2580 888 2636 niy-
942 2570 1123 2627 festivitatem
1138 2572 1246 2637 evocet,
1263 2585 1324 2638 qua
1345 2567 1434 2623 dicit:
1453 2568 1543 2624 Venite
1557 2567 1593 2622 ud
1607 2582 1650 2622 me
1671 2578 1765 2622 omncs
1857 2634 1860 2641 Ι

60 2656 204 2726 sterium
222 2659 254 2711 ut
277 2655 355 2712 enim
380 2656 564 2728 proficerent,
581 2657 683 2713 vestris
707 2654 821 2712 maritis
845 2659 888 2710 est
942 2661 991 2733 qui
1018 2660 1150 2716 tuleratis
1170 2669 1196 2714 et
1219 2660 1328 2714 onerati
1351 2657 1426 2728 estis,
1450 2666 1476 2714 et
1497 2672 1544 2728 epo
1569 2655 1692 2727 reficiam
1720 2668 1766 2711 voa

59 2762 161 2803 eorum
191 2745 315 2803 salvatio
340 2749 506 2818 procurata,
531 2745 657 2803 Domino
680 2746 815 2803 dicante:
836 2744 889 2812 Qus·
942 2750 1046 2822 (licitis.
1063 2748 1114 2820 iii).
1131 2748 1166 2803 Dt
1188 2748 1314 2804 iterum:
1330 2750 1416 2818 liupo,
1432 2760 1509 2803 acrce
1523 2746 1591 2802 bone
1614 2754 1641 2800 et
1661 2742 1763 2815 fidelia,

60 2838 275 2909 perseveraverit
289 2851 375 2908 usque
390 2838 420 2892 in
435 2837 529 2906 finem,
546 2835 694 2892 bieralcur
707 2837 761 2892 erit
777 2834 887 2908 (licitis.
942 2838 1012 2912 quod
1026 2854 1108 2910 cuper
1120 2852 1208 2910 pauco
1221 2835 1302 2908 [uicti
1315 2836 1404 2906 fidelis
1419 2851 1504 2902 super
1521 2834 1609 2890 multe
1625 2838 1650 2889 te
1664 2833 1766 2889 condi·

61 2929 100 2996 x).
116 2925 241 2999 Cognovi
258 2926 403 2997 siquidem
420 2926 450 2981 in
466 2925 569 2982 restris
584 2924 716 2999 syllabis,
733 2929 766 2982 ut
779 2930 887 2982 sancta
944 2938 1020 2985 tuam
1039 2928 1146 3001 (liuteis.
1162 2928 1236 2998 xiiii).
1254 2927 1368 2983 luteres
1390 2931 1447 2981 tua
1463 2925 1541 2981 aedis
1563 2924 1766 2980 auctoritatam

63 3018 273 3076 recordationis
287 3019 482 3089 predecessor
498 3020 595 3074 noster
606 3016 764 3089 Gregorius
778 3015 887 3072 consti·
904 3005 926 3074 C
945 3025 1052 3075 nostrai
1062 3016 1245 3073 auctoritatis
1255 3014 1404 3087 privilegio
1415 3014 1525 3070 firmari
1538 3010 1768 3085 postulandos

63 3109 119 3165 tuit
140 3107 305 3181 Augustino
321 3112 350 3164 at
364 3109 504 3164 omnibus
529 3106 751 3164 successoribus
774 3106 838 3162 auia
858 3103 889 3160 in
944 3124 1012 3163 varo
1023 3104 1351 3178 absqueulladiiaticne
1361 3103 1486 3176 gratuito
1497 3101 1595 3158 animo
1605 3108 1768 3156 annuentes

66 3201 217 3271 posterum
234 3198 485 3268 metropolitanam
502 3201 530 3254 et
546 3197 723 3267 primitivam
745 3197 843 3252 aedem
860 3194 891 3252 in
945 3196 1022 3268 qnod
1039 3205 1150 3251 rectum
1172 3199 1227 3262 est,
1244 3201 1274 3249 ut
1300 3193 1377 3266 quod
1403 3190 1493 3249 saniei
1517 3195 1658 3247 statutum
1682 3196 1768 3259 atque

64 3287 182 3344 civitate
197 3287 385 3356 Dorobernia,
402 3287 452 3343 ubi
467 3291 555 3357 caput
566 3286 654 3342 torius
668 3287 765 3358 gentis
778 3284 891 3357 anglo·
945 3285 1151 3357 disposituma
1166 3281 1429 3355 predecessoribus
1446 3280 1552 3336 nostris
1567 3276 1768 3351 cognovimus,

65 3392 156 3432 ruma
167 3377 271 3433 diebus
286 3392 467 3448 paganorum
479 3376 614 3432 babetur.
626 3378 739 3432 Atvaro
754 3390 830 3431 nune
843 3389 893 3445 per
946 3374 1002 3431 hoc
1014 3373 1112 3445 ipsum
1128 3377 1158 3428 at
1168 3387 1222 3427 nos
1237 3371 1457 3439 confirmemus,
1472 3383 1631 3439 eorumque
1646 3364 1770 3438 vestigia

66 3464 273 3520 revelationem
297 3463 366 3520 Jesu
390 3463 507 3533 Christi,
524 3465 574 3536 qui
599 3473 643 3521 cst
666 3464 747 3536 origo
763 3471 791 3519 et
805 3465 894 3534 caput
946 3472 1102 3536 sequentes
1114 3463 1199 3533 juxta
1211 3460 1301 3518 ritum
1314 3459 1417 3531 priscae
1432 3456 1665 3523 consuetudinis,
1677 3469 1770 3529 quas

65 3553 307 3617 Christianitatis,
317 3553 417 3609 eadem
428 3553 530 3609 civitas
540 3552 684 3610 exaltatur
695 3551 896 3609 etorthodoxa
946 3557 1077 3625 tempora
1092 3556 1199 3608 sancta
1214 3550 1424 3606 recordationis
1439 3547 1594 3621 Augustini
1615 3547 1770 3618 pradeccs·
1846 3624 1849 3631 Ι

68 3642 152 3712 fides,
169 3659 233 3714 quis
249 3648 291 3699 est
308 3641 388 3697 radix
403 3642 590 3699 nobilissima
601 3642 710 3699 ibidem
726 3640 894 3711 collocatur,
946 3639 1023 3696 aoris
1047 3639 1134 3695 vestri
1160 3653 1239 3694 nunc
1265 3652 1357 3709 usquo
1381 3637 1508 3693 Ecclesia
1522 3641 1574 3691 tua
1588 3633 1713 3690 detinuit
1736 3646 1770 3686 ax

69 3737 102 3788 ut
112 3748 147 3788 ex
159 3733 210 3787 iila
224 3737 321 3802 segete
334 3732 514 3789 uberrimum
527 3732 658 3788 fructum
671 3729 740 3787 boni
751 3730 848 3802 operis
858 3731 894 3786 ad
948 3728 1119 3784 auctoritate
1134 3727 1211 3782 beati
1227 3726 1304 3782 Petri
1324 3724 1522 3797 apostolorum
1547 3721 1686 3794 principia
1709 3717 1770 3791 pri-

71 3821 212 3896 pabulum
237 3819 364 3876 coelastis
387 3820 487 3892 patriis
515 3837 619 3877 omnes
637 3818 766 3876 insulani
787 3825 896 3876 metere
948 3821 1059 3874 matum
1071 3816 1203 3871 omnium
1215 3814 1403 3871 ecclesiarum
1416 3812 1571 3869 Britannia
1581 3810 1632 3864 titii
1644 3806 1771 3864 Honorio

72 3915 190 3984 queant.
206 3913 230 3966 0
245 3925 331 3981 quain
355 3909 423 3966 salix
438 3909 488 3966 illa
502 3911 605 3966 civitas
620 3925 683 3982 qua
698 3908 805 3966 meruit
818 3909 847 3964 in
864 3923 896 3965 se
949 3908 1065 3979 tuisque
1075 3904 1334 3963 successorihnsin
1346 3909 1520 3976 perpetuum
1531 3900 1661 3957 obtinere
1671 3912 1773 3955 conce·

70 3999 220 4055 Christum
244 3999 436 4057 habitatorem
465 3998 592 4056 haberet
609 3999 677 4056 felix
698 3997 750 4055 illa
773 3997 895 4054 civitas:
949 4000 1058 4056 dimus.
1073 3997 1142 4053 Tura
1161 4011 1230 4069 ergo
1245 3992 1447 4067 jurisdictioni
1463 3990 1569 4064 subjici
1584 3987 1771 4063 precipimus

70 4088 139 4145 telin
153 4093 181 4144 at
196 4092 257 4145 tota
271 4104 343 4161 gens
366 4105 434 4145 cum
455 4089 522 4146 illos
544 4106 673 4161 superna
695 4086 897 4146 misericordia
949 4103 1050 4146 omnes
1074 4085 1184 4159 Anglire
1205 4084 1347 4142 Doclesias
1361 4087 1390 4139 at
1404 4082 1547 4154 regiones,
1562 4085 1592 4136 et
1607 4080 1636 4134 iii
1657 4076 1772 4136 ciuitate

70 4178 188 4235 visitare
199 4177 428 4250 nondedignats
440 4179 489 4246 sit,
500 4195 572 4250 quos
582 4184 651 4235 ante
662 4178 763 4234 mundi
778 4179 899 4234 creatio·
950 4177 1129 4236 Dorcbernia
1152 4175 1394 4246 metropolitanus
1420 4173 1498 4229 locus
1516 4175 1545 4227 et
1565 4169 1657 4225 honor
1680 4164 1774 4224 archi·

72 4285 138 4324 nem
162 4270 416 4339 pradestinaverat
438 4269 494 4325 sibi
520 4269 642 4326 sociare.
658 4268 753 4334 Quare
768 4267 846 4324 absit
860 4266 897 4322 ab
950 4269 1137 4341 episcopatus
1151 4270 1180 4322 et
1194 4271 1281 4337 caput
1302 4262 1435 4320 omnium
1461 4258 1648 4319 ecclesiarum
1664 4254 1772 4328 anglia

71 4358 151 4415 omni
167 4357 342 4426 Christiano,
360 4364 392 4414 ut
406 4374 440 4415 ex
458 4358 506 4414 illa
523 4360 636 4416 civitate
651 4358 826 4415 Dorobarnia
842 4357 895 4413 ali·
910 4377 934 4443 D
950 4375 1065 4431 semper
1083 4358 1262 4427 inposterum
1279 4348 1577 4411 servatursetauulls
1590 4359 1775 4419 personaper

72 4448 140 4519 quid
153 4447 373 4515 minuatur,aut
384 4448 412 4503 in
423 4448 499 4505 aliud
510 4454 723 4506 mutetnrnunc
734 4449 778 4505 vel
791 4448 896 4505 tuturis
950 4446 1079 4520 aliquam
1092 4444 1198 4502 malam
1210 4444 1372 4500 suasionem
1384 4438 1617 4496 inaliumlccum
1633 4441 1772 4492 muteiur.

73 4537 900 4611 temporibus,qumapraedecessorsnoatrcdominopapa
952 4525 1773 4606 Aliterautamaiquisiecerittypbosuperbiaeinstinctua,

74 4626 213 4697 Gregorio
237 4630 348 4684 statuta
370 4633 450 4696 sunt,
466 4629 686 4700 quoquomodo
702 4646 746 4686 rea
762 4628 899 4685 humana
953 4634 980 4684 et
995 4631 1101 4685 nostra
1116 4622 1303 4698 preceptioni
1317 4618 1499 4685 inobediens,
1513 4622 1543 4674 et
1557 4614 1773 4690 prenominata

75 4718 263 4787 quassentur.
280 4715 336 4772 Sed
351 4716 445 4787 magis
466 4732 501 4772 ex
523 4718 697 4774 anctoritate
721 4718 797 4774 beati
822 4716 900 4775 Petri
953 4714 1088 4773 Ecclesia
1099 4714 1314 4772 concessissae
1325 4701 1774 4782 dignitatiscontenderitraniti,

76 4803 275 4877 apostolorum
288 4805 427 4877 principis
438 4808 473 4862 ad
486 4806 581 4879 ipsum
594 4805 793 4879 precipientes
803 4807 901 4863 ilrma-
954 4806 1029 4864 sciat
1043 4822 1075 4863 se
1090 4811 1250 4877 separatum
1261 4797 1509 4875 aparticiparione
1524 4794 1652 4866 corporis
1663 4797 1692 4848 et
1706 4806 1775 4848 san·

77 4912 155 4962 mus,
169 4902 198 4950 ut
209 4894 238 4950 in
253 4892 433 4952 Dorobernia
448 4896 563 4953 civitate
587 4911 704 4967 semper
718 4895 900 4968 inposterum
953 4897 1050 4967 guinis
1066 4893 1265 4966 Redemptoris
1278 4891 1349 4948 lesu
1364 4887 1484 4947 Christi.
1498 4887 1576 4943 Dens
1591 4881 1734 4942 custodiat
1749 4884 1778 4939 te

77 4984 320 5056 metropolitanus
344 4985 435 5041 totius
460 4983 615 5042 Britannia
641 4985 722 5041 locus
750 4985 901 5055 habeatur,
954 4985 1131 5048 incolumen,
1148 4982 1300 5038 reverende
1316 4983 1414 5037 irater.
1432 5001 1447 5029 a

76 5090 238 5148 omnesque
254 5075 407 5148 provincia
423 5076 503 5147 regui
527 5074 688 5149 auglorum
714 5076 824 5148 praelati
845 5075 902 5133 loci
990 5072 1216 5130 «Dilectissimo
1241 5070 1323 5127 tratri
1343 5070 1500 5126 Tnaonono
1523 5064 1696 5121 Vinicianus
1715 5061 1776 5136 epi·

77 5164 305 5235 metropolitane
321 5165 457 5222 Ecclesia
468 5166 676 5235 subjiciantur,
687 5164 902 5222 immutilataat
955 5180 1069 5234 scopus,
1083 5179 1184 5220 servus
1200 5178 1349 5219 servorum
1366 5159 1427 5217 Dei.

77 5256 215 5322 perpetua
226 5254 386 5311 stabilitate
396 5255 588 5311 decrevimus.
598 5257 679 5312 lianc
689 5261 787 5311 autem
804 5253 901 5310 Eccle-
991 5275 1005 5304 a
1022 5253 1099 5308 luter
1113 5250 1250 5323 plurima,
1264 5266 1327 5322 qua
1343 5266 1394 5323 per
1407 5251 1522 5305 vestras
1540 5243 1669 5320 syllabas
1692 5241 1778 5300 nohis

76 5341 149 5396 siam
168 5348 266 5412 utpote
277 5345 443 5414 specialem,
458 5347 670 5403 consistentem
687 5345 743 5401 sub
758 5348 901 5416 potestate
954 5342 1084 5399 intimari
1098 5340 1226 5412 jussisti,
1237 5339 1425 5412 cognorimus
1440 5338 1524 5395 etiam
1540 5333 1715 5394 desiderium
1731 5348 1780 5388 va·

76 5436 105 5488 ct
120 5429 240 5489 tuitione
255 5440 364 5490 aeneia
379 5434 515 5492 Romana
531 5435 676 5503 Ecclesia,
692 5435 718 5492 ai
734 5435 801 5507 quis
816 5450 902 5492 cona·
955 5439 1049 5490 strum
1064 5446 1116 5505 pro
1130 5428 1352 5487 confirmatione
1367 5426 1511 5498 diocesis,
1527 5442 1592 5501 quac
1607 5429 1665 5482 tuas
1679 5422 1780 5495 subja·

77 5527 126 5579 tua
142 5521 226 5579 inerit
243 5521 429 5597 imminuere,
439 5526 523 5598 sique
537 5527 572 5585 de
587 5541 732 5584 concessa
747 5524 902 5598 potestatis
956 5522 1046 5581 ctioni
1062 5521 1204 5597 subiacet,
1220 5517 1289 5592 quia
1303 5517 1334 5576 in
1350 5518 1488 5577 omnibus
1502 5534 1537 5577 ex
1551 5520 1647 5576 vestro
1668 5515 1783 5586 aposto·
