3750 6000
55 192 133 259 1⁴13

618 140 815 248 arescam
837 184 1030 248 novusne
1051 182 1125 246 crs.
1150 181 1189 243 tt.

1668 150 1767 249 'tras

56 334 138 407 prius
154 331 183 385 in
199 326 322 384 concillo
337 322 534 383 ecclesiastico
544 327 572 379 et
584 322 715 378 accusari
725 328 753 379 et
766 339 803 378 an
814 337 882 378 vers
896 325 923 390 Α
938 338 973 377 os
999 335 1128 377 aovnuru
1158 333 1366 374 rstennmnrcrs
1391 335 1426 375 eu
1450 334 1572 375 sennaar
1595 336 1709 379 coarcte
1735 342 1764 380 m

58 424 155 479 esseut
170 421 315 475 decuisset
329 416 451 488 inquiri,
468 430 555 486 quarn
569 412 600 468 in
616 412 772 469 indemnes
787 416 888 468 contra

58 526 204 570 canonum
220 509 337 563 decreta
363 504 539 562 sententiam
556 501 688 574 proferri.
705 502 765 558 Rex
788 500 888 572 itaqua

56 601 154 669 iaciat,
171 599 248 672 quod
264 597 353 653 etiam
366 597 395 650 in
410 592 707 664 forensibusjudiciis
723 592 887 664 legitimum

55 702 98 749 est
114 691 187 755 lieri,
204 695 237 744 ut
252 686 385 743 revestiat
400 686 549 756 episcopos
564 685 704 739 derebus
719 682 799 739 suis:
818 680 885 737 alio·

55 783 125 854 quin
138 780 206 851 jure
221 781 351 850 gentium
366 774 508 831 dissaisiti
524 790 581 829 non
599 772 793 846 placitabunt.
810 794 824 822 a

91 872 162 940 §eo
185 868 275 924 Dictis
297 867 326 922 in
351 867 428 921 hunc
452 866 572 919 modum
595 863 750 934 utrobique
773 861 874 916 multis

55 977 142 1017 causa
158 959 246 1029 petitu
263 956 380 1026 regiain
393 958 541 1024 poctarum
558 952 634 1008 diem
649 951 756 1020 dileta3
769 968 821 1007 nec
834 951 886 1006 mi·

55 1067 112 1105 nus
137 1049 167 1103 in
183 1047 356 1111 crastinum,
372 1044 408 1099 ad
425 1045 581 1098 adventum
598 1041 809 1113 archiepiscopi
828 1040 886 1096 tto-

54 1137 256 1209 tbomegeasis
268 1133 403 1205 postridie
415 1133 595 1205 prolongata.
607 1131 632 1186 Is
643 1130 692 1186 ubi
706 1132 795 1196 venii,
809 1131 828 1184 1
835 1131 885 1188 38

55 1226 187 1284 omnium
200 1224 352 1297 suspensis
363 1223 471 1278 animis
484 1223 625 1294 quidnam
635 1220 761 1287 allarret,
773 1220 846 1276 dixit
856 1234 885 1275 se

55 1317 212 1373 concedere
237 1319 269 1370 ut
294 1314 424 1384 episcopi
439 1311 559 1367 castelle
574 1310 717 1368 baberent
736 1311 760 1365 si
777 1326 808 1365 se
822 1310 885 1380 jure

55 1407 164 1463 hebere
179 1404 283 1460 debere
300 1419 350 1476 per
376 1418 502 1458 canones
517 1401 638 1473 probare
653 1407 790 1471 possent3
807 1400 884 1470 quod

1284 424 1421 463 suessan.

977 499 1051 568 529.
1068 499 1205 555 Kalendis
1226 498 1402 569 Septembris
1418 498 1509 570 (Sept.
1528 501 1552 570 l)
1573 500 1700 559 solutum
1719 507 1764 559 est

942 590 1110 647 concilium.
1124 588 1288 643 Pridievcro
1296 586 1483 643 kalendarum
1497 587 1762 663 Octobriurnffiept.

941 680 999 751 30.)
1014 695 1111 736 comes
1128 678 1280 745 liebertus,
1298 677 1414 732 tandem
1431 692 1523 732 nexus
1544 694 1688 735 morarum
1706 678 1767 736 elu-

941 774 1047 837 ctatus,
1064 785 1130 825 curn
1144 784 1241 824 sorore
1251 767 1435 838 imperatrice
1447 765 1578 822 invectus
1588 772 1632 822 est
1643 769 1765 840 Augilas,

942 859 1032 914 iretus
1049 860 1154 930 pietate
1170 856 1220 911 Dei
1236 860 1264 911 et
1285 857 1340 910 lide
1357 853 1480 926 legitimi
1495 857 1690 912 sacrementi:
1711 874 1765 912 ce-

941 957 1046 1017 terum,
1059 951 1150 1004 multo
1167 947 1276 1003 minore
1287 962 1435 1002 armorum
1446 951 1588 1017 apparatu
1599 964 1688 1019 quam
1700 948 1767 1019 quis
1835 1007 1839 1013 ,

940 1039 1014 1096 alius
1030 1046 1088 1096 tam
1106 1038 1301 1110 periculosum
1313 1035 1418 1093 bellum
1435 1038 1552 1109 aggredi
1569 1043 1764 1104 tentaret‚non

940 1130 1017 1185 enim
1034 1128 1189 1202 plusquam
1202 1134 1320 1184 centum
1336 1131 1363 1183 et
1375 1126 1570 1199 quadraginta
1580 1127 1687 1184 milites
1696 1134 1767 1185 tunc

940 1234 1041 1275 secum
1057 1216 1189 1275 adduxit.
1205 1215 1384 1272 Testimonio
1398 1216 1593 1272 veridicorum
1609 1215 1767 1273 relatorum

940 1307 1244 1365 sermomensnititur.
1256 1307 1392 1369 Dicerem,
1405 1304 1597 1361 nialudulatio
1608 1307 1766 1373 videretur,
1858 1326 1869 1337 “

940 1414 996 1454 non
1014 1398 1156 1470 imparem
1171 1394 1351 1452 luisseillum
1363 1394 1418 1466 (33)
1428 1394 1614 1451 lulioCesari
1625 1397 1767 1451 duntaxat

55 1498 194 1569 quianon
213 1497 343 1566 possent,
355 1489 696 1562 extremoeimprobitutis
708 1493 885 1544 essecontra
939 1489 1048 1553 animo,
1064 1502 1152 1558 quem
1176 1485 1259 1542 Titus
1284 1484 1382 1540 Livius
1406 1491 1616 1541 commemorat
1636 1485 1767 1556 quinque

56 1600 182 1642 canones
212 1583 265 1638 niti
292 1579 373 1637 velle.
391 1603 405 1630 a
424 1581 456 1634 Et
482 1584 545 1635 esto
565 1580 685 1651 (inquit)
708 1579 825 1649 justum
846 1579 885 1633 sit
938 1576 1033 1633 solum
1058 1575 1192 1632 cohortes
1207 1573 1347 1629 habuisse
1362 1573 1479 1645 quando
1494 1571 1579 1629 civile
1596 1572 1705 1628 bellum
1721 1574 1767 1628 in·
1854 1646 1857 1651 .

57 1681 88 1729 ut
104 1672 230 1726 babeant
247 1687 254 1725 :
271 1674 359 1736 certe,
375 1668 442 1739 quia
459 1672 627 1737 suspectum
642 1672 688 1722 est
702 1671 884 1737 tempus,se-
899 1695 923 1762 B
938 1667 1052 1722 cboarit
1067 1683 1074 1732 ;
1092 1681 1159 1721 cum
1184 1664 1302 1734 quibus,
1318 1662 1456 1733 inquiens
1472 1663 1538 1733 (Sl),
1554 1661 1654 1719 orbem
1671 1667 1765 1717 terra·
1854 1682 1858 1689 ·

57 1757 882 1829 cundummoremallarumgentiumoptimatesomnes
938 1771 1003 1810 rom
1030 1756 1149 1809 adortus
1173 1758 1227 1808 est.
1254 1751 1393 1816 Quamvis
1422 1751 1523 1821 iniqua
1552 1751 1768 1822 comparatione
1843 1784 1867 1801 .,

58 1853 151 1906 clares
167 1849 366 1904 munitionum
383 1863 502 1902 suarum
521 1847 626 1903 debent
648 1845 790 1902 voluntati
807 1846 884 1918 regis
936 1845 952 1902 J
958 1844 1034 1900 nlius
1050 1849 1078 1899 et
1094 1843 1236 1898 liebertus
1251 1841 1440 1897 conterentur
1454 1857 1461 1895 :
1477 1840 1572 1896 lulius
1587 1840 1677 1910 enirn,
1693 1855 1767 1895 veros

58 1938 239 2005 contradere,
256 1936 306 2007 qui
329 1951 378 2005 pro
404 1935 535 1990 carnium
553 1950 622 2006 pace
641 1935 727 1990 debet
751 1934 883 1990 militare.
937 1935 1004 1991 fidei
1028 1933 1160 1998 extorris,
1177 1931 1206 1985 in
1234 1930 1350 1985 fortuna
1365 1945 1419 1984 sua
1435 1931 1478 1995 lut
1493 1929 1618 2000 dicebat)
1633 1938 1659 1985 et
1675 1929 1766 1999 legio·

58 2028 103 2084 lta
136 2028 233 2083 omnis
263 2026 461 2081 controversia
490 2023 692 2095 episcoporum
724 2021 887 2078 infirmabi·
938 2016 1767 2091 numtrirtutespem725reclinabat:Robertus,Cbri·
1859 2070 1862 2075 ,

59 2124 108 2173 tur
120 2120 177 2186 (28)
192 2138 200 2185 ς
217 2121 265 2171 aut
280 2116 358 2172 euim
374 2114 537 2170 secundnm
553 2129 698 2169 canonum
713 2112 785 2169 scite
798 2115 888 2184 injus·
938 2112 1032 2168 stione
1045 2112 1148 2178 pietate
1164 2109 1301 2180 insignis,
1314 2109 1343 2163 in
1354 2107 1450 2163 Sancti
1464 2106 1589 2179 Spiritus
1600 2109 1765 2165 etdominte

56 2213 120 2263 turn
137 2212 181 2262 est
197 2212 227 2263 nt
242 2206 370 2262 babeant
385 2203 503 2261 castella
514 2222 521 2272 ;
533 2208 594 2269 aut,
612 2203 636 2258 si
653 2203 707 2260 hoc
722 2222 756 2259 ex
769 2204 827 2276 (23)
840 2206 886 2260 in·
939 2209 1043 2256 sancte
1058 2198 1155 2254 Maria
1169 2197 1330 2270 patrocinio
1341 2201 1420 2253 totus
1430 2195 1575 2268 pendulus
1587 2202 1657 2254 erat.
1672 2199 1723 2256 llle
1734 2197 1765 2253 in

55 2295 203 2368 dulgentia
230 2294 382 2367 principali
408 2294 558 2363 toleretur,
586 2297 619 2349 ut
646 2294 764 2349 tradant
792 2294 886 2351 claves
940 2290 1115 2353 totaGallia‚
1131 2294 1160 2345 et
1184 2289 1291 2360 partim
1317 2288 1346 2342 iu
1363 2287 1518 2343 Germania
1547 2293 1575 2343 et
1591 2288 1767 2364 Brittannia,

55 2385 222 2442 necessitati
238 2385 380 2456 temporis
396 2383 502 2439 debent
517 2384 628 2440 cedere.
649 2405 663 2432 ν
940 2382 1064 2438 lautores
1081 2381 1203 2449 habens,
1220 2396 1338 2437 omnem
1354 2379 1440 2436 etiarn
1460 2383 1620 2437 itomanam
1642 2381 1767 2455 plebem,

90 2474 163 2542 §27-
180 2473 230 2528 His
246 2473 400 2543 pradictus
416 2473 542 2541 subjecit
556 2473 613 2543 (30)
625 2470 792 2527 causidicus
803 2472 887 2528 Albe-
939 2476 1059 2542 excepto
1083 2475 1198 2540 senatu,
1215 2469 1389 2526 muneribus
1421 2468 1478 2525 sibi
1498 2469 1666 2527 devinxerat
1682 2489 1688 2526 :
1705 2472 1769 2545 iste,

55 2564 133 2618 ricus
146 2579 152 2616 ε
165 2562 438 2633 Significatumesse
450 2560 886 2631 reuiquodmurmurarentffil)
941 2567 1043 2631 praeter
1068 2560 1261 2631 paucissimos
1277 2560 1325 2630 qui
1341 2559 1407 2614 ddci
1428 2561 1575 2629 quondam
1588 2561 1693 2630 ,juratae
1708 2579 1768 2619 non
1844 2620 1849 2631 ,

56 2652 131 2707 inter
145 2667 176 2706 se
192 2650 355 2722 pontifices,
370 2658 561 2719 pararentque
572 2649 688 2720 aliquos
699 2665 732 2704 ex
743 2650 803 2706 suis
816 2667 888 2707 cou—
940 2652 1127 2706 immemcres
1143 2654 1226 2705 erant
1240 2649 1269 2704 iu
1294 2648 1409 2720 anglia,
1434 2649 1588 2719 optimates
1611 2650 1654 2706 vel
1669 2651 1767 2709 adver·
1861 2683 1865 2689 ·

55 2746 182 2797 tracum
197 2742 483 2796 commonuere«
502 2739 887 2807 Etboc,aii,laudetvobis
940 2746 1038 2797 saules
1058 2741 1101 2795 vel
1131 2739 1205 2794 nibil
1229 2738 1401 2809 adjuvantes
1417 2743 1552 2808 expertus
1574 2743 1629 2795 est.
1647 2740 1769 2813 Appulit

56 2828 886 2902 rex,nequisquamvestrumpraesumatlacere3quia2
940 2845 1007 2899 ergo
1044 2826 1254 2894 Arundellum;
1281 2827 1379 2898 ibique
1409 2842 1537 2882 novercas
1566 2844 1636 2897 suas,
1666 2845 1768 2902 quam,
1852 2839 1859 2847 '

57 2921 83 2976 ei
99 2919 167 2992 quis
182 2925 283 2974 contra
307 2917 484 2972 voluntatem
505 2933 586 2972 suam
613 2922 641 2972 et
666 2921 746 2989 regni
761 2922 886 2991 dignita·
938 2919 1047 2975 omissa
1062 2923 1151 2973 matre
1167 2917 1362 2988 imperatricis
1374 2920 1415 2987 (ut
1430 2917 1567 2987 praelatus
1582 2918 1673 2989 sum),
1689 2918 1769 2975 Hon-

58 3016 115 3066 tem
133 3010 169 3065 ab
186 3008 292 3080 Anglia
306 3024 451 3078 quoquam
477 3008 541 3073 iret,
559 3006 687 3062 dilllcilis
703 3009 727 3062 oi
754 3009 885 3067 fortassis
941 3008 1018 3063 ricus
1036 3024 1084 3063 rex
1107 3007 1256 3078 quondam
1270 3006 1345 3062 lecto
1361 3005 1556 3076 copulaverat,
1579 3014 1639 3064 tuta
1652 3007 1696 3080 (ut
1712 3024 1767 3080 pu·

58 3099 172 3154 reditus
188 3099 268 3153 leret.
286 3100 352 3169 lpse
363 3096 535 3168 quinetiam,
547 3096 612 3167 quis
625 3112 656 3151 se
668 3098 781 3168 gravari
795 3100 883 3166 videt,
900 3068 925 3134 C
940 3097 1033 3168 tabat)
1048 3095 1181 3152 custodia
1195 3110 1324 3150 sororem
1342 3095 1458 3150 interim
1474 3095 1627 3166 delegavit.
1640 3096 1705 3169 lpse
1717 3112 1769 3169 per

58 3187 179 3243 ultroad
198 3187 316 3242 Romam
334 3185 458 3257 appellat
474 3202 533 3240 vos.
550 3210 563 3236 a
939 3193 998 3242 tum
1024 3187 1181 3243 confertam
1210 3184 1385 3251 barbariem,
1411 3185 1458 3239 vix
1486 3185 1555 3239 dum
1586 3187 1630 3253 (ut
1657 3185 1764 3257 audivit

89 3279 103 3350 ξ
121 3276 166 3333 28.
185 3275 250 3329 Hac
267 3278 422 3345 postquam
436 3290 495 3339 rex,
509 3275 612 3345 partim
624 3276 710 3347 quasi
727 3277 883 3346 laudando,
939 3276 1091 3330 duodecim
1109 3274 1249 3330 militibus
1267 3273 1432 3337 comitatus,
1457 3273 1571 3328 Bristou
1596 3274 1768 3342 contendit;

55 3365 160 3439 partim
188 3364 338 3430 minando,
355 3364 533 3430 mandasset,
551 3364 730 3419 intellectum
756 3372 800 3420 est
826 3382 884 3437 quo
939 3367 1108 3418 occurrente
1124 3363 1179 3417 eibi
1196 3363 1291 3418 medio
1308 3361 1420 3418 itineris
1436 3361 1539 3417 Briano
1565 3360 1623 3419 lilio
1652 3362 1769 3420 comitis
1836 3374 1840 3379 '

55 3456 197 3510 tenderet.
214 3455 395 3522 Quapropter
410 3454 450 3507 ita
465 3452 628 3507 discessum
644 3461 700 3522 est,
712 3459 745 3509 nt
760 3470 811 3510 nec
822 3456 885 3526 ipse
939 3469 974 3509 ex
985 3451 1200 3522 walengeford.
1219 3451 1276 3508 Nec
1292 3450 1381 3507 multo
1403 3456 1469 3523 post
1488 3452 1623 3522 cognovit
1638 3466 1768 3508 sororem

55 3558 213 3598 censuram
228 3555 373 3596 canonum
387 3539 443 3609 pati
460 3540 553 3609 vellet,
567 3556 619 3596 nec
633 3542 760 3614 episcopi
773 3544 801 3598 in
818 3560 883 3599 eunt
940 3557 973 3597 ea
1000 3541 1157 3597 drondello
1181 3542 1361 3611 proiectam;
1390 3556 1514 3596 noverca
1534 3540 1610 3595 enim
1636 3540 1771 3597 immines

55 3647 171 3687 exerere
188 3631 354 3685 consultum
372 3629 426 3699 (3·2)
443 3631 583 3685 ducerent
597 3647 603 3684 :
616 3630 725 3701 duplici
735 3647 769 3686 ex
783 3647 885 3712 causa,
940 3630 1056 3686 levitate
1072 3632 1170 3696 fidem,
1182 3631 1288 3686 totiens
1302 3630 1390 3685 etiam
1403 3629 1499 3685 missis
1514 3628 1544 3683 in
1560 3629 1770 3685 Narmanniam

56 3737 108 3776 seu
125 3720 196 3791 qnia
213 3719 371 3790 principem
385 3720 639 3773 excommunicare
650 3720 712 3774 sine
727 3722 887 3790 apostoliea
942 3718 1058 3772 nunciis
1083 3718 1266 3788 promissam.
1283 3716 1434 3771 iel'ellerat.
1451 3715 1536 3771 Dedit
1552 3732 1600 3770 rex
1616 3733 1700 3784 porro
1716 3717 1770 3788 (35)
1843 3737 1849 3791 j

57 3811 238 3866 conscientia
262 3809 449 3863 temerarium
465 3813 541 3863 esset
557 3825 564 3876 ;
583 3809 659 3865 m
681 3824 729 3863 scu
747 3812 885 3880 quoniam
941 3804 1114 3876 imperatrici
1127 3803 1476 3874 Wintouieusisepisccpi
1489 3804 1601 3857 ilenrici
1614 3804 1771 3861 ctcomitis
1836 3826 1840 3849 ι

58 3898 202 3965 audirent,
219 3899 340 3970 quidam
356 3897 444 3952 etiam
469 3897 608 3965 viderent,
625 3899 739 3970 gladios
764 3901 887 3960 oircqge
942 3890 1769 3963 Mellenlettsisthllerttttniconductum3qttemcttilibel,

57 3988 174 4045 nudari.
190 3991 252 4042 Non
269 3987 348 4041 enim
361 3986 421 4055 jam
448 3987 560 4042 ludicra
574 3999 656 4043 crant
671 3987 769 4056 verba,
785 3992 835 4045 sed
851 3993 887 4048 da
942 3980 1073 4055 qrramvis
1089 3981 1279 4037 intestiesirno
1304 3981 1433 4047 inimico,
1450 3996 1556 4052 negare
1578 3979 1770 4040 laudabilium

57 4075 317 4145 ritaetsanguine
340 4090 411 4141 pene
435 4075 607 4131 certabatur.
634 4077 697 4130 Non
726 4076 890 4131 omiserunt
944 4073 1070 4128 militum
1088 4086 1151 4127 rnos
1163 4086 1221 4126 non
1238 4069 1549 4128 estiitlllallerannus
1564 4072 1680 4140 quidem
1693 4073 1774 4128 ultra

56 4164 274 4235 tamenlegatus
286 4164 638 4235 etarcbicpiscopusquin
651 4170 783 4222 tenorem
800 4165 888 4221 cilicii
944 4161 1064 4217 Caluam
1081 4161 1199 4216 tendere
1223 4161 1398 4231 supersedit,
1410 4160 1547 4231 episcopo
1567 4161 1596 4214 in
1626 4162 1772 4217 conductu

56 4255 105 4311 sui
124 4259 369 4325 prosequerentur
381 4269 387 4307 :
398 4253 570 4324 suppliciter
581 4254 660 4309 enim
674 4255 796 4326 podibus
812 4256 889 4327 regis
944 4255 1160 4321 perseverante.
1177 4249 1338 4305 Contractis
1349 4264 1417 4320 ergo
1428 4265 1527 4305 comes
1538 4248 1672 4305 celeriter
1682 4249 1775 4321 copiis

60 4344 91 4402 in
116 4344 248 4399 cubiculo
265 4343 361 4409 aliosi,
378 4358 533 4398 oraverunt
549 4348 580 4397 ut
596 4342 784 4399 misereretur
798 4344 890 4400 eccle·
945 4342 978 4394 ad
997 4346 1090 4394 metas
1105 4356 1122 4394 a
1137 4355 1204 4411 rege
1220 4340 1302 4395 datus
1317 4338 1444 4403 advenit,
1459 4354 1646 4409 sororemque
1661 4338 1697 4393 dd
1712 4338 1776 4396 Bri·
1827 4369 1831 4375 ·
1851 4358 1857 4369 ’

56 4435 118 4500 site,
138 4432 578 4489 miserereturanimeeetlamae
594 4437 927 4504 suae,necpateretur1)
944 4437 1006 4484 stou
1021 4430 1113 4484 tutior
1127 4429 1182 4500 (33)
1204 4429 1345 4501 perduxit.
1374 4426 1494 4498 Recepit
1517 4428 1595 4483 illam
1625 4431 1723 4498 postea
1740 4427 1772 4484 iu

55 4522 118 4578 lieri
144 4522 300 4577 dissidium
323 4521 398 4575 inter
424 4536 543 4592 regnum
568 4524 597 4573 ct
612 4523 821 4578 sacerdotium.
839 4521 889 4578 llle
943 4518 1138 4575 Gloecestram
1156 4518 1232 4587 Milo,
1249 4518 1299 4589 qui
1315 4515 1609 4586 castellumejusdem
1622 4516 1770 4575 urbissub

57 4612 211 4684 dignanter
226 4627 394 4682 assurgens,
404 4608 535 4680 quamvis
546 4625 563 4663 a
575 4626 606 4665 ee
618 4611 683 4666 lacti
694 4627 793 4666 eorum
804 4628 885 4668 amo·
943 4611 1047 4664 comite
1063 4608 1191 4664 babebat
1206 4615 1337 4680 tempore
1352 4607 1428 4679 rogis
1450 4605 1576 4675 Hestiai,
1591 4607 1660 4662 dato
1676 4605 1701 4661 el
1717 4605 1772 4661 bo·

54 4701 157 4759 liretur
176 4701 327 4767 invidiam,
344 4699 488 4754 melorum
505 4704 603 4754 temen
626 4705 790 4772 preventus
814 4717 885 4757 con·
942 4699 1036 4769 magio
1052 4703 1081 4752 et
1098 4697 1454 4754 fidelitatissacramento:
1472 4695 1653 4751 carneadem
1667 4694 1770 4752 civitas
1865 4772 1870 4779 =

56 4791 145 4859 siliis,
158 4790 268 4846 nullam
283 4788 425 4844 bonarum
439 4787 668 4859 promissionum
680 4789 812 4846 exhibuit
822 4791 886 4846 eitt-
940 4792 1029 4859 ceput
1044 4791 1086 4842 est
1102 4787 1145 4843 sui
1161 4787 1331 4844 comitatus.

58 4881 181 4937 cociam.

90 5026 150 5095 (28)
165 5022 364 5092 lufirmobilur.
381 5037 418 5089 e.,
435 5021 637 5092 infirmabatur,
655 5038 678 5078 s.
696 5022 725 5078 d.
741 5021 786 5079 12.

90 5096 145 5165 (23)
163 5099 212 5149 dx.
229 5112 253 5150 e.
273 5096 309 5160 1.,
323 5109 383 5164 ρνο,
399 5110 423 5148 s.
441 5094 470 5149 d.
488 5094 545 5156 οἳ,
562 5093 608 5148 tt.

91 5168 148 5235 (30)
162 5165 288 5236 Subjcct't.
304 5182 341 5231 e.,
356 5164 472 5231 addidit,
490 5182 514 5221 s.
532 5165 560 5220 d.
577 5164 624 5220 12.

94 5239 153 5361 (pol
163 5237 381 5359 pturmerureot.
397 5254 435 5305 e.,
454 5239 640 5300 mitterentur,
656 5254 681 5293 s.
705 5237 747 5307 d.‚
769 5237 884 5294 minito·

56 5326 128 5372 ren,
184 5348 189 5359 .

91 5379 150 5449 (32)
164 5380 197 5432 la
210 5393 271 5433 erem
288 5394 400 5435 exerere
424 5379 592 5451 coasultum,
609 5397 647 5448 e..
670 5396 732 5438 eum
755 5375 886 5438 eocarere

55 5453 227 5517 consuetum,
244 5448 286 5520 d.,
301 5465 363 5507 sum
377 5461 535 5510 muscetum
550 5468 673 5524 exerere,
689 5471 727 5526 s.,
741 5470 805 5511 eum
818 5468 883 5512 ecs·

939 5040 999 5080 rere
1012 5023 1178 5089 consultum,
1193 5020 1201 5076 l
1216 5025 1242 5076 2.

975 5096 1031 5165 (33)
1048 5096 1140 5161 illum,
1156 5110 1193 5160 e.,
1210 5092 1351 5148 omissum
1367 5093 1397 5148 in
1412 5109 1435 5147 s.
1451 5091 1480 5146 d.
1498 5090 1545 5144 ta.

974 5167 1030 5237 (et)
1046 5165 1187 5237 inquiens.
1203 5165 1261 5220 Hoc
1277 5165 1396 5221 verbum
1413 5162 1576 5218 redundare
1591 5160 1716 5218 videtur.

974 5238 1029 5307 (35)
1045 5239 1141 5294 Porro.
1158 5252 1196 5302 e,
1214 5252 1288 5307 erqo,
1304 5253 1327 5290 s.
1345 5235 1374 5291 d.
1391 5234 1437 5290 12.

938 5381 954 5436 d
973 5308 1030 5436 (¹33)
1045 5309 1089 5364 Ad
1112 5309 1220 5364 Brtstou
1243 5309 1337 5363 tutior.
1355 5323 1392 5379 a,
1410 5305 1539 5361 dricturae
1554 5302 1594 5360 ed
1609 5302 1724 5377 tutiore,
1740 5322 1765 5365 s.
