3750 6000
96 274 99 279 ¹
139 202 216 263 ll6³
581 195 776 257 wttttuttss
799 190 1173 255 metmusssuetttttsls
1196 189 1371 252 Mousuttt
1681 227 1686 233 -
1769 192 1845 254 {lut

1 297 9 314 ,
31 396 34 405 ¹
137 333 265 400 accedet,
280 334 309 388 et
322 329 359 386 ab
386 328 449 403 ipso
478 329 693 386 ordinationem
718 326 857 384 canonico
880 340 960 382 mure
976 322 1174 393 AGantuaria
1187 327 1318 390 vocatur,
1342 321 1474 395 antiquis
1492 321 1677 396 temporibus
1698 324 1737 380 ab
1751 324 1846 397 ipsius

137 421 290 494 suscipiat.
308 442 323 471 »
338 418 390 476 llic
407 420 431 477 si
447 417 607 490 Epistulam
623 416 776 474 Lenlrauci
788 415 825 472 sd
841 414 962 471 Alexan·
1013 417 1097 470 terrm
1112 412 1218 471 incolis
1235 412 1411 470 Duroharnia
1425 413 1591 470 vocabatur.
1606 413 1665 471 Neo
1687 415 1845 472 doluerunt

137 511 223 568 drum
236 526 338 581 papam
350 509 810 581 tutampusuero,eritonerosum
821 505 961 578 proiecto,
1013 512 1097 579 gesta
1111 506 1221 578 quibus
1236 511 1397 563 reseratum
1412 510 1468 575 est,
1480 520 1547 564 uum
1565 506 1671 580 englis
1682 524 1736 580 per
1747 507 1845 581 plures

138 602 319 671 Quapropter
330 600 405 671 quod
419 600 453 654 ad
466 615 524 655 ram
536 602 650 654 tantum
663 596 775 666 attinet,
788 611 960 670 supponam,
1015 601 1093 653 esset
1107 596 1225 669 regulos
1240 596 1344 666 divisa,
1356 595 1672 653 Nordanbumbrorum
1683 613 1783 670 regem
1797 600 1844 657 ubi

138 689 278 761 adjiciens
292 690 379 744 etiam
391 689 544 761 privilegia
558 687 637 745 sedis
656 687 833 759 apostolicas,
845 702 907 756 qus
925 683 961 740 ad
1016 687 1074 742 sits
1088 692 1134 742 est
1148 685 1252 742 civitas
1267 685 1406 753 Eboraoa,
1423 692 1541 756 acceptu
1552 686 1646 758 pretio
1659 686 1780 743 arridani
1796 690 1845 760 Sy·

138 793 360 835 suamcausam
385 776 557 832 llrmandam
584 792 689 847 magno
718 775 807 832 luisse
825 773 962 845 suffragio
1017 776 1149 832 moniaco
1174 775 1356 847 episcopium
1374 773 1620 847 vendidisse,pro
1648 774 1845 848 quaculpaa

137 866 201 940 ipse
216 873 373 923 asseverat.
389 867 473 923 Unde
490 883 536 923 me
553 867 619 937 lure
635 865 734 922 nullus
749 865 898 921 criminari
914 866 962 921 de·
1017 864 1228 920 Dorobernensi
1243 863 1462 937 archiepiscopo
1477 865 1513 920 ad
1538 864 1697 922 concilium
1711 870 1844 922 vocatum

138 956 331 1028 hebit,quasi
362 955 469 1011 talibus
495 955 612 1026 scriptis
635 954 773 1011 volumen
802 953 962 1024 implendo,
1017 968 1092 1017 esse,
1110 953 1315 1024 nolentemque
1330 952 1427 1009 venire
1442 969 1495 1025 pro
1510 970 1565 1008 sua
1585 952 1786 1010 inobedientia
1799 970 1845 1009 ex·

139 1045 264 1102 alienam
280 1045 309 1101 iu
325 1061 372 1101 me
383 1046 557 1102 transieram
568 1044 701 1117 gloriam,
715 1044 764 1100 scd
776 1043 855 1099 dabit
867 1043 964 1115 potius
1017 1042 1295 1099 communicationis
1306 1041 1478 1099 sententiam
1490 1041 1656 1115 pertulisse.
1668 1042 1760 1114 Cujus
1771 1059 1845 1099 com·

140 1135 165 1191 si
180 1151 295 1206 equum
309 1135 423 1205 judicat
438 1135 603 1192 necessitati
619 1139 761 1206 suscepte
777 1133 903 1188 historie
919 1148 964 1188 ve·
1018 1132 1168 1189 munionis
1191 1139 1279 1204 atque
1303 1132 1443 1189 consortii
1469 1133 1564 1188 omnis
1581 1132 1699 1189 illarum
1721 1135 1843 1205 partium

140 1225 230 1280 nioro.
247 1225 386 1290 Quinimo
401 1241 418 1280 a
434 1226 567 1280 studioso
594 1224 702 1280 lectore
731 1223 870 1279 habende
895 1226 966 1278 sunt
1018 1220 1147 1279 Ecclesia
1162 1226 1221 1277 tam
1236 1222 1287 1277 diu
1304 1221 1457 1292 abstinuit,
1469 1223 1563 1293 quoad
1577 1239 1669 1295 usque
1684 1222 1808 1279 concilio
1819 1238 1846 1279 sa

140 1315 273 1386 scriptori
290 1314 400 1387 gratie,
417 1313 495 1384 quod
510 1313 664 1369 omniabio
675 1317 813 1386 congosto
828 1310 964 1377 inveniet,
1019 1312 1116 1382 ipsum
1129 1311 1270 1377 exhibuit,
1286 1318 1315 1367 et
1330 1312 1409 1383 quod
1432 1311 1507 1367 male
1522 1316 1637 1384 gestum
1653 1316 1698 1368 est
1713 1311 1847 1380 correxit,

141 1421 204 1477 que
220 1408 248 1460 et
261 1402 353 1459 labori
369 1410 445 1459 esset
461 1418 512 1474 per
526 1403 619 1459 multa
632 1401 781 1459 uolumina
793 1400 927 1468 scrutari,
939 1405 967 1455 et
1021 1399 1159 1455 ultimum
1171 1401 1506 1472 quasiroburtotiuaque
1516 1416 1611 1456 cause
1624 1400 1847 1469 firmamentum,

141 1492 295 1558 dubietati,
312 1491 336 1547 si
352 1508 483 1563 unquam
500 1492 575 1548 sorte
591 1498 713 1564 possent
726 1491 860 1561 inveniri,
877 1488 967 1546 simul
1020 1489 1134 1561 prolate
1159 1494 1230 1545 sunt
1258 1494 1475 1545 antecessorum
1505 1496 1679 1558 vestrorum,
1707 1489 1848 1562 Gregorii,

141 1581 219 1654 quod
235 1597 288 1638 nec
302 1581 397 1636 adhuc
412 1581 610 1637 controuersia
624 1582 701 1637 inter
715 1581 788 1637 duos
805 1579 968 1652 metropoli·
1021 1577 1172 1647 Bonilacii,
1189 1578 1321 1646 Honorii,
1332 1579 1481 1647 vitaliani,
1492 1579 1584 1651 Sergii
1597 1596 1604 1649 ;
1621 1580 1690 1636 item
1707 1579 1849 1653 Gregorii,

141 1674 228 1726 tanos
256 1670 433 1741 conquievit,
450 1671 500 1727 ssd
517 1669 546 1725 in
573 1686 676 1740 magno
691 1671 778 1727 etiam
802 1686 881 1726 nunc
905 1686 965 1726 ver·
1021 1668 1265 1738 Leonis,luunnis
1281 1668 1432 1743 privilegia
1447 1674 1534 1741 atqua
1550 1669 1669 1742 scripta,
1683 1685 1748 1741 quse
1764 1669 1850 1726 Doro-

142 1764 222 1815 satur
233 1758 338 1831 litigio,
350 1776 417 1815 cum
429 1760 463 1815 ad
478 1760 548 1816 istus
558 1761 609 1832 qui
622 1761 708 1817 modu
719 1760 858 1817 dissident
868 1759 969 1817 ordine
1024 1758 1174 1814 beroensis
1186 1758 1318 1815 Ecclesia
1327 1757 1852 1832 presulibushnglorumqueregibus

142 1863 259 1917 renero,
276 1864 333 1904 non
360 1847 473 1904 habebo
489 1864 608 1905 necesse
631 1850 795 1918 ostendere,
812 1865 875 1922 qua
901 1865 969 1922 pars
1023 1850 1088 1906 aliis
1103 1857 1188 1921 atquo
1204 1851 1270 1907 aliis
1295 1851 1476 1922 temporibus
1500 1852 1585 1909 variis
1599 1855 1635 1910 de
1658 1852 1762 1909 causis
1787 1857 1852 1908 aunt

143 1937 263 1994 veritate
277 1940 396 2005 nitatur,
413 1953 479 1994 cum
491 1938 554 2010 jam
570 1943 700 2012 tempore
714 1940 800 1996 iatius
816 1938 969 1997 heniranci
1023 1941 1092 1997 data
1107 1945 1192 2013 atqua
1204 1941 1384 2009 transmissa,
1394 1941 1506 2014 reliqua
1516 1943 1594 1999 enim
1607 1942 1790 2016 reliquorum
1799 1946 1853 1997 tau

143 2044 391 2100 praeoccupavero.
1025 2028 1191 2084 authentica
1207 2045 1295 2101 quam
1309 2044 1410 2086 sorum
1426 2029 1603 2102 exemplaria
1617 2030 1647 2085 in
1663 2045 1700 2085 ea
1712 2029 1852 2087 combus-

181 2115 334 2174 ‹Dominu
362 2119 451 2175 totius
477 2119 649 2176 Christiane
673 2119 822 2193 religionis
855 2136 971 2178 summo
1024 2118 1116 2175 stione
1135 2123 1223 2190 atque
1238 2119 1398 2175 abolitione
1413 2136 1499 2190 quem
1524 2120 1654 2176 Ecclesia
1672 2128 1776 2176 nostra
1792 2123 1854 2175 anta

145 2206 333 2278 speculaturi,
349 2209 520 2265 Acsrarusu
544 2226 633 2280 papa,
651 2209 840 2267 bassasrrcus
864 2218 970 2266 sanctas
1025 2208 1249 2280 quadriennium
1262 2225 1401 2282 perpessa
1411 2218 1465 2276 est,
1477 2211 1674 2280 penitussunt
1684 2209 1852 2281 absumpta.

143 2294 373 2353 Durobernenais
385 2296 515 2354 Ecclesia
532 2299 661 2370 antistes,
672 2299 801 2357 debitam
811 2315 880 2357 oum
891 2298 971 2356 omui
1025 2299 1077 2354 His
1093 2304 1182 2372 atque
1195 2298 1271 2367 aliis,
1288 2314 1352 2371 quse
1368 2299 1582 2371 particulariter
1596 2298 1784 2370 breviterque
1809 2314 1853 2354 cx·

145 2384 504 2446 servitutsubadisnriam.
1027 2387 1130 2459 plicari
1147 2404 1205 2445 nun
1227 2397 1348 2461 possunt
1365 2405 1400 2445 ex
1425 2393 1508 2460 parte
1532 2388 1666 2445 Ecclesiae
1697 2402 1804 2445 nostras
1826 2386 1852 2442 in

182 2496 197 2525 a
214 2476 245 2530 In
262 2474 396 2544 coneilio,
413 2478 488 2548 quod
499 2478 609 2549 Anglia
622 2494 673 2548 per
682 2483 807 2536 vestram
819 2477 973 2535 auctorita·
1027 2494 1118 2534 causa
1134 2479 1277 2549 peroratis
1293 2483 1395 2535 contra
1411 2483 1524 2535 tantam
1537 2483 1685 2534 tantarum
1700 2477 1852 2534 auctorita-

144 2566 203 2620 tem
220 2572 351 2620 coactum
369 2570 423 2630 est,
439 2565 487 2620 ubi
499 2567 622 2637 querele
635 2567 752 2624 'lbomae
764 2568 972 2639 archiepiscopi
1025 2573 1090 2625 tum
1105 2568 1281 2624 evidentiam
1298 2567 1489 2638 paucissimas
1499 2567 1749 2625 contradictiones
1765 2583 1852 2640 oppo-

143 2653 261 2725 prolatrs
285 2659 314 2708 et
338 2654 483 2709 ventilata
498 2660 578 2722 sunt,
596 2656 685 2713 allata
709 2663 752 2713 est
776 2657 973 2714 ecclesiastica
1027 2658 1097 2726 suit,
1114 2657 1275 2730 Epistulam
1292 2658 1371 2714 illam
1388 2660 1531 2729 precipue
1547 2658 1644 2715 lerona
1668 2656 1699 2713 in
1716 2656 1854 2724 medium,

144 2742 240 2813 gentis
253 2742 416 2814 anglorum
433 2743 564 2809 historia,
580 2761 665 2816 quam
678 2747 868 2802 Eboraoensis
881 2748 974 2803 Eccle·
1026 2764 1084 2819 qua
1101 2746 1202 2802 beatus
1223 2745 1381 2818 Gregorius
1398 2745 1627 2802 londoniensem
1643 2749 1735 2816 atque
1749 2744 1855 2800 Ebura·

144 2829 194 2886 sire
210 2832 359 2903 presbyter
375 2836 404 2887 et
419 2831 577 2904 Anglorum
593 2836 776 2891 doctorlieda
792 2836 971 2903 composuit:
1026 2851 1142 2892 oensem
1168 2835 1327 2891 Ecclesiam
1353 2851 1435 2905 parea
1450 2850 1525 2901 esee,
1548 2849 1600 2890 nau
1621 2832 1746 2890 alteram
1772 2830 1853 2889 alteri

145 2918 226 2974 lectae
237 2920 971 2994 sententie,qulbuspscsomnturndemonstratum
1027 2926 1180 2996 subjacere
1195 2924 1335 2981 instituit.
1358 2925 1449 2991 Quam
1466 2923 1641 2994 scripturam
1666 2937 1736 2978 cum
1753 2923 1784 2978 in
1800 2935 1854 2977 ratu

145 3013 200 3074 est,
217 3025 234 3063 a
250 3016 379 3080 tempure
394 3009 470 3066 beati
484 3012 647 3084 Augustini,
669 3015 754 3084 primi
771 3013 973 3070 Dorobernen·
1029 3015 1102 3071 nibil
1123 3015 1217 3071 lacera
1238 3013 1375 3071 concordi
1389 3013 1533 3069 sententia
1548 3012 1646 3068 cuncti
1662 3017 1800 3082 protinus
1815 3011 1857 3066 de·

146 3098 190 3154 sis
207 3097 429 3172 archiepiscopi,
446 3117 539 3171 usque
563 3102 598 3157 sd
625 3103 716 3173 ipsius
743 3103 824 3159 bedae
840 3103 972 3160 ultimam
988 3079 1011 3149 C
1030 3106 1177 3174 finissent,
1191 3120 1242 3176 pru
1256 3119 1290 3159 eo
1306 3104 1382 3174 quod
1396 3119 1449 3159 uec
1460 3118 1514 3176 ego
1531 3100 1859 3173 Lundoniensisspisco

149 3192 277 3256 elatem,
292 3204 354 3256 «rue
370 3189 429 3245 iere
444 3195 561 3246 centum
577 3197 607 3247 et
621 3192 815 3264 quadraginta
830 3208 975 3249 annorum
1029 3211 1086 3267 pus
1102 3209 1210 3256 essem.
1227 3209 1280 3249 uec
1294 3191 1537 3249 dsLuudonisssi
1548 3189 1679 3247 Ecclesia
1693 3195 1774 3246 esset
1788 3206 1857 3261 qus·

146 3277 242 3349 spatio
258 3282 442 3347 terminatur,
458 3284 658 3337 antecessores
682 3297 774 3349 meos,
791 3297 879 3351 super
897 3282 976 3338 Ebo—
1030 3283 1087 3341 atio
1103 3282 1246 3353 instituta,
1263 3283 1352 3338 vertit
1367 3298 1398 3338 se
1414 3283 1448 3338 ad
1466 3280 1524 3337 alis
1538 3296 1630 3353 egena
1643 3285 1733 3352 atque
1747 3279 1858 3336 infirma

147 3382 296 3422 recensum
314 3366 484 3436 Ecclesiam,
501 3375 652 3442 totamque
667 3371 794 3427 insulam
809 3387 897 3443 quam
912 3372 975 3427 Bri·
1031 3377 1216 3445 arguments,
1232 3388 1295 3444 qua
1312 3379 1376 3443 post
1389 3387 1512 3444 paucam
1524 3386 1635 3427 moram
1651 3369 1770 3426 Christo
1786 3383 1856 3424 ress

148 3455 279 3511 tanniam
305 3461 420 3522 vacant,
443 3472 555 3512 necnon
571 3464 600 3514 st
623 3459 800 3531 Hiberniam,
817 3461 975 3531 primatum
1029 3465 1110 3521 lente
1127 3466 1228 3535 paucis
1243 3471 1311 3519 sunt
1325 3463 1543 3534 objectionibus
1558 3459 1678 3528 abolita,
1695 3465 1751 3517 stc.

149 3544 287 3615 gessisse,
299 3560 400 3600 curam
413 3550 587 3616 pastoralem
599 3550 737 3606 omnibus
747 3550 934 3621 impendisse,
945 3551 974 3605 in
1066 3575 1080 3604 e
1098 3553 1222 3609 Domino
1237 3552 1483 3610 excellentissimo
1493 3556 1580 3623 atque
1590 3546 1855 3621 praecellentissimo

147 3634 211 3704 ipsa
236 3633 409 3691 Eboraoensi
433 3638 504 3692 urbo
528 3653 665 3709 persepe,
681 3637 811 3711 locisque
831 3638 975 3707 finitimis,
1031 3642 1091 3699 illio
1106 3642 1167 3714 regi
1192 3642 1355 3714 anglorum
1380 3645 1577 3706 Erssasssro,
1592 3640 1770 3695 Boura-*actus
1784 3637 1854 3710 apia·

148 3722 198 3778 ubi
215 3721 256 3777 sis
279 3724 374 3779 visum
398 3724 461 3792 luit,
477 3725 659 3800 episcopales
675 3728 873 3785 ordinationes
888 3733 976 3799 atque
1030 3749 1131 3804 copus,
1147 3748 1248 3788 servus
1263 3748 1409 3788 servorum
1426 3731 1488 3787 Ilei.

147 3809 271 3869 concilia
294 3811 468 3880 celebrasse,
486 3813 675 3873 Eboraoensis
697 3817 845 3873 antistites
860 3819 896 3872 ad
912 3817 977 3888 ipsa
1066 3843 1081 3874 e
1098 3821 1174 3879 Dum
1190 3821 1415 3877 christianitatis
1427 3823 1533 3876 vestra
1552 3818 1707 3891 integritas
1731 3817 1774 3874 lta
1787 3817 1856 3872 cirea

104 3931 106 3935 ·
150 3899 272 3956 consilis
284 3907 525 3970 vocasse,etcum
538 3920 582 3960 res
600 3907 790 3977 poposcisset,
801 3909 836 3963 de
855 3909 915 3963 suis
926 3923 976 3964 eos
1030 3910 1190 3968 conditoris
1205 3913 1251 3967 sui
1266 3911 1378 3967 cultum
1393 3908 1562 3977 excreverit,
1577 3912 1611 3963 ut
1634 3906 1721 3978 longe
1743 3905 1856 3976 lateque

149 3987 267 4044 autibus
297 3989 438 4046 rationem
465 3992 585 4050 reddere
608 3995 797 4067 coorpulisse.
818 3997 977 4068 Episcopus
1031 4002 1225 4074 resplendeat,
1241 4005 1271 4057 et
1286 4002 1314 4056 in
1330 4001 1410 4058 omni
1428 4000 1540 4056 mundo
1565 3998 1741 4054 annuntiata
1766 3999 1854 4053 vestra

153 4093 278 4150 (lumine,
295 4095 421 4149 (luorum
433 4081 642 4152 subjectionem
655 4085 685 4139 in
696 4085 886 4156 questionem
900 4086 976 4143 Tho·
1032 4091 1089 4147 Deo
1105 4091 1200 4163 digne
1216 4090 1395 4163 operationis
1411 4092 1570 4162 augmenta
1584 4087 1710 4144 relocat:
1727 4097 1857 4142 enormes

151 4183 216 4222 mas
231 4169 399 4235 adduxerat,
417 4171 493 4225 inira
508 4170 579 4227 illud
605 4180 722 4229 centum
739 4180 768 4230 st
783 4177 977 4248 quadraginta
1032 4179 1164 4251 largituri
1179 4180 1311 4236 omnium
1324 4179 1467 4234 honorum
1482 4177 1542 4234 Deo
1557 4180 1653 4248 grates
1667 4173 1855 4237 exsolvimus,

151 4259 977 4337 annorumspatium,perEoroberoensesarchiepiscopos
1032 4271 1082 4342 qui
1098 4286 1148 4325 vos
1165 4268 1201 4326 de
1225 4270 1338 4325 excelso
1363 4267 1609 4341 prosperitatis
1627 4268 1711 4321 tantu
1731 4263 1857 4321 culmina

151 4346 241 4402 tuisse
256 4352 397 4415 sacratos,
414 4353 449 4405 ad
465 4352 591 4407 uoracilis
602 4360 730 4419 vocatos,
746 4356 888 4426 quosdam
909 4372 978 4427 quu·
1032 4360 1175 4416 virtutum
1190 4359 1289 4415 erexit.
1306 4360 1496 4430 Quapropter,
1519 4357 1558 4410 fili
1576 4355 1714 4427 gloriose,
1730 4353 1810 4424 quod
1827 4350 1857 4406 ab

151 4451 217 4508 que,
230 4435 325 4508 culpis
341 4440 536 4511 exigentibus,
553 4445 589 4499 ab
604 4445 647 4500 eis
662 4460 729 4500 oum
747 4445 882 4501 Romanas
898 4448 977 4502 sedis
991 4433 1014 4499 Ι)
1030 4447 1190 4519 apostolica
1204 4449 1272 4503 sede
1288 4465 1338 4518 per
1353 4448 1557 4519 coepiscopum
1573 4449 1709 4501 nostrum
1725 4440 1857 4499 ldellituu

151 4526 321 4583 auctoritato
345 4529 504 4602 depositos,
521 4532 671 4605 multaque
693 4534 722 4590 iu
747 4533 827 4592 huno
848 4536 977 4607 modum,
1033 4537 1214 4610 postulastis,
1235 4537 1338 4594 libenti
1365 4537 1463 4593 auimo
1488 4533 1688 4599 concedimus,
1704 4530 1735 4587 id
1759 4535 1806 4587 ast
1831 4530 1856 4584 ut

151 4633 214 4689 qua
226 4618 393 4690 epistolaris
408 4623 549 4681 modestia
563 4641 614 4697 per
628 4627 742 4700 singula
758 4628 903 4700 explicare
920 4646 978 4686 raun
1032 4632 1128 4683 vestra
1152 4627 1328 4701 benignitas,
1343 4625 1373 4682 in
1398 4623 1576 4682 monasterio
1595 4622 1634 4677 in‘
1647 4615 1856 4678 Dorobsrnenai

151 4712 256 4778 potest.
272 4709 390 4767 Diversa
401 4711 438 4768 ad
452 4713 607 4785 legendum
619 4722 752 4788 porrecta
763 4717 897 4788 concilis,
912 4734 978 4790 que
1033 4716 1148 4773 civitate
1162 4717 1330 4783 constituto,
1347 4716 1425 4788 quod
1442 4719 1562 4771 sanctus
1577 4712 1680 4768 doctor
1694 4714 1795 4767 vestm
1807 4711 1855 4766 du·

152 4798 275 4856 diversis
287 4801 476 4872 temporibus,
494 4803 615 4862 diversis
626 4807 662 4862 de
674 4807 784 4876 causis,
796 4824 812 4863 a
824 4809 898 4865 meis
909 4811 981 4864 sunt
1033 4808 1171 4879 guatinas
1186 4806 1276 4863 beata
1291 4805 1439 4862 memorias
1450 4802 1578 4875 Gregorii
1590 4798 1759 4872 discipulus
1769 4794 1854 4857 unct

152 4889 386 4946 antecessoribus
402 4892 556 4949 celebrata.
568 4895 637 4959 Quae
647 4898 763 4952 tametsi
776 4898 910 4954 eamdem
920 4914 978 4955 sus
1035 4896 1190 4953 Salvatoris
1209 4896 1320 4952 nomini
1334 4894 1525 4962 consecravit,
1542 4891 1588 4948 oui
1599 4892 1778 4961 adpraesens
1791 4904 1854 4961 prs·

152 4977 346 5034 institutionis
363 4996 419 5035 uon
432 4981 559 5040 habuere
571 4986 730 5049 materiam,
741 4988 872 5042 eamdem
884 4997 978 5044 tamen
1033 5001 1095 5043 esse
1110 4986 1293 5057 dignoscitur
1303 4983 1515 5041 dilectissimus
1527 4982 1728 5037 irateruoeter
1739 4978 1855 5035 Lauren·

152 5069 187 5122 ds
204 5069 980 5148 primatuetsubjsctiuneepiscuporumtenuerssen·
1033 5074 1103 5142 tius,
1118 5074 1244 5133 libenter
1273 5092 1323 5146 par
1342 5073 1440 5131 omnia
1465 5070 1678 5128 monachorum
1695 5065 1855 5137 regulariter

152 5158 286 5224 tentiam,
303 5160 429 5216 recitate
453 5165 634 5231 eorumdem,
660 5166 696 5222 ds
720 5166 827 5237 quibus
856 5168 978 5238 questio
1034 5166 1193 5221 viventium
1210 5164 1418 5221 habitationem
1434 5166 1544 5219 statuat
1563 5156 1728 5231 apostolica
1740 5153 1853 5213 auctori·

151 5248 321 5302 versabatur
334 5247 537 5322 episcoporum
559 5258 625 5310 ente
650 5256 877 5326 predecessores
897 5271 979 5312 mous
1033 5259 1089 5310 tato
1103 5256 1303 5322 decernentes,
1320 5258 1353 5309 ut
1367 5252 1424 5325 ipsi
1439 5250 1526 5309 vestrl
1539 5247 1747 5322 predicatores
1763 5259 1853 5302 mona·

152 5330 233 5387 farte
248 5336 414 5405 electiones,
430 5346 459 5396 et
474 5357 524 5412 per
535 5359 584 5400 eos
599 5344 806 5415 ordinationes,
823 5345 872 5417 qui
889 5350 977 5402 Doru-
1032 5343 1079 5400 chi
1094 5344 1305 5400 monachorum
1330 5358 1447 5415 gregem
1463 5340 1520 5397 sihi
1534 5339 1694 5408 associent,
1710 5339 1741 5393 et
1763 5343 1853 5392 eorum

152 5419 290 5479 hamensi
311 5424 446 5486 Ecclesiae
460 5430 497 5489 de
512 5448 566 5489 sua
587 5434 752 5492 obedientia
771 5436 896 5508 scriptas
911 5435 979 5492 reli·
1031 5432 1121 5489 uitam
1147 5433 1338 5490 sanctitatum
1363 5430 1495 5489 moribus
1510 5432 1661 5487 exornent.
1675 5428 1747 5492 Qus
1762 5427 1854 5481 nostra

154 5518 279 5583 querunt
307 5517 515 5584 professiones.
541 5521 615 5580 Urbs
641 5540 774 5598 namque,
805 5543 870 5598 qua
899 5540 978 5582 nunc
1031 5521 1158 5595 decreta,
1173 5521 1199 5580 si
1214 5520 1279 5595 quis
1289 5535 1490 5580 successorum
1500 5522 1674 5590 uestrorum,
1684 5513 1856 5586 sirenosum,
