3750 6000
98 222 150 276 869

892 213 983 271 Lucu
1003 214 1026 270 ll
1047 212 1159 272 PAPAE.

1696 207 1748 264 too

139 343 197 416 Ego
213 341 302 398 Guido
325 340 352 396 in
376 342 500 398 Romana
524 339 642 396 Ecclesia
666 337 757 394 altaris
779 335 1290 416 111111111111111111115111111111,
1305 318 1418 407 salutem
1433 358 1460 408 ct
1472 347 1647 424 apostolicam
1660 346 1749 403 bene·

105 432 232 504 indignus
247 430 400 502 subscripsi.

137 521 197 592 Ego
212 520 290 592 llugo
306 521 435 576 llomance
450 519 576 575 Ecclesiae
591 518 723 573 diaeonus
748 515 776 569 in
802 515 900 571 Sancta

106 608 186 663 Lucio
200 609 229 662 in
245 610 372 678 llorplren
387 608 544 679 subscripsi.

140 698 197 770 Ego
216 697 334 752 loannes
366 697 495 753 diaconus
515 694 657 752 cardinalis
681 695 787 750 Sanctae
810 691 900 749 llariae

103 784 189 840 Novae
201 786 360 857 subscripsi.

140 875 204 929 Dat.
224 875 345 929 Laterani
368 890 416 946 per
439 890 549 930 manum
581 872 691 929 llaronis
722 871 853 944 capellani
876 877 902 925 11

106 962 252 1033 scriptoris
272 979 291 1018 ιι
307 964 442 1020 Kalendas
474 964 546 1031 blaii,
577 963 721 1018 indictione
743 963 900 1027 11111111-

107 1051 224 1106 nationis
247 1051 395 1109 Dominicae
419 1068 491 1109 anno
516 1054 599 1119 1111,
636 1050 805 1125 pontificatus
836 1065 901 1106 1111

108 1139 201 1197 domui
217 1141 290 1196 Lucii
304 1143 329 1197 ll
344 1158 423 1215 papae
436 1158 506 1198 anno
520 1143 622 1215 primo.

452 1268 555 1325 XXIV.

111 1363 559 1437 01111111111111111111111111
578 1366 697 1422 nantiat
723 1364 757 1420 dc
787 1367 902 1420 coatra-

145 1439 236 1493 aerstc
246 1438 447 1494 carioaiceram
461 1439 489 1494 S.
506 1439 644 1494 l'inceatii
658 1441 686 1493 et
701 1437 728 1492 S.
745 1433 904 1493 Alexandri

145 1507 389 1580 aatddecrcrerit.

327 1607 416 1673 (Anno
432 1605 511 1671 1111,
527 1604 610 1677 April.
626 1606 684 1674 30.)

230 1702 306 1776 [Lura
322 1703 384 1760 dod.
401 1705 469 1778 dipl.
486 1705 667 1772 Berrom.,ll,
687 1702 775 1776 1051]

144 1801 249 1856 Luctus
264 1800 417 1871 episcopus,
433 1817 527 1857 serrus
540 1817 680 1858 serrorum
705 1802 765 1869 Dei,
790 1818 906 1857 venera·

111 1887 159 1944 bili
174 1888 248 1944 tratri
262 1889 441 1963 G[aaocmo]
452 1890 626 1962 bergomensi
641 1891 778 1961 episcopo,
794 1891 906 1946 salutem

111 1985 138 2034 et
151 1979 324 2050 apostolicam
340 1979 565 2037 benedictionem.

147 2067 276 2123 Canonici
296 2069 328 2123 o.
348 2069 381 2124 B.
400 2077 547 2140 martyrum
569 2069 701 2126 lliucentii
733 2077 759 2126 et
788 2069 906 2126 Alexan-

113 2154 153 2211 dri
171 2163 269 2212 statuto
283 2156 334 2211 sibi
351 2158 463 2214 termino
478 2175 494 2214 a
508 2159 705 2228 praedecessore
738 2159 817 2215 bonae
847 2176 907 2216 mc·

115 2246 210 2303 morice
225 2262 296 2316 papa
310 2246 455 2302 Coelestino
479 2262 528 2319 pro
551 2249 734 2304 controversia
755 2249 825 2305 inter
836 2250 909 2320 ipsos

114 2333 212 2389 diutius
231 2335 332 2407 agitata
355 2344 448 2392 nostro
475 2352 504 2392 sc
531 2339 684 2407 conspectui
704 2345 906 2409 praesentamnt,

113 2439 226 2494 quorum
241 2423 341 2480 auditis
353 2425 502 2481 rationibus
524 2433 550 2480 et
573 2427 678 2496 scriptis
691 2427 827 2496 utriusque
842 2443 907 2498 par-

114 2512 147 2567 tis
161 2512 307 2585 diligenter
321 2514 465 2586 inspectis,
497 2516 720 2570 communitatum
754 2525 906 2571 nostrarum

8 2598 11 2603 '
112 2601 227 2658 consilio
259 2603 439 2672 praecepimus
463 2611 489 2658 ut
513 2603 540 2657 in
564 2604 657 2675 vigilia
680 2611 707 2658 ct
724 2603 751 2658 in
765 2604 908 2660 festivitate

113 2685 238 2758 Victoris,
254 2699 281 2746 et
295 2691 322 2745 in
337 2691 447 2747 Litaniis
467 2691 642 2762 Gregorianis
665 2693 773 2762 quando
795 2708 908 2763 proces·

113 2778 203 2834 aiones
217 2779 328 2845 faciunt,
342 2795 403 2834 cum
419 2781 570 2850 pulsatione
580 2797 782 2853 campancmm,
799 2784 908 2839 incensu

114 2880 222 2936 quoque
235 2874 262 2922 et
273 2883 344 2936 aqua
366 2868 507 2924 benedicta
522 2872 643 2926 canonici
657 2872 748 2928 Sancti
763 2872 909 2926 Alexandri

113 2954 221 3025 ipsimet
243 2955 346 3026 absque
369 2958 425 3012 nlla
446 2959 658 3014 contradictione
677 2961 822 3017 canonicos
836 2960 908 3017 Beati

953 430 1115 489 dictionem.

990 527 1040 584 Pro
1056 532 1237 588 controversia
1252 534 1321 590 inter
1334 552 1382 592 uos
1396 544 1425 592 et
1436 535 1579 592 canonicos
1592 533 1668 590 111111
1682 531 1751 588 Vin·

954 617 1033 673 centii
1048 618 1146 675 diutius
1160 622 1262 694 agitata
1275 624 1455 695 praedecessor
1477 632 1567 681 noster
1588 623 1667 679 boore
1689 637 1752 678 me·

955 707 1049 762 moriae
1063 724 1133 780 papa
1145 709 1314 778 Caelestinus,
1331 728 1379 768 ros
1392 721 1420 769 et
1432 713 1508 784 ipsos
1521 712 1555 770 ad
1570 711 1664 768 sedem
1684 724 1753 782 apo·

955 796 1077 852 stolicam
1091 800 1215 854 evocarit
1229 816 1281 870 quo
1297 801 1367 857 sicut
1380 802 1437 859 Deo
1452 801 1551 874 placuit
1560 800 1667 857 interim
1678 799 1752 856 riam

955 885 1091 941 universae
1106 887 1194 942 carnis
1218 889 1350 962 ingresso,
1367 906 1416 946 nos
1430 892 1475 962 qui
1489 890 1550 946 licet
1563 888 1679 959 indigni,
1694 887 1752 942 dis·

956 983 1072 1046 ponente
1088 977 1205 1032 Domino
1229 976 1257 1033 11
1281 978 1414 1051 regimine
1435 979 1507 1035 sedis
1529 976 1684 1050 apostolicae
1701 974 1754 1031 sibi

956 1065 1146 1133 successimus,
1163 1082 1211 1121 ros
1225 1074 1252 1122 et
1265 1067 1339 1138 ipsos
1355 1067 1400 1138 qui
1420 1076 1516 1124 statuto
1539 1067 1617 1122 vobis
1635 1066 1670 1122 ab
1694 1066 1754 1137 ipso

957 1154 1083 1222 tcrmIno,
1099 1161 1188 1210 nostro
1203 1171 1252 1211 ros
1267 1157 1420 1227 conspectui
1436 1156 1618 1227 praesentastis
1632 1154 1755 1225 diligen·

958 1249 997 1296 ter
1011 1242 1173 1312 audirimus,
1188 1251 1214 1299 et
1228 1245 1364 1316 utriusque
1390 1246 1472 1317 partis
1495 1243 1678 1314 querimonias
1697 1250 1754 1297 tam

956 1346 1068 1401 pernas
1083 1348 1162 1401 quam
1178 1347 1228 1402 per
1243 1333 1337 1389 imtres
1351 1342 1455 1390 nostros
1468 1334 1585 1390 studiose
1608 1331 1752 1388 examina·

957 1420 1058 1476 vimus.
1079 1420 1182 1476 Auditis
1196 1421 1285 1492 itaque
1307 1423 1448 1494 utriusque
1478 1423 1562 1494 partis
1592 1421 1753 1490 rationibus,

958 1517 985 1565 et
1016 1510 1123 1580 scriptis
1154 1510 1294 1582 utriusque
1327 1513 1410 1584 partis
1441 1512 1585 1582 diligenter
1614 1510 1753 1581 inspectis,

958 1598 1150 1655 communitate
1175 1600 1287 1656 fratrum
1311 1609 1461 1658 nostrorum
1483 1599 1604 1666 consilio,
1621 1599 1757 1671 praecepi·

920 1688 947 1748 B
962 1704 1022 1742 mus
1037 1695 1065 1742 ut
1078 1687 1105 1742 in
1120 1688 1215 1761 vigilia
1229 1688 1261 1744 S.
1280 1689 1397 1745 illatoris
1415 1697 1442 1745 et
1455 1689 1481 1744 in
1496 1689 1595 1744 litaniis
1609 1686 1759 1760 Gregorio·

962 1777 1003 1831 nis
1015 1777 1122 1847 quando
1136 1779 1322 1849 processiones
1337 1778 1439 1834 faciunt
1452 1778 1668 1848 compulsatione
1687 1792 1760 1831 carn·

961 1881 1092 1936 panarum
1112 1865 1222 1921 incenso
1241 1882 1349 1938 quoque
1377 1874 1405 1922 et
1429 1883 1498 1939 aqua
1516 1866 1660 1921 benedicta
1673 1880 1759 1921 cano-

961 1954 1014 2010 nici
1030 1954 1119 2010 Sancti
1134 1955 1282 2010 Alexandri
1298 1955 1405 2026 ipsimet
1418 1956 1519 2026 absque
1543 1954 1598 2010 ulla
1620 1952 1759 2010 contradi-

961 2044 1050 2100 ctione
1072 2044 1216 2100 canonicos
1236 2045 1309 2100 Beati
1333 2044 1466 2100 vincentii
1495 2044 1583 2114 arriete
1604 2042 1639 2098 do
1662 2051 1760 2098 caetero

961 2132 1105 2204 recipiant.
1124 2133 1227 2189 Caetera
1241 2149 1306 2189 vero
1321 2133 1389 2188 sicut
1402 2149 1450 2205 per
1463 2132 1635 2205 privilegium
1650 2131 1760 2202 praede·

961 2220 1075 2277 cessoris
1091 2221 1172 2276 nostri
1187 2220 1267 2277 bonae
1283 2222 1421 2277 memoriae
1443 2237 1521 2293 popm
1539 2220 1701 2285 Innocentii,
1717 2220 1761 2275 rel

962 2327 1011 2383 per
1042 2310 1143 2365 litteras
1159 2309 1252 2380 ipsius,
1268 2310 1325 2366 sive
1347 2327 1397 2380 per
1419 2309 1577 2366 sententiam
1597 2307 1761 2366 venerabilis

962 2398 1044 2454 nostri
1067 2398 1156 2454 fratris
1180 2398 1294 2455 llobaldi
1327 2398 1532 2455 mediolanensis
1564 2397 1760 2470 archiepiscopi

962 2485 1069 2543 definita
1102 2487 1158 2544 sivc
1192 2487 1368 2543 determinata
1396 2496 1467 2556 sunt,
1492 2487 1561 2542 sicut
1582 2487 1617 2541 de
1640 2486 1705 2541 sede
1732 2486 1760 2541 in

961 2578 1044 2632 choro
1057 2584 1083 2631 11
1098 2576 1126 2631 11
1145 2593 1247 2643 mensa,
1264 2585 1290 2632 et
1305 2576 1364 2632 aliis
1378 2577 1416 2632 sic
1431 2577 1465 2632 ab
1476 2584 1588 2646 utraque
1600 2583 1677 2647 parte
1689 2574 1761 2630 irre·

963 2665 1132 2738 tragabiliter
1166 2665 1351 2732 observentur,
1380 2673 1408 2720 ut
1440 2664 1566 2721 videlicet
1597 2662 1760 2736 praepositus

963 2754 1084 2810 ecclesiae
1099 2755 1128 2809 B.
1144 2754 1288 2809 Alexandri
1312 2754 1428 2825 primam
1444 2753 1536 2811 sedem
1553 2752 1580 2807 in
1592 2754 1676 2810 choro
1691 2760 1720 2808 11
1732 2751 1761 2808 11

963 2859 1086 2898 mensae
1102 2842 1210 2899 sinistro
1226 2850 1302 2915 parte
1317 2841 1454 2910 obtineat;
1473 2841 1618 2898 fidelitates
1628 2857 1695 2898 vero
1706 2841 1761 2898 cle·

963 2932 1080 2988 riccrum
1105 2930 1140 2987 ab
1172 2932 1291 3001 utrisque
1323 2930 1502 2987 communiter
1532 2929 1709 3002 recipiantur.
1733 2928 1762 2986 si

115 3043 245 3099 vincentii
273 3045 523 3115 quietedecaetcro
546 3035 1017 3118 1111111116111111111111(Ιυει
1050 3021 1134 3093 igilur
1165 3019 1191 3075 in
1226 3020 1342 3075 summm
1376 3019 1557 3077 ⁰⁰⁰¹⁰⁵i⁸⁵¹i⁰³
1588 3017 1763 3076 ⁵ae⁰¹¹wi⁸v⁰

114 3132 182 3189 sicut
202 3149 251 3204 per
271 3135 444 3207 privilegium
477 3137 685 3206 predecessoris
717 3125 798 3194 nostri
830 3139 910 3194 bonae

114 3222 253 3278 memoriae
287 3239 365 3294 papae
398 3224 793 3296 1111111111,11111111111111
816 3228 908 3298 ipsius,

113 3311 170 3365 sire
190 3327 238 3382 per
255 3312 415 3367 senteutiam
433 3313 596 3367 venerabilis
623 3314 714 3368 fratris
744 3315 826 3370 nostri
841 3316 909 3385 (lto-

114 3398 199 3469 baldi)
215 3399 421 3455 llecliolanensis
443 3401 637 3472 archicpiscopi
654 3402 762 3458 delinita
785 3404 841 3458 sire
863 3404 909 3460 de·

116 3488 258 3543 terminata
272 3498 334 3544 sunt
347 3490 415 3545 sicut
431 3490 465 3545 dc
486 3490 549 3546 sede
565 3491 592 3545 io
607 3493 689 3547 olioro
704 3501 729 3547 et
749 3493 777 3547 in
806 3509 908 3559 mensa,

115 3575 149 3631 de
164 3576 435 3649 recipiendaquoque
452 3579 609 3634 clericorum
626 3579 766 3645 fidelitate,
783 3581 816 3635 dc
831 3597 909 3653 capsa

116 3663 196 3719 ctiam
212 3682 273 3720 cum
288 3667 409 3737 reliquiis
423 3668 555 3736 portanda
575 3678 601 3723 11
624 3670 793 3740 reportanda,
812 3679 839 3725 et
852 3671 911 3726 aliis

115 3753 154 3808 sic
181 3754 215 3809 ab
240 3762 351 3825 utraque
374 3764 449 3826 parte
471 3757 692 3830 irrefragabiliter
714 3759 908 3829 observentur;

114 3849 143 3896 ut
170 3842 296 3899 videlicet
328 3845 487 3917 praepositus
518 3847 638 3902 ecclesiae
670 3848 742 3903 Bruti
766 3849 911 3904 Alexandri

114 3930 230 4002 primam
248 3933 339 3987 sedem
353 3932 381 3987 in
394 3936 476 3990 choro
490 3942 516 3989 et
531 3935 558 3989 11
571 3951 664 3990 mensa
696 3936 805 3992 sinistra
836 3945 911 4008 parte

116 4019 251 4086 obtineat;
285 4020 426 4077 fidelitates
449 4039 512 4079 aero
537 4025 694 4080 clericorum
727 4026 761 4080 ab
793 4027 911 4096 utrisque

115 4109 294 4164 communiter
311 4111 486 4182 recipiantur.
509 4112 579 4181 Quia
602 4113 683 4185 igitur
706 4114 744 4167 tui
766 4113 844 4169 oflicii
873 4123 913 4169 est

117 4212 176 4267 quae
200 4214 216 4252 a
238 4199 302 4254 sede
320 4199 468 4271 apostolica
498 4208 656 4264 statuuntur,
691 4201 913 4274 irrclmgabilitcr

117 4285 276 4352 observare,
308 4303 357 4358 per
379 4289 524 4358 prasentia
555 4288 604 4342 tibi
637 4289 736 4359 scripta
756 4290 913 4346 mandamus

118 4381 248 4443 quatenus
271 4376 339 4431 lianc
358 4377 516 4432 sententiam
532 4392 547 4430 a
561 4377 640 4432 nobis
661 4379 870 4451 promulgatam,
886 4387 913 4434 et

117 4462 282 4531 quodetiam
298 4464 331 4518 de
345 4464 506 4534 poenitentiis
521 4465 739 4533 criminosorum,
757 4467 824 4523 sicut
839 4484 912 4524 acce·

117 4550 206 4621 pimus
225 4551 419 4608 rationabiliter
432 4552 459 4607 in
473 4553 576 4623 synodo
600 4555 778 4627 promulgasti
802 4553 914 4613 firmiter

116 4635 243 4690 observes
257 4642 284 4690 et
295 4635 329 4689 ab
345 4636 409 4705 ipsis
422 4636 505 4691 lacias
519 4637 672 4694 observari.

153 4722 216 4777 Dat.
235 4722 357 4777 Laterani
374 4739 392 4778 n
407 4724 524 4779 Kalend.
544 4724 619 4780 11111.

467 4876 557 4932 XXV.

119 4975 267 5034 decanicis
283 4974 407 5031 ecclesie
421 4973 627 5114 8111111111
640 4974 815 5046 bergomatis
836 4973 912 5031 idem

437 5061 510 5117 capnt
533 5061 565 5101 ca
587 5085 593 5099 .

329 5145 420 5213 (Anno
436 5144 514 5210 1111,
531 5143 618 5213 April.
639 5144 700 5214 30.)

386 5232 475 5305 [lbid.,
492 5249 523 5302 p.
544 5230 641 5303 torta]

153 5330 253 5387 Luctus
274 5329 433 5401 episcopus,
456 5346 552 5387 servus
570 5345 711 5387 serrorum
731 5328 793 5399 Dei,
807 5329 913 5387 dilectis

116 5418 179 5476 filiis
193 5418 307 5476 Oaaaro
321 5420 466 5490 praepositc
481 5427 508 5474 et
522 5419 648 5475 tratribus
662 5420 752 5477 Sancti
765 5419 912 5476 Alexandri

155 5597 194 5671 (3)
209 5598 275 5657 llide
289 5597 360 5654 intra
373 5595 516 5668 epistolam
530 5596 658 5669 Alphonsi
673 5597 758 5671 regis.

964 3125 1089 3181 persona,
1102 3110 1179 3177 hujus
1193 3118 1297 3165 nostrae
1312 3109 1507 3165 constitutionis
1519 3108 1649 3181 paginam
1664 3108 1762 3176 sciens,

964 3205 1056 3254 contra
1071 3214 1130 3252 eam
1147 3205 1248 3253 temere
1264 3199 1356 3255 111111
1369 3197 1519 3265 tentaverit,
1534 3195 1652 3253 secundo
1671 3197 1764 3253 tertio·

964 3304 997 3344 11
1012 3287 1186 3355 commonita,
1198 3286 1220 3341 si
1236 3302 1288 3342 non
1304 3294 1409 3342 reatum
1424 3303 1502 3341 snum
1517 3300 1638 3358 congma
1653 3284 1763 3341 satista-

964 3376 1051 3431 ctione
1082 3375 1237 3443 correxerit,
1261 3376 1371 3430 honoris
1395 3383 1421 3431 ct
1444 3374 1524 3431 officii
1557 3373 1597 3429 sui
1630 3373 1762 3449 dignitate

963 3472 1043 3534 atque
1058 3464 1084 3518 in
1099 3472 1220 3520 extremo
1231 3465 1355 3519 examine
1370 3464 1497 3520 districte
1507 3463 1601 3520 ultioni
1609 3462 1761 3534 subjaceat.

1000 3556 1070 3611 Data
1083 3552 1207 3609 laterani
1222 3568 1240 3607 n
1255 3552 1368 3608 Kalend.
1386 3552 1462 3608 llaii.

1310 3723 1416 3783 XXVI.

966 3850 1006 3907 Ad
1013 3848 1186 3921 Atplacacam
1195 3863 1290 3918 repam
1301 3846 1481 3917 Portapalioe,
1488 3845 1535 3916 qai
1546 3860 1666 3916 repetam
1676 3860 1764 3901 raam

989 3924 1119 3980 nomana
1129 3920 1260 3976 Ecclesia
1271 3917 1457 3974 tctdatariam
1472 3919 1663 3975 constituerat
1677 3917 1735 3989 13).

1201 4060 1289 4131 cinno
1305 4061 1383 4125 rata,
1401 4057 1523 4127 1111.)

1142 4200 1263 4274 mansi,
1280 4199 1399 4267 611111,
1414 4199 1493 4268 XXI,
1509 4197 1585 4268 otu]

1003 4355 1105 4411 Lucrcs
1121 4353 1272 4425 episcopus,
1290 4367 1381 4407 servus
1395 4366 1531 4406 serrorum
1548 4348 1607 4414 Dei,
1622 4346 1722 4404 dilecto
1738 4347 1767 4403 in

966 4444 1070 4499 Christo
1094 4441 1149 4497 filio
1164 4444 1196 4496 A.
1213 4440 1308 4496 illustri
1330 4438 1521 4511 Portugalcnsi
1544 4436 1623 4506 duci,
1647 4435 1765 4493 salutem

966 4541 993 4589 et
1007 4530 1182 4602 apostolicam
1197 4528 1427 4584 benedictionem.

1002 4619 1179 4675 Dcrotionem
1205 4626 1294 4684 luam,
1317 4616 1413 4672 dilecte
1428 4616 1455 4670 in
1470 4614 1586 4671 Domino
1599 4611 1654 4681 lili,
1670 4613 1764 4669 maxi·

967 4726 1011 4765 me
1024 4705 1242 4780 congaudemus,
1258 4704 1331 4776 quod
1350 4705 1519 4776 temetipsum
1539 4703 1572 4758 dc
1596 4702 1650 4757 illis
1668 4700 1767 4757 oribus

965 4812 1164 4869 mcognoscens
1188 4810 1255 4865 quas
1278 4795 1409 4849 Dominus
1432 4801 1523 4848 noster
1544 4792 1620 4847 Jesus
1643 4790 1768 4846 Christus

967 4887 1035 4943 Petri
1050 4884 1179 4941 custodiae
1193 4882 1402 4950 commendarit,
1413 4898 1473 4937 cuin
1489 4881 1524 4936 ad
1536 4880 1768 4952 expuguationem

966 4990 1133 5047 paganorum
1148 4972 1275 5040 intentus,
1291 4971 1434 5039 multisque
1454 4968 1570 5042 negotiis
1594 4966 1772 5023 secutaribus

968 5069 1123 5132 occupatus,
1144 5061 1326 5132 apostolorum
1343 5058 1436 5113 limina
1451 5058 1558 5113 visitare
1582 5070 1636 5111 111
1660 5071 1770 5126 posses,

967 5169 1018 5223 per
1032 5165 1143 5206 manum
1159 5149 1247 5204 dilecti
1260 5148 1307 5202 lilii
1322 5147 1359 5204 G.
1378 5147 1487 5203 diaconi
1503 5144 1651 5203 cardinalis
1665 5152 1728 5200 tunc
1742 5143 1771 5201 11

967 5242 1090 5313 partibus
1119 5239 1172 5295 illis
1202 5237 1356 5309 apostolica
1378 5235 1451 5291 sedis
1472 5235 1554 5307 legati
1574 5232 1772 5306 praedecessori

966 5338 1057 5387 nostro
1079 5328 1166 5385 lclicis
1183 5324 1376 5383 recordationis
1398 5339 1478 5396 papae
1501 5321 1659 5382 Innocentio
1675 5321 1771 5378 homi-

966 5419 1041 5474 nium
1060 5415 1188 5473 laudabili
1213 5414 1357 5471 devotione
1382 5412 1486 5482 fecisti,
1511 5419 1659 5468 1111111111
1682 5408 1772 5467 tibia

965 5508 1023 5562 Deo
1038 5503 1305 5563 commissambeato
1338 5503 1415 5558 Petro
1443 5500 1626 5572 apostolorum
1649 5496 1770 5571 principi

965 5593 1097 5662 obtulisti,
1114 5600 1195 5666 atqua
1210 5607 1353 5665 personam
1368 5598 1440 5650 tuam
1455 5598 1482 5649 ct
1495 5598 1595 5648 terram
1617 5585 1707 5659 ipsam
1721 5587 1770 5658 ip-
