3750 6000
103 270 155 327 stttt
797 260 894 317 LUCll
914 259 938 314 ll
957 259 1063 314 Phl'AE.
1695 246 1749 303 850

104 395 220 453 eeclesia
236 393 396 450 Sanctorum
412 388 485 444 Petri
505 396 530 444 et
554 386 615 445 Ursi
638 386 797 443 canonicam
822 384 946 445 ritamA
997 386 1055 456 Ego
1070 381 1159 439 Guido
1173 381 1317 454 presbyter
1327 375 1473 435 cardinalis
1483 373 1551 430 tituli
1562 372 1654 431 Sancti
1667 372 1755 445 Chry·

104 483 247 559 professis,
264 491 316 541 tam
331 479 511 553 praesentibus
527 493 607 551 quam
621 476 729 545 futuris,
749 475 777 531 in
796 490 899 547 perpe·
954 474 1054 547 sogoui
1069 471 1233 543 subscripsi.

103 582 189 631 ‘¹¹⁰⁰'-
989 577 1049 647 Ego
1064 574 1152 631 Guido
1167 573 1299 629 diaconus
1313 567 1460 626 cardinalis
1474 567 1635 625 Sanctorum
1645 562 1756 621 cosmae

955 672 982 721 et
997 663 1125 720 Dnmiani
1137 660 1297 733 subscripsi.

990 764 1088 818 Datum
1103 760 1230 817 Laterani
1246 774 1296 830 per
1310 772 1419 812 manum
1435 752 1547 810 baronis
1567 750 1703 823 capellani
1727 757 1755 806 et

955 849 1106 920 scriptoris,
1123 864 1178 903 xvir
1194 846 1309 902 Kalend.
1326 844 1401 911 blaii,
1418 842 1563 900 indictione
1585 856 1633 906 vtr,
1658 839 1755 895 Incar-

956 938 1074 994 uatiouis
1101 937 1252 993 Dominieoe
1279 950 1351 990 anuo
1379 935 1459 999 llll,
1483 928 1656 1004 pontificatus
1686 943 1755 985 vero

956 1028 1051 1085 domni
1067 1025 1139 1084 lucii
1155 1026 1179 1081 ll
1194 1039 1272 1097 papae
1286 1038 1359 1079 anuo
1374 1020 1472 1094 primo.

139 722 183 777 Ad
199 723 251 778 boo
266 719 430 777 universalis
450 717 581 775 Ecclesiae
594 733 660 774 cura
674 717 753 774 nobis
767 732 783 772 a
805 713 900 788 provi-

105 828 168 867 sore
183 811 305 866 omnium
323 810 455 865 bonorum
471 809 530 864 Deo
544 807 690 865 commissa
706 814 757 872 est,
779 816 809 860 ut
834 804 897 860 reli·

103 900 196 975 giosas
211 900 356 973 diligamus
379 913 511 969 personas
535 904 561 952 et
576 896 646 952 bene
665 896 820 966 placentem
843 894 901 948 Deo

104 988 265 1061 religionem
286 988 446 1043 studeamus
469 985 558 1040 modis
580 984 707 1039 omnibus
730 997 897 1054 propagare.

103 1078 161 1133 Nec
169 1077 240 1131 euim
252 1077 416 1147 Deogratus
424 1072 722 1145 aliquandoiamulatus
728 1070 901 1141 impenditur,

103 1165 157 1221 nisi
173 1182 206 1221 ex
222 1165 351 1221 charitate
369 1163 460 1218 radice
483 1161 637 1234 procedens
657 1176 674 1215 a
698 1161 813 1232 puritate
836 1158 901 1214 reli·
1303 1147 1393 1202 XXII·

104 1254 196 1326 gionis
216 1254 295 1308 luerit
319 1260 507 1309 conservatus.
532 1248 733 1319 Quamobrem,
758 1247 849 1303 dilecti
872 1247 900 1302 in
1062 1243 1248 1314 Priuilrpium
1260 1257 1311 1315 pro
1327 1243 1425 1296 drame
1440 1237 1635 1295 hattrueurt.

104 1342 221 1399 Domino
247 1341 307 1408 filii,
337 1339 436 1396 vestris
465 1339 643 1395 rationalibus
676 1336 903 1410 postulationibus
1168 1339 1353 1407 (hunollll,
1368 1336 1459 1408 April.
1477 1337 1537 1405 il.)

103 1432 257 1487 clementer
274 1429 420 1485 annuimus
446 1431 474 1483 et
502 1428 669 1484 Sanctorum
695 1425 766 1481 Petri
791 1434 817 1480 et
838 1423 901 1480 llrsi
1027 1439 1218 1509 (mmmm,
1234 1436 1349 1493 Amr,
1370 1430 1676 1506 cumuruur‚,1x,arq

102 1518 247 1575 ecclesiam
263 1518 290 1573 irr
305 1534 358 1590 qua
371 1516 466 1572 divino
482 1516 585 1572 vacatis
600 1514 723 1580 servitio,
742 1513 901 1585 apostolieae
990 1534 1094 1591 Lucri-s
1116 1534 1271 1604 episcopus,
1284 1547 1383 1587 seruus
1406 1544 1546 1585 servorum
1569 1527 1629 1596 Dei,
1645 1527 1755 1584 dilectis

103 1607 177 1662 sedis
193 1606 335 1679 privilegio
346 1605 555 1670 commuuimus,
567 1611 716 1658 statuentes
732 1610 760 1657 ut
774 1601 901 1657 universa
954 1624 981 1679 qn
995 1624 1102 1680 christo
1117 1622 1178 1677 figi,
1194 1622 1300 1679 Sumo
1324 1620 1406 1692 priori
1421 1618 1512 1674 Bromi
1536 1618 1642 1673 ggncqae
1656 1616 1755 1672 Cmcis

103 1712 164 1766 qun
179 1694 422 1766 impraesentiarum
442 1694 517 1764 juste
540 1701 566 1747 et
590 1691 719 1748 canonice
743 1690 899 1762 possidetis,
917 1714 989 1795 με
1008 1710 1250 1768 ροῃῑωεῃθῃω
1265 1709 1398 1774 ecclesi&
1415 1717 1441 1764 eq
1461 1706 1589 1762 muribus
1602 1714 1659 1761 „m
1683 1722 1755 1776 pm,

102 1792 150 1840 ⁸¹¹²
165 1784 193 1838 in
208 1782 331 1838 smmum
356 1782 540 1838 ⁰⁰⁰⁰⁹⁶⁸⁵⁰¹¹⁰
563 1778 730 1852 mmmmm·
756 1778 900 1850 ¹⁸¹'ssi‘i0n0
956 1802 1076 1857 sentibus
1093 1816 1171 1871 quam
1185 1795 1541 1869 tuturisrcgularemvitam
1562 1793 1698 1866 protessis
1718 1793 1754 1849 ad

103 1888 200 1946 regum
216 1871 258 1926 vel
274 1870 439 1942 principum,
454 1869 592 1925 oblatione
614 1867 744 1932 fidelium,
767 1884 816 1922 seu
839 1866 900 1920 aliis
954 1896 1111 1962 perpetuum
1128 1889 1168 1943 1.θί
1182 1888 1348 1942 memoriam·

98 1959 297 2032 justismodis,
315 1967 459 2029 praestante
474 1957 602 2022 Domino,
626 1956 751 2028 poteritis
773 1954 898 2025 adipisci,

101 2051 191 2108 eidem
207 2049 331 2106 ecclesie
346 2049 452 2121 integra
467 2055 495 2102 et
510 2046 612 2101 illibata
627 2053 781 2102 serventur.
801 2044 900 2115 Sepul-

102 2147 191 2196 turam
206 2154 315 2210 quoque
332 2138 419 2210 ipsius
434 2136 487 2193 loci
502 2136 616 2191 liberam
632 2151 693 2191 esse
712 2133 898 2200 deceruimus,

101 2237 129 2285 ut
146 2227 284 2294 videlicet,
301 2226 375 2282 salva
388 2225 492 2296 justitia
512 2224 634 2281 matricis
658 2223 781 2280 ecclesiae
804 2238 899 2279 corum

105 2319 151 2392 qui
167 2333 196 2372 se
208 2316 263 2371 illic
279 2314 391 2386 sepeliri
406 2314 617 2369 deliberaverint
634 2312 776 2368 devotioni
799 2319 826 2367 et
850 2327 899 2366 su-

989 1990 1256 2048 Adhoruniversalis
1265 1989 1396 2046 Ecclesiae
1414 2004 1476 2044 cura
1492 1986 1597 2042 nobisa
1610 1984 1754 2057 prorisore

954 2083 1077 2137 omnium
1093 2081 1227 2135 bonorum
1242 2081 1299 2134 Deo
1322 2077 1469 2134 commissa
1488 2084 1539 2143 est,
1556 2084 1583 2130 ut
1607 2074 1754 2148 religiosas

954 2166 1516 2242 personasdiligamus,etbeneplucentam
1525 2162 1754 2234 Deoreligionem

954 2258 1112 2314 studeamus
1124 2257 1212 2313 modis
1222 2255 1349 2312 omnibus
1361 2269 1525 2326 propagare.
1539 2254 1597 2308 Nec
1609 2252 1684 2306 euim
1696 2253 1755 2306 Deo

353 2403 358 2414 .
419 2402 449 2414 ..
747 2401 753 2412 ,
801 2401 806 2411 ,
851 2400 856 2410 ,
954 2348 1059 2421 gratior
1073 2341 1564 2418 aliquandofamulatusimpenditur,
1579 2340 1631 2395 uisi
1646 2356 1678 2395 ex
1695 2345 1757 2396 cba-

102 2422 209 2478 premae
226 2405 371 2470 voluntati,
398 2419 451 2457 urst
480 2403 550 2458 forte
578 2410 808 2457 exeommunicati
835 2408 898 2464 suit,

259 2493 266 2506 .
714 2491 720 2501 ,
892 2489 898 2499 ,
955 2436 1042 2491 ritatis
1056 2434 1147 2490 radice
1163 2434 1318 2506 procedens
1337 2448 1353 2486 a
1369 2431 1485 2502 puritate
1509 2429 1653 2501 religionis
1677 2428 1758 2484 inerit

102 2495 192 2550 nullus
207 2494 332 2549 obsistat.
349 2492 475 2548 Obeunte
490 2506 555 2546 vero
571 2499 597 2545 te
611 2505 684 2545 nunc
696 2489 823 2560 eiusdem
847 2488 900 2587 loct
954 2534 1138 2581 conservum&
1155 2522 1267 2592 Oponel
1282 2521 1367 2594 igw
1390 2535 1485 2575 omnes
1509 2517 1671 2574 Christian&
1690 2515 1755 2572 fidei

101 2583 202 2681 priore,
219 2581 260 2638 vel
276 2589 383 2680 tuorum
399 2580 734 2679 quolibet'suecessorum,
749 2577 840 2676 pullus
863 2578 900 2631 ibr
953 2622 1090 2668 amatores
1103 2612 1263 2684 religionem
1274 2610 1399 2682 dingere,
1411 2616 1438 2665 et
1448 2605 1682 2663 'mmmmm
1693 2621 1755 2662 cum

103 2672 224 2743 quanm
243 2670 427 2740 ⁸⁰¹³¹⁸⁰p¹¹⁰⁰¹⁸
452 2675 551 2723 “tum
574 2683 623 2721 ⁸⁸¹¹
646 2667 774 2721 mentm
792 2681 900 2737 p'aem'
954 2702 1022 2773 ipsis
1044 2702 1174 2772 personis
1195 2699 1294 2755 devino
1310 2698 1421 2753 servitio
1444 2695 1605 2766 ursocipatis
1626 2695 1757 2749 attentius

102 2769 193 2823 'mur'
209 2775 261 2813 ⁰¹⁵¹
273 2773 354 2857 quefn
364 2757 618 2857 f¹⁸¹‘⁰⁸‚⁰,‘,’mm⁰¹¹'
633 2770 751 2856 meum,
772 2762 819 2854 Ψ
842 2754 901 2810 fm'
955 2790 1112 2852 coufovere,
1132 2797 1159 2844 ut
1170 2788 1251 2843 nullis
1261 2802 1404 2859 pravorum
1419 2785 1558 2841 bominum
1569 2784 1758 2850 inquietentur

102 2857 175 2904 trum
192 2862 255 2914 pars
270 2861 387 2900 samoris
401 2845 508 2900 consrlu
525 2845 676 2899 secundnm
700 2842 753 2899 Det
776 2851 900 2899 timorem

102 2945 129 2993 et
144 2935 216 2992 beati
229 2934 372 3006 Augustini
387 2933 521 3005 Regulam
537 2933 711 3003 praeviderint
725 2933 896 3007 eligendum.

103 3023 251 3081 statuimus
266 3038 334 3095 ergo
349 3030 377 3077 ut
392 3038 482 3094 neque
497 3021 604 3078 matrici
619 3021 756 3089 ecelesia,
772 3037 823 3079 uec
846 3021 898 3076 ali-

103 3114 147 3169 cui
163 3112 273 3169 omnino
288 3111 428 3167 hominnm
448 3111 530 3166 liceat
554 3118 672 3165 vestram
692 3110 837 3166 ecclesiam
860 3117 903 3166 te·

103 3217 181 3258 mere
195 3201 359 3274 perturbare
371 3208 416 3254 aut
431 3200 491 3269 ejus
506 3198 697 3268 possessiones
720 3197 833 3265 auferre,
859 3198 902 3253 vel

102 3292 205 3347 ablatas
220 3291 348 3355 retinere,
376 3288 507 3354 minuere,
532 3304 581 3343 seu
604 3302 621 3342 a
649 3288 727 3344 robis
755 3288 902 3361 quidquam

104 3380 132 3434 id
149 3379 221 3450 quod
237 3387 277 3434 est
294 3377 446 3448 antiquitus
459 3377 635 3432 coustitutum
651 3376 771 3448 exigere,
789 3386 834 3432 aut
854 3392 903 3431 ros

107 3467 273 3539 quibuslibet
289 3465 422 3521 molestiis
437 3464 571 3538 latigare3
589 3465 637 3519 sed
653 3465 745 3521 omnis
761 3465 840 3519 vobis
858 3466 903 3519 in·

955 2878 1088 2934 molestiis
1104 2877 1147 2933 vel
1163 2873 1619 2950 importunisangariisfatigentur.
1636 2873 1758 2942 lisprop·

954 2975 1006 3034 ter,
1016 2967 1105 3023 dilecti
1118 2966 1260 3022 iuChrisro
1271 2962 1319 3019 filii
1334 2963 1519 3032 vestrisjustis
1528 2959 1758 3032 postulationibus

918 3055 1107 3148 Celementer
1131 3055 1285 3118 annuimus,
1302 3061 1328 3108 et
1353 3052 1498 3124 prelatum
1519 3050 1620 3113 locum,
1645 3049 1672 3104 in
1703 3065 1758 3122 quo

956 3145 1055 3201 devino
1070 3144 1215 3214 mancipati
1231 3143 1297 3198 estis
1319 3141 1464 3214 obsequio,
1477 3139 1529 3195 sub
1546 3138 1617 3194 beati
1634 3137 1706 3193 Petri
1730 3143 1759 3193 et

956 3242 1048 3288 nostra
1065 3233 1233 3304 protectione
1255 3231 1430 3301 suscipimus,
1445 3237 1472 3285 et
1497 3226 1639 3299 presentis
1661 3225 1759 3297 scripti

957 3322 1104 3394 privilegio
1117 3325 1338 3384 communimus;
1355 3325 1506 3374 statuentes
1529 3325 1559 3371 ut
1579 3329 1759 3389 quascunque

957 3411 1157 3482 possessiones,
1186 3424 1357 3482 quecunque
1397 3408 1467 3462 bona
1512 3403 1760 3475 impresentiarum

956 3500 1029 3570 juste
1048 3508 1075 3554 et
1095 3497 1226 3554 canonice
1248 3496 1403 3568 possidetis,
1418 3503 1465 3549 aut
1487 3494 1516 3549 in
1545 3491 1665 3548 futurum
1696 3508 1761 3547 con·

106 3566 185 3628 tegra
200 3562 399 3610 conserventur
423 3570 528 3618 eorum,
554 3568 603 3624 pro
628 3570 740 3626 quorum
764 3561 905 3609 sustenta·

120 3645 125 3654 .
372 3643 377 3653 .
739 3643 745 3654 ,
880 3642 885 3655 ,
958 3584 1544 3655 cessiounerootiiieum,largitioneregtrm
1557 3580 1761 3651 velpriucipum

107 3652 180 3742 ²¹⁰⁰?
196 3652 222 3698 et
234 3644 454 3714 gnbernaumme
469 3657 601 3742 ⁰.⁰¹¹.⁰⁰⁸⁸⁸
617 3650 689 3742 ω’
705 3643 799 3742 ⁰⁵¹¹J¹¹⁸
813 3659 904 3743 ΨΜ,
958 3677 1096 3733 oblatione
1112 3674 1241 3739 fidelium,
1257 3690 1304 3729 seu
1319 3673 1379 3727 aliis
1391 3671 1475 3743 justis
1503 3670 1602 3733 modis,
1618 3669 1678 3724 Deo
1694 3683 1761 3740 pro·

107 3732 198 3787 m⁰d¹⁵
211 3731 360 3802 pmfuwm’
372 3732 448 3785 sm
462 3747 589 3786 mmmm
611 3731 759 3788 d¹oe⁰⁰³⁸¹¹¹
784 3747 905 3803 ep¹s⁰⁰¹³¹
959 3765 1025 3837 pitio
1040 3763 1162 3836 poteritis
1184 3762 1309 3830 adipisci,
1326 3760 1405 3815 brma
1421 3760 1497 3817 vobis
1520 3757 1673 3830 uestrisque
1694 3772 1761 3814 suo·

108 3820 243 3919 ⁰⁸⁰⁰&
255 3819 360 3917 jusum
373 3827 400 3875 et
414 3818 577 3919 'severenm’
602 3827 629 3874 ει
650 3819 724 3875 mdis
748 3819 905 3892 ⁸9⁰⁵¹⁰¹i⁰ae
959 3853 1114 3910 cursoribus
1128 3859 1154 3906 et
1166 3850 1268 3906 illibata
1284 3857 1473 3920 permaneant.
1492 3846 1672 3903 Decernimus
1694 3859 1762 3918 ergo

109 3916 282 3965 auctoritate.
302 3909 330 3964 Sr
346 3924 400 3980 qua
416 3908 497 3980 igitur
515 3907 541 3962 iu
557 3912 698 3980 posterum
722 3907 906 3964 ecclesiastiea
960 3942 1067 3998 uinum
1081 3936 1441 3996 omninohominumliom
1456 3935 1582 3992 eumdem
1597 3935 1688 3990 locum
1717 3942 1762 3990 te·

959 4045 1035 4086 mere
1047 4027 1216 4100 perturbare,
1231 4036 1277 4082 ant
1291 4027 1350 4096 ejus
1362 4025 1569 4098 possessiomes
1585 4021 1700 4085 auferre.
1717 4021 1764 4078 vel

959 4119 1066 4175 ablatas
1079 4118 1207 4183 retinere,
1219 4117 1356 4182 minuere,
1367 4113 1552 4184 uirtutiquibus
1573 4110 1763 4167 vexationibus

110 3997 282 4053 saecularisve
300 4012 430 4067 persons,
442 3997 513 4051 hanc
525 4004 626 4052 nostrae
640 3995 842 4052 con-titutionis
858 4011 905 4066 pa·

110 4085 204 4159 giuam
220 4085 320 4145 sciens,
335 4093 429 4140 contra
445 4100 504 4139 eam
520 4091 623 4140 temere
638 4085 734 4139 venire
749 4085 904 4151 tentaverit,

110 4174 231 4230 secundo
246 4173 360 4230 tertiove
375 4176 556 4239 commonita,

110 4279 177 4336 grua
189 4272 295 4318 reatum
310 4278 389 4315 suum
401 4261 564 4326 correxerit,
581 4261 720 4330 potestatis
743 4262 907 4334 honorisque

111 4352 152 4407 sni
176 4351 309 4424 dignitate
337 4357 440 4414 careat,
469 4364 599 4420 reamque
626 4364 656 4403 se
683 4349 775 4406 divino
799 4350 906 4419 judicio

110 4441 232 4497 existere
247 4437 281 4494 de
294 4445 450 4509 perpetrata
465 4436 605 4508 iniquitate
621 4447 779 4505 cognoscat,
795 4444 822 4493 et
836 4454 851 4492 a
866 4455 907 4492 sa·
921 4441 948 4501 D

111 4528 263 4586 cratissimo
279 4542 393 4597 corpore
408 4540 441 4581 ac
457 4525 591 4597 sauguine
606 4524 657 4580 Dei
671 4535 696 4581 et
720 4526 828 4582 Domini
850 4528 906 4582 lle·

111 4615 360 4689 demptorisnostri
375 4616 440 4670 lesu
456 4614 555 4669 Christi
579 4615 670 4669 aliena
693 4614 748 4682 bnt,
775 4623 855 4688 atque
878 4616 907 4670 in

574 4188 626 4226 ⁰¹⁵¹
642 4172 829 4228 ⁵⁸¹¹⁵s⁰⁰²¹⁰¹¹⁶
844 4188 908 4228 ⁰⁰¹¹*
960 4208 1083 4280 fatigare,
1101 4206 1149 4261 sed
1174 4205 1265 4261 omnia
1295 4205 1403 4276 integra
1430 4210 1631 4258 conserventur
1655 4214 1762 4269 eorum,

960 4312 1011 4369 pro
1026 4310 1141 4367 qnorum
1156 4293 1354 4365 gubernatione
1368 4302 1394 4349 et
1408 4291 1603 4347 sustentatione
1625 4303 1763 4346 concessa

962 4393 1033 4449 suut,
1049 4383 1144 4438 usitns
1155 4382 1319 4439 omnimodis
1335 4379 1484 4453 protutura,
1498 4379 1575 4434 salva
1589 4378 1616 4432 in
1632 4376 1764 4433 omnibus

962 4471 1208 4544 apostolicaesedis
1231 4470 1400 4526 auctoritate.
1429 4468 1457 4524 Si
1486 4481 1540 4539 qua
1555 4467 1639 4539 igitur
1663 4467 1691 4521 in
1720 4466 1763 4521 lu·

960 4570 1047 4616 turum
1063 4559 1247 4616 ecclesiastica
1256 4559 1564 4628 secularisvepersona,
1576 4557 1647 4613 banc
1658 4565 1762 4610 nostrae

328 4704 333 4714 .
406 4702 412 4714 .
456 4702 461 4714 .
569 4703 574 4714 .
615 4703 621 4715 .
692 4703 698 4714 .
885 4705 890 4715 ,
960 4648 1160 4706 constitutionis
1174 4647 1304 4720 paginam
1320 4647 1420 4710 sciens,
1446 4652 1540 4700 contra
1568 4659 1629 4699 carm
1657 4651 1763 4700 temere

111 4714 233 4762 extremo
248 4720 371 4760 examine
385 4704 515 4758 dtstrrctte
527 4702 622 4759 ultrour
638 4703 787 4772 suanceat.
798 4703 907 4760 Cunctis
960 4738 1054 4794 venire
1081 4738 1235 4803 tentaverit,
1252 4735 1371 4792 secundo
1399 4735 1513 4789 tertiove
1537 4732 1713 4801 commonita,
1739 4748 1762 4804 Si

110 4791 772 4895 ωιοφωάοωῗθοίὓειωΨᾸΠΓΗΕΓῊΠΨΒ
796 4800 830 4846 ⁸¹¹
854 4808 906 4863 ΡΜ
961 4842 1016 4882 non
1033 4823 1216 4880 satisfactione
1245 4839 1366 4896 congrue
1394 4821 1586 4887 emendaverit,
1603 4820 1762 4892 protestaris

110 4885 219 4940 D⁰m¹¹¹¹
235 4890 323 4981 ⁰9³1*
336 4882 406 4980 ¹⁹⁵⁰,
416 4881 525 4979 ffhmu'
543 4889 681 4978 mmmm,
693 4882 779 4978 ΨΜ
789 4879 907 4981 s¹'¹¹‚⁶¹¹¹¹,¹¹
961 4913 1125 4985 honorisque
1140 4912 1181 4967 sui
1195 4912 1327 4984 dignitate
1340 4920 1442 4978 careat,
1458 4925 1586 4981 reamque
1607 4925 1637 4964 se
1666 4908 1763 4965 divino

111 4973 190 5028 ΝΜ
205 4980 319 5070 ⁸⁰¹¹⁰.¹¹¹⁵
334 4975 499 5067 pempfflm'.
511 4975 538 5068 et.
561 4967 632 5066 “md
656 4968 807 5024 mmmm
830 4969 906 5038 'um'
959 5003 1064 5072 judicio
1079 5003 1197 5059 existere
1210 5001 1245 5055 de
1261 5008 1414 5070 perpetrata
1432 4999 1571 5070 iniquitate
1598 5005 1762 5070 cognoscat,

111 5076 171 5117 ⁰⁸⁰¹
185 5074 296 5131 praemm
310 5067 421 5114 aemnae
440 5072 516 5129 μω
530 5063 678 5112 mmm·
694 5059 791 5122 ΛΜ
816 5072 905 5124 ‘men'
961 5099 986 5147 et
1001 5108 1016 5147 a
1030 5089 1219 5147 sacratissimo
1234 5104 1351 5160 corpore
1366 5104 1399 5144 ac
1409 5087 1541 5161 sanguine
1555 5085 1604 5142 Dei
1615 5095 1642 5141 et
1652 5085 1763 5141 Domini

111 5164 201 5203 'men'
962 5177 1253 5251 Redemptorisnostri
1280 5180 1344 5233 lesu
1372 5176 1474 5232 Christi
1503 5173 1651 5231 alienabat
1679 5184 1763 5246 atque

147 5298 206 5368 Ego
233 5293 486 5354 Lugiumqmqgae
509 5294 641 5353 Emi„
668 5293 816 5367 episcopus
840 5294 907 5350 sub,
961 5269 988 5324 in
1016 5279 1136 5324 extremo
1164 5266 1290 5324 examine
1319 5265 1448 5322 districte
1475 5264 1571 5320 ultioni
1606 5263 1761 5334 subjaceat.

109 5386 221 5458 scripsi.
961 5358 1071 5414 Cunctis
1086 5365 1177 5412 auteur
1191 5355 1279 5411 eidem
1295 5354 1356 5410 loco
1365 5352 1440 5424 justa
1454 5351 1626 5408 servantibus
1648 5351 1683 5407 sit
1708 5367 1762 5424 pax

961 5445 1070 5501 Domini
1085 5446 1169 5501 nostri
1182 5445 1246 5500 lesu
1262 5443 1370 5508 Christi,
1387 5451 1519 5514 quatenus
1530 5449 1556 5496 et
1571 5441 1615 5497 bic
1642 5439 1762 5497 lrnctum

142 5539 203 5614 Ego
223 5536 374 5612 Gregorius
387 5537 530 5612 presbyter
543 5537 690 5596 cardinalis
712 5537 782 5595 tituli
806 5535 907 5594 Calixti
962 5535 1041 5591 bone
1053 5533 1168 5590 actionis
1184 5531 1334 5604 percipiant
1349 5539 1376 5587 et
1390 5529 1461 5601 apud
1470 5529 1621 5587 districtum
1635 5527 1762 5602 jadicem

108 5626 277 5703 subscripsi.
960 5621 1074 5695 praemia
1088 5625 1196 5679 eternae
1209 5621 1284 5694 pacis
1298 5617 1562 5678 inveniant.smen.
