3750 6000
158 229 212 286 8³9

851 219 944 282 tttcn
968 223 994 280 ll
1020 221 1117 283 PAPE

1755 220 1815 283 810

190 353 250 426 ligo
274 350 374 408 Lucius
397 348 544 408 Catholicae
561 347 699 407 Ecclesiae
721 347 868 422 episcopus
882 350 952 406 sub·
967 352 996 414 Α
1009 357 1111 408 terram
1124 367 1206 425 quam
1219 350 1327 408 lrabetis
1350 351 1377 408 in
1401 350 1539 411 territorio
1560 349 1694 410 Tullensi.
1710 352 1746 411 tn
1759 368 1810 410 st:-

155 457 266 515 sorrpsr.

190 532 248 603 Ego
260 528 421 586 chunradus
435 525 598 585 sabinensis
623 525 769 599 episcopus
783 526 950 600 subscripsi.

187 619 247 692 ligo
279 616 479 676 Theodewinus
510 616 540 673 S.
577 614 681 672 llulinae
711 615 858 690 episcopus
889 616 955 672 sub-

150 707 260 781 scripsi.

186 805 244 877 Ego
259 804 373 859 Ymerus
388 801 562 859 Tusculanus
575 801 720 873 episcopus
735 799 900 874 subscripsi.

185 893 246 966 ligo
274 893 427 966 Gregorius
453 891 596 963 presbyter
622 889 771 948 cardinslis
799 890 830 946 tit
856 887 954 946 calixti

149 982 309 1053 subscripsi.

183 1071 245 1144 Ego
259 1069 359 1127 Gwido
377 1068 518 1142 presbyter
536 1067 696 1126 cardinalia.
712 1066 753 1124 tit.
780 1068 810 1124 S.
833 1068 953 1140 Chryso·

148 1158 215 1236 goni
229 1158 389 1230 subscripsi.

185 1249 244 1322 ligo
260 1247 394 1305 llainerus
417 1246 564 1319 presbyter
590 1244 750 1304 cardinalis.
776 1245 818 1301 tit.
839 1243 868 1300 S.
889 1243 952 1301 Ste·

150 1338 235 1411 phani
249 1337 277 1393 iu
292 1336 378 1393 Coelio
392 1343 485 1392 monte
499 1335 661 1408 subscripsi.

185 1429 247 1500 ligo
273 1426 424 1498 Gregorius
449 1424 580 1480 diaconus
609 1422 756 1481 cardinalis
785 1422 951 1479 Sanctorum

149 1515 239 1587 Sergii
254 1524 281 1572 et
294 1514 394 1571 Bacchi
410 1513 571 1585 subscripsi.

185 1604 247 1677 ligo
278 1602 343 1661 Otto
375 1603 508 1659 diaconus
530 1599 677 1658 cardinalis
699 1599 731 1659 S.
767 1598 882 1673 Georgii
915 1597 952 1655 ad

151 1693 250 1752 Velum
262 1695 381 1748 dureum
397 1689 557 1762 subscripsi.

185 1791 246 1862 Ego
261 1788 439 1846 Gebehardus
451 1787 585 1844 diaconus
598 1784 758 1843 cardinalis.
777 1783 805 1841 S.
821 1781 914 1840 liariae
922 1781 950 1838 in

153 1879 297 1936 Dominica
311 1875 476 1948 subscripsi.

184 1968 244 2042 ligo
259 1968 355 2024 Petrus
374 1965 508 2022 diaconus
532 1963 563 2021 S.
581 1962 676 2019 liarlae
697 1960 726 2017 in
754 1960 863 2018 Porticu
878 1960 948 2017 sub·

149 2073 204 2116 sort
226 2074 260 2112 sr.

180 2074 250 2214 niu
264 2154 405 2213 lateranis
430 2171 480 2226 per
494 2169 605 2209 manum
628 2151 741 2210 liaconis
752 2149 889 2224 capellani
915 2157 944 2206 et

150 2245 292 2319 scriptoris
306 2260 345 2300 xrr
367 2243 481 2300 Kalend.
503 2242 605 2314 April,
630 2241 726 2298 indict.
751 2257 798 2297 vn.
815 2240 948 2295 lucarna-

148 2335 231 2394 tionis
245 2333 395 2391 Dominioae
407 2347 479 2388 anno
494 2333 570 2401 llis,
586 2329 759 2404 pontificatus
770 2343 836 2387 toro
847 2326 949 2383 domini

150 2424 226 2482 Lucii
240 2438 319 2497 papae
332 2437 407 2479 suno
423 2437 443 2477 r.

526 2535 576 2590 lli.

222 2652 405 2724 Priviicgium
416 2665 467 2723 pro
480 2649 658 2722 perileucos
672 2648 876 2705 ltomoricensi.

381 2752 460 2805 Anno
477 2749 557 2803 tttt.
574 2747 655 2802 llart.
670 2751 716 2805 22.

274 2865 358 2938 idoli.
375 2860 483 2920 Clerici.
501 2859 577 2928 xllt,
591 2862 731 2930 lustrum,
749 2859 822 2932 tos}

185 2967 288 3022 Lnarns
302 2961 459 3035 episcopus,
474 2975 575 3016 aeruna
588 2974 731 3015 serrorum
747 2957 796 3014 Dei
807 2955 913 3013 dilectis
921 2955 948 3011 in

1010 447 1065 498 tem
1080 441 1107 497 in
1120 440 1277 498 monialium
1292 442 1447 498 recessibus
1461 441 1587 514 populari
1596 441 1744 500 conventui
1756 456 1810 500 ac·

1008 546 1105 587 cessus
1115 547 1171 587 non
1185 539 1286 602 pateat,
1303 531 1338 586 ab
1352 530 1483 604 episcopo
1498 531 1591 604 aliquo
1604 530 1707 588 missas
1720 529 1811 603 publi·

1008 635 1055 676 cas
1069 619 1135 675 inibi
1149 619 1294 688 celebrari,
1317 628 1365 676 aut
1387 635 1480 676 rerum
1501 619 1624 691 ejusdem
1641 617 1695 677 toci
1708 619 1809 692 dispo·

1009 708 1137 765 sitionem
1155 707 1212 764 lieri
1227 708 1414 781 probibemus,
1438 707 1591 766 nisiabeo
1606 707 1738 782 quemad
1754 709 1810 766 boe

1009 806 1133 878 ejusdem
1147 806 1200 864 loci
1215 806 1352 863 abbatissa
1368 807 1411 864 tel
1430 823 1553 865 sororum
1567 814 1719 865 conventus
1733 806 1809 863 inri-

1008 896 1243 956 taveritzclrrisma
1255 895 1429 965 uero,oleum
1442 895 1807 964 nactumcoaserrartoues

1007 987 1142 1057 altarium,
1166 985 1350 1055 basilicarum,
1373 985 1560 1042 ordinationes
1580 984 1743 1043 clericorum
1758 983 1808 1058 qui

1006 1076 1041 1132 ad
1054 1091 1149 1133 sacros
1163 1074 1275 1132 ordines
1289 1073 1390 1131 inerint
1405 1073 1593 1146 promovendi,
1609 1088 1626 1131 a
1640 1088 1807 1147 quocunque

1008 1165 1148 1222 Catholico
1162 1162 1319 1220 malueritis
1333 1163 1487 1235 suscipiatis
1502 1163 1644 1235 episcopo,
1657 1162 1705 1236 qui
1718 1160 1805 1218 nimi·

1007 1270 1067 1311 runt
1081 1254 1196 1324 gratiam
1217 1261 1245 1309 et
1263 1252 1483 1309 communionem
1498 1252 1572 1309 sedis
1585 1251 1741 1324 apostolicae
1753 1252 1808 1306 ba-

1007 1344 1087 1408 bean
1101 1351 1127 1400 et
1141 1343 1165 1398 si
1186 1341 1337 1414 aliquando
1361 1350 1473 1414 rogatus
1491 1341 1636 1414 episcopus
1662 1348 1808 1398 monaste·

1007 1432 1076 1489 rium
1090 1431 1247 1499 accesserit,
1262 1446 1316 1486 non
1345 1430 1426 1489 licent
1448 1430 1492 1487 uel
1512 1430 1548 1487 de
1572 1428 1740 1487 ornamentis
1759 1428 1807 1485 uel

1005 1520 1188 1579 derasisse
1211 1519 1375 1593 quibuslibet
1397 1519 1478 1576 rebus
1505 1519 1654 1593 quidquam
1682 1515 1736 1574 sibi
1760 1517 1805 1575 ael

1005 1634 1138 1692 magnum
1162 1616 1206 1674 rel
1234 1616 1367 1690 exiguum
1394 1632 1536 1689 usurpare,
1565 1615 1614 1672 sed
1639 1630 1729 1688 neque
1759 1630 1808 1671 ar-

964 1706 1206 1778 Bcbiepiacopos,
1236 1721 1324 1777 neque
1351 1705 1563 1773 archidiaconos,
1595 1719 1683 1777 neque
1714 1703 1806 1776 ipsun

1003 1796 1188 1854 dioecesanum
1221 1795 1391 1866 episcopum,
1417 1809 1507 1866 neque
1535 1808 1680 1866 personam
1709 1808 1808 1865 quem·

1002 1885 1069 1943 libet
1098 1885 1124 1940 in
1157 1883 1254 1941 eodem
1288 1884 1457 1941 monasterio
1494 1881 1644 1955 potentiam
1672 1897 1807 1940 exercere

1002 1984 1195 2059 permittimus.
1225 1982 1406 2039 Prohibemus
1438 1983 1519 2038 etiam
1552 1998 1588 2038 ne
1615 1980 1685 2037 inira
1717 1995 1804 2036 unam

1002 2073 1109 2131 leucam
1141 2090 1156 2129 a
1188 2071 1354 2129 monasterio
1378 2071 1459 2128 liceat
1485 2070 1567 2128 slicui
1590 2069 1719 2127 invadere
1748 2068 1805 2126 ali-

1003 2179 1095 2236 quem,
1117 2162 1160 2219 uel
1181 2162 1242 2233 ejus
1265 2176 1320 2217 res.
1345 2159 1470 2217 Obeunte
1499 2175 1564 2217 tero
1588 2167 1624 2226 te,
1648 2173 1721 2216 nuuc
1741 2157 1804 2230 ejus

1002 2252 1056 2310 loci
1066 2252 1206 2308 abbstirsa
1222 2249 1266 2307 uel
1285 2249 1408 2322 quelibet
1422 2264 1517 2305 earam
1541 2264 1603 2322 quaa
1617 2253 1720 2320 postte
1735 2264 1805 2304 suc-

1001 2349 1145 2413 cesserint,
1173 2346 1251 2403 nulls
1278 2345 1335 2403 illio
1361 2345 1452 2420 sliqus
1480 2343 1665 2418 subreptionis
1691 2343 1804 2412 astutis,

1002 2454 1050 2495 seu
1065 2435 1194 2494 uiolentia
1208 2441 1387 2507 proponatur,
1409 2434 1461 2489 nisi
1477 2434 1526 2491 Dei
1547 2435 1672 2491 timorem
1687 2441 1713 2489 et
1728 2432 1804 2490 beati

1002 2525 1140 2584 Benedicti
1156 2523 1288 2598 llegulam
1311 2522 1454 2596 elegerint,
1474 2522 1563 2580 electa
1576 2537 1642 2580 vero
1657 2522 1693 2580 ob
1707 2521 1802 2595 perci-

1001 2624 1101 2697 pienda
1134 2620 1332 2679 benedictionis
1359 2619 1494 2693 mysteria
1525 2619 1652 2678 Romano
1680 2617 1805 2692 pontifici

1001 2721 1192 2787 praesentetur,
1207 2727 1269 2785 quae
1292 2709 1317 2765 si
1332 2707 1400 2766 lorte
1414 2725 1430 2765 o
1445 2708 1564 2782 sepulcri
1583 2708 1691 2766 tramite
1706 2707 1805 2765 deris·

1003 2803 1083 2869 verit,
1111 2798 1368 2874 apostolicaesedis
1392 2798 1609 2856 correctionibus
1633 2797 1803 2871 subjscabit.

1002 2900 1154 2974 Episcopus
1181 2907 1269 2956 auteur
1296 2898 1358 2955 sine
1388 2898 1502 2955 Romani
1530 2897 1666 2971 pontilicis
1690 2896 1803 2955 licentia

1002 2991 1139 3047 adversus
1163 3005 1222 3046 earn
1247 3003 1377 3045 exercere
1399 2987 1518 3058 aliquam
1533 2985 1801 3044 animadversionem

148 3053 257 3113 Christo
273 3051 383 3107 filiabus
394 3049 484 3107 iudith
506 3048 654 3105 abbatissae
668 3045 872 3105 Romarieensis
885 3061 950 3103 mo·
965 3072 991 3138 G
1005 3094 1059 3135 non
1074 3086 1232 3151 prmum
1250 3076 1296 3133 Ad
1310 3075 1440 3132 indicium
1453 3084 1544 3133 amem
1559 3083 1705 3149 percepm
1720 3091 1737 3132 ι
1752 3075 1808 3133 Ro·

152 3142 278 3211 casterii,
299 3155 392 3211 eyusve
412 3137 555 3194 sororibus
582 3143 637 3192 tam
661 3135 841 3209 praesentibus
869 3150 952 3208 quam

149 3232 246 3292 iuturis
262 3229 415 3305 regularem
431 3227 515 3285 vitam
532 3226 666 3298 professis
670 3261 947 3281 .........

186 3324 213 3378 ll
232 3360 359 3380 .....
380 3317 455 3374 Licet
470 3332 504 3371 ex
518 3314 642 3384 injuncto
666 3313 746 3369 nobis
760 3311 849 3370 officio
864 3312 952 3370 eccle·

152 3412 254 3469 siarum
268 3407 390 3465 omnium
411 3417 505 3461 curam
529 3418 629 3477 gerere
654 3402 810 3472 debeamus,
831 3417 884 3473 pro
899 3402 951 3456 illis

151 3509 240 3558 tamen
256 3495 391 3563 ecclesiis,
409 3509 470 3565 quse
484 3492 518 3547 ad
541 3492 587 3562 jus
606 3491 677 3547 beati
703 3491 774 3547 Petri
797 3490 953 3562 specialiter

151 3587 296 3663 pertinent,
320 3599 371 3639 nos
395 3582 536 3647 conuenit,
564 3579 738 3636 sollicitiores
766 3578 895 3646 existere,
925 3585 953 3634 et

152 3692 249 3736 earum
263 3673 347 3747 quieti
370 3679 397 3728 et
411 3669 517 3726 utilitati
537 3667 664 3741 diligenti
689 3667 779 3723 studio
794 3668 950 3739 prouidere.

150 3769 314 3838 lispropter,
329 3760 434 3817 dilectae
448 3759 476 3814 in
491 3757 608 3815 Domino
622 3756 695 3826 tiliae,
718 3755 818 3813 restris
831 3757 952 3812 rationa-

151 3855 256 3913 bilibus
269 3848 498 3925 postulationibus
513 3853 622 3918 gratum
632 3847 787 3917 praebentns
796 3860 950 3914 assensum,

151 3942 347 4003 Romariceaae
361 3936 556 3994 monasterium
569 3936 597 3990 in
612 3949 666 4006 quo
681 3934 776 3990 diuino
790 3935 952 4004 mancipate

152 4042 218 4100 estis
231 4037 375 4112 obsequio,
399 4037 451 4093 sub
471 4034 631 4107 apostolicae
652 4031 727 4088 sedis
742 4033 825 4088 tutela
839 4039 951 4105 protec-

151 4132 225 4190 tione
248 4126 426 4199 suscipimus,
453 4131 480 4181 et
507 4121 651 4195 pressantis
684 4120 779 4192 scripti
808 4120 951 4192 privilegio

151 4228 363 4289 communimus.
387 4222 538 4279 statuimus
561 4219 678 4277 enimet
693 4217 767 4274 idem
782 4218 950 4288 coenobinm,

149 4320 227 4392 justa
237 4312 406 4372 venerabilia
416 4312 654 4382 predecessorum
664 4315 820 4365 nostrorum
829 4307 950 4380 decreta,

153 4409 205 4465 sub
219 4404 332 4478 speciali
348 4416 459 4472 semper
472 4398 631 4471 apostolicas
643 4397 718 4454 sedis
729 4397 793 4467 jure
806 4396 947 4469 persistat.

150 4495 329 4568 Quaecunque
342 4490 425 4548 etiam
441 4487 513 4546 idem
529 4486 720 4544 monasterium
737 4485 764 4541 in
781 4485 947 4559 prasentia·

148 4611 208 4653 rum
222 4593 295 4665 juste
309 4596 336 4645 et
349 4587 471 4661 legitime
485 4584 608 4659 possidet
621 4583 683 4640 siue
695 4584 865 4651 infuturum,
878 4597 948 4639 con-

148 4692 273 4753 cessione
288 4684 455 4760 pontificum,
480 4681 644 4738 liberalitate
669 4697 764 4754 regum
781 4680 824 4737 rel
840 4680 945 4751 princi·

149 4797 224 4854 pum,
240 4775 377 4834 oblatione
389 4773 524 4839 fidelium,
535 4788 583 4827 seu
598 4770 745 4838 aliisjustis
760 4769 859 4839 modis,
870 4768 947 4824 auxi·

148 4879 229 4935 liaute
244 4867 608 4942 Dominopoteritodipisci,
619 4865 696 4920 lrrma
706 4864 784 4920 vobis
794 4863 946 4936 vestrisque

149 4974 366 5038 succedentibus,
395 4976 422 5026 et
450 4968 554 5024 illibata
582 4970 779 5039 permaneant;
804 4963 944 5036 inquibus

147 5067 207 5122 baec
220 5062 336 5137 propriis
350 5059 476 5115 duximus
490 5055 671 5128 exprimenda
686 5053 825 5110 vocabulis
841 5069 848 5107 ε
865 5053 944 5108 terri-

147 5163 247 5220 torium
261 5158 333 5232 quod
349 5156 430 5212 babet
452 5155 642 5211 Romaricense
657 5151 849 5209 monasterium
872 5153 945 5208 Ada-

147 5250 201 5317 cei,
215 5256 242 5307 et
255 5245 378 5303 redditus
392 5245 426 5300 tle
441 5243 591 5301 bladesmei
605 5259 675 5316 quos
690 5240 811 5314 guirpuit
826 5240 944 5297 Guillel-

148 5355 210 5397 mua
221 5337 256 5394 de
266 5336 378 5398 mones,
391 5332 456 5388 rilta
465 5332 500 5388 de
511 5333 651 5396 Guoberii,
666 5330 793 5404 Candary
803 5338 942 5403 punctum,

147 5435 319 5501 landricurt,
344 5431 513 5498 basonicurt,
539 5431 755 5497 Guillonvillart,
768 5438 795 5488 et
810 5438 895 5487 terras
909 5429 943 5487 de

147 5523 305 5591 ltmasruat,
322 5535 448 5577 mansum
462 5519 609 5577 incivitate
623 5519 744 5577 'l'ullenai
759 5535 842 5594 quem
858 5519 945 5576 tenuit

146 5618 226 5692 liugn
239 5616 276 5674 de
290 5609 466 5677 Gundricurt,
481 5606 576 5667 risam
596 5624 664 5682 quas
677 5609 785 5666 bebetis
797 5608 828 5664 in
841 5608 942 5678 barro,

1006 3183 1087 3224 mans
1100 3166 1226 3224 Ecclesis
1237 3165 1374 3223 libertrtes
1385 3163 1456 3222 iutra
1465 3173 1584 3239 quatuor
1597 3180 1732 3222 annorum
1746 3179 1808 3237 spa·

1005 3264 1084 3330 tium,
1099 3278 1160 3321 cum
1175 3263 1331 3320 llustrolino
1349 3261 1431 3335 pallio
1450 3278 1552 3336 equum
1568 3262 1712 3321 candidum
1727 3261 1809 3318 nobis

1005 3363 1158 3436 nostrisque
1178 3360 1380 3420 successoribus
1417 3361 1589 3433 persolvetis.
1624 3358 1809 3418 Decernimus

1005 3468 1073 3524 ergo
1088 3459 1116 3506 ut
1127 3450 1192 3506 nulli
1207 3449 1318 3506 omnino
1333 3449 1470 3505 bominum
1495 3449 1577 3506 liceat
1591 3449 1734 3522 prralatum
1750 3463 1809 3506 mo·

1005 3540 1154 3597 casterium
1169 3546 1272 3594 temere
1290 3538 1462 3609 perturbare,
1477 3545 1524 3593 aut
1537 3538 1598 3608 ejus
1611 3537 1806 3610 possessiones

1005 3628 1113 3685 auterre
1132 3626 1175 3685 vel
1195 3626 1302 3683 ablatas
1320 3627 1450 3693 retinere,
1473 3626 1607 3696 minuere,
1625 3625 1669 3682 vel
1684 3633 1808 3682 temera·

1005 3725 1054 3782 riis
1068 3722 1254 3780 vexationibus
1282 3721 1409 3796 fatigare,
1435 3723 1485 3780 sed
1503 3721 1598 3781 omnia
1614 3722 1724 3796 integra
1739 3737 1808 3779 oon·

1005 3817 1150 3871 serventur
1163 3811 1271 3869 utilitati
1285 3828 1380 3868 eorum
1404 3829 1455 3885 pro
1470 3828 1586 3887 quarum
1601 3811 1805 3885 gubernatione

1005 3913 1031 3960 et
1046 3902 1241 3960 sustentatione
1269 3916 1402 3957 concessa
1426 3909 1499 3968 sunt,
1523 3900 1617 3958 usibus
1639 3899 1807 3958 omnimodis

1005 3991 1156 4066 protutura,
1176 3991 1254 4047 sslro
1274 3990 1432 4061 apostolicas
1460 3990 1535 4047 sedis
1568 3990 1741 4048 auctoritate.
1775 3988 1806 4046 st

1006 4089 1068 4162 quis
1090 4088 1175 4162 igitur
1193 4087 1222 4144 in
1243 4088 1363 4144 luterum
1387 4089 1610 4163 archiepiscopus
1629 4097 1674 4145 aut
1694 4088 1806 4160 episco-

1005 4195 1067 4252 pus,
1088 4177 1238 4251 imperator
1264 4184 1312 4234 sut
1343 4193 1400 4245 rer,
1435 4178 1564 4250 princeps
1591 4185 1636 4234 aut
1669 4176 1804 4246 marchio,

1005 4283 1108 4334 comes,
1130 4266 1291 4334 vicecomes,
1314 4266 1410 4337 judex,
1435 4283 1484 4324 seu
1501 4268 1593 4340 aliqua
1616 4264 1806 4324 ecclesiastica

1004 4355 1182 4413 saecularisve
1197 4371 1325 4427 persona,
1341 4357 1413 4414 hanc
1428 4364 1531 4413 nostras
1545 4354 1746 4413 constitutionis
1760 4370 1806 4427 pa·

961 4431 1100 4518 Dginsm
1115 4444 1218 4512 sciens,
1241 4451 1333 4500 contra
1357 4460 1419 4502 eam
1441 4453 1547 4502 temere
1568 4443 1661 4501 venire
1675 4450 1805 4501 tentsve·

1001 4535 1047 4603 rit,
1068 4532 1189 4590 secundo
1207 4532 1321 4590 tertiove
1348 4535 1524 4603 commonita,
1554 4533 1578 4589 si
1604 4548 1660 4589 non
1689 4531 1802 4589 satista-

1000 4631 1090 4689 ctione
1112 4645 1236 4702 congrua
1261 4630 1457 4700 emendaverit,
1482 4631 1625 4704 potestatis
1651 4630 1803 4686 honorisue

1000 4722 1044 4776 sai
1071 4719 1204 4791 dignitate
1230 4727 1333 4786 careat,
1362 4720 1504 4792 illaque...
1532 4719 1636 4792 judicio
1659 4719 1801 4776 existat...

1000 4817 1027 4865 et
1041 4824 1058 4864 a
1073 4807 1261 4864 sacratissimo
1281 4824 1396 4880 corpore
1407 4819 1433 4864 et
1443 4809 1577 4881 sanguine
1592 4807 1642 4863 Dei
1653 4815 1679 4864 et
1689 4806 1802 4865 Domini

999 4897 1190 4968 Redemptoris
1213 4896 1297 4952 nostri
1319 4899 1385 4954 lesu
1404 4898 1492 4953 aliena
1516 4894 1573 4964 irat,
1604 4904 1683 4969 atque
1706 4895 1801 4951 inex·

998 4994 1087 5043 tremo
1101 4985 1227 5042 examine
1249 4986 1378 5043 districtae
1400 4986 1496 5043 ultioni
1511 4985 1652 5057 subjaceat
1669 5000 1676 5052 ;
1693 4984 1800 5041 cunctis

997 5085 1087 5133 autern
1115 5075 1149 5131 de
1174 5076 1324 5132 venerabili
1349 5075 1410 5133 loco
1434 5092 1484 5131 suo
1498 5077 1561 5144 iura
1576 5072 1749 5130 servantibus
1764 5073 1800 5130 sit

999 5180 1056 5239 pax
1069 5164 1177 5220 Domini
1191 5165 1216 5220 J.
1229 5166 1258 5220 C.
1275 5173 1408 5238 quatenus
1423 5173 1450 5220 et
1464 5164 1508 5221 bic
1523 5163 1639 5220 fructum
1655 5163 1734 5218 bonae
1748 5177 1800 5219 sc·

998 5254 1080 5311 tioms
1096 5253 1257 5326 percipiant,
1270 5261 1296 5309 et
1310 5253 1381 5325 apud
1391 5253 1542 5310 districtum
1551 5252 1673 5308 indicem
1684 5249 1799 5323 premia

998 5351 1109 5400 [eternae
1125 5341 1201 5413 pacis
1216 5342 1365 5398 inueniant.
1381 5345 1478 5406 lmen,
1494 5357 1583 5407 amen,
1597 5356 1688 5397 amen.

1032 5431 1094 5501 Ego
1107 5431 1205 5487 Lucius
1218 5430 1364 5488 catholica
1378 5431 1510 5488 Ecclesiae
1523 5429 1684 5503 episcopus.

1032 5519 1094 5593 Ego
1108 5519 1253 5577 Conradus
1267 5520 1430 5578 Sabinensis
1441 5521 1596 5593 episcopus.

1032 5608 1094 5683 Ego
1108 5608 1312 5668 theodeurinus
1326 5610 1432 5671 Sancte
1445 5606 1554 5668 liulinao
1568 5607 1726 5684 episcopas.
