3750 6000
90 283 94 287 .
106 228 158 288 'fbf

130 356 237 441 'Datum
250 315 348 413 Ilomae'
359 357 431 430 apud
446 358 479 414 S.
497 359 604 413 Petrum
620 358 669 413 liat
684 358 756 413 Iri-aii.

468 464 542 522 XIII.

104 555 247 628 Episcopts
257 558 425 631 quibusdam
437 560 576 623 ottonem,
588 561 751 633 episcopum
769 561 903 617 Tuderti-

103 653 184 704 num,
195 639 319 709 Icpctum
327 640 604 696 suamcommcadct.
616 640 902 710 Adfidemlmrtafur.

344 736 437 803 (Anno
451 739 529 800 1130,
547 736 609 790 llaii
627 739 663 791 l.l

300 829 434 904 Idaeum,
450 831 534 897 itta..
551 850 581 887 n.
602 832 704 906 XLII]

139 926 173 981 Et
196 928 349 998 apostolicae
374 929 447 985 sedis
472 931 625 994 auctoritas,
653 940 678 986 et
705 930 902 1003 emergentium

106 1025 246 1066 causarum
269 1014 412 1070 necessitas
435 1029 486 1069 nos
509 1015 685 1086 compellunt,
700 1024 728 1070 ut
743 1015 837 1070 fratres
851 1031 903 1071 ao-

101 1105 175 1155 stros
196 1101 406 1172 circumquaque
430 1103 531 1174 positos
552 1111 578 1158 et
592 1104 687 1157 litteris
711 1101 902 1173 crebrioribus,

104 1194 132 1242 et
146 1188 234 1243 missis
247 1205 262 1243 a
273 1191 357 1246 latere
371 1199 464 1246 nostro
479 1192 577 1246 nuntiis
592 1192 731 1247 visitemus
747 1211 752 1247 :
769 1191 904 1262 praecipue

104 1291 170 1332 vero
185 1276 353 1334 Gallicanam
378 1279 524 1335 EcclcsIam
549 1289 639 1336 nostra
662 1279 788 1335 duximus
809 1280 903 1336 risita-

19 1354 22 1359 ’
105 1364 177 1420 done
190 1365 387 1439 dignissimam,
412 1383 471 1438 quae
486 1368 554 1424 inter
568 1368 686 1439 reliquas
700 1368 905 1424 Cluistiauitatis

12 1480 19 1487 -
104 1453 241 1510 Ecclesiae
252 1456 331 1510 uallis
341 1472 457 1527 unquam
469 1457 548 1512 cessit
558 1458 702 1523 erroribus,
715 1457 788 1512 nulla
798 1472 905 1529 prorsus

103 1541 191 1612 potuit
222 1543 402 1600 schismatica
435 1546 574 1616 pravitatis
606 1545 719 1601 iufamia
752 1545 902 1602 maculari:

103 1645 213 1699 semper
222 1630 249 1684 in
261 1631 340 1702 plena
351 1631 399 1688 Dei
411 1634 560 1688 constantia
575 1650 758 1704 perseverans,
776 1634 904 1690 Romanae

104 1715 232 1773 Ecclesia
247 1735 342 1790 pacem
356 1721 539 1794 unitatemque
553 1728 654 1785 tenere,
669 1738 784 1793 eamque
793 1738 902 1794 semper

104 1805 205 1860 studuit
220 1807 326 1880 magnis
342 1809 533 1880 obsequiorum
550 1810 761 1867 exhibitionibus
774 1810 901 1866 exaltare.

103 1893 255 1965 Eapropter
281 1913 363 1951 unum
391 1913 423 1953 ex
453 1898 595 1970 praecipuis
622 1899 751 1954 Itomauae
777 1898 903 1955 Ecclesiae

104 1983 242 2049 membris,
270 1986 456 2041 charissimum
481 1986 606 2044 videlicet
629 1987 739 2043 fratrem
764 1987 900 2054 Ottonem,

106 2070 283 2128 TudertInum
299 2074 457 2145 episcopum
481 2076 508 2131 iu
530 2083 634 2148 partem
653 2084 749 2133 nostrae
771 2077 901 2132 sollicitu-

103 2158 174 2214 dinis
202 2162 356 2218 assistentes
382 2163 414 2236 [s.
430 2162 610 2239 asciscentcsl,
639 2165 673 2220 ad
701 2181 749 2221 vos
777 2165 902 2221 duxImus

105 2247 298 2320 delegandum,
319 2252 404 2307 rimm
425 2253 697 2325 utiquesapientem.
743 2295 750 2309 .
793 2297 800 2309 .
839 2293 846 2309 .
890 2295 896 2308 .

104 2337 313 2409 etreligiosum,
340 2348 419 2411 atque
438 2341 473 2396 ab
495 2342 604 2397 ineante
628 2349 708 2398 astate
732 2343 758 2397 in
779 2342 902 2398 Romana

102 2423 223 2481 Ecclesia
244 2428 401 2484 eruditum:
428 2429 473 2500 qui
500 2430 647 2485 Ecclesiam
673 2439 788 2486 vestram
809 2438 836 2486 ct
854 2447 902 2487 ros

103 2511 177 2584 Ipsos
201 2530 235 2570 ex
258 2525 333 2588 purte
356 2525 447 2574 nostra
472 2517 571 2586 visitet,
597 2519 697 2575 clerum
721 2527 748 2574 et
771 2519 901 2590 populum

102 2600 245 2659 benedicat
273 2621 374 2676 vosque
403 2605 509 2676 plenius
527 2606 561 2663 de
587 2607 720 2680 hisquae
747 2607 827 2663 nobis
852 2624 902 2679 per

103 2689 153 2746 Dei
167 2693 282 2763 gratiam
304 2710 432 2765 prospere
453 2704 649 2761 successerunt,
667 2696 748 2752 faciat
762 2696 898 2753 certiores.

102 2777 152 2834 Cui
167 2780 248 2835 etiam
264 2781 391 2837 dedimus
401 2783 427 2837 in
443 2784 577 2842 mandatis
588 2791 617 2840 ut
630 2784 657 2839 iu
671 2785 792 2855 partibus
807 2785 901 2841 vestris

101 2868 216 2924 coucilia
244 2871 391 2940 celebrare,
423 2888 455 2928 ac
482 2873 504 2927 si
533 2889 586 2944 qua
604 2874 760 2929 emerserint
779 2874 897 2946 negotia,

100 2971 154 3012 una
171 2957 309 3014 vobiscum
324 2959 431 3033 debeat,
454 2960 559 3031 justitia
581 2961 726 3030 mediante,
743 2963 896 3018 terminare.

101 3042 241 3117 Rogamus
255 3048 345 3119 itaque
368 3049 561 3106 fraternitatem
583 3059 710 3116 vestram,
725 3058 755 3106 ut
776 3068 838 3108 eum
856 3062 939 3130 rec

103 3143 228 3190 verenter
250 3138 395 3208 suscipere,
417 3146 444 3193 et
467 3146 595 3210 tanquam
619 3139 719 3194 vicario
735 3148 825 3196 nostro
839 3149 898 3197 stu·

101 3221 187 3277 deatis
201 3225 323 3280 assistere
338 3233 364 3282 et
377 3225 498 3283 obedire.
516 3227 574 3283 Nec
587 3226 649 3282 fidei
665 3236 760 3284 vestrae
774 3237 899 3284 constan-

102 3309 167 3365 tiam
183 3313 361 3382 quorumdam
373 3314 530 3385 maliloquia
541 3315 583 3370 vel
591 3315 758 3388 praestigiosa
769 3317 899 3388 flgmeuta

99 3399 267 3469 perturbent,
289 3403 334 3472 qui
366 3411 427 3474 post
453 3404 684 3475 concupiscentias
706 3421 768 3460 snas
793 3415 896 3477 euntes,

101 3487 185 3543 altare
200 3488 273 3543 aliud
297 3490 325 3544 in
340 3491 461 3546 Ecclesia
482 3492 530 3547 Dei
554 3493 670 3565 erigere,
690 3502 716 3549 et
735 3494 763 3548 ln
782 3495 899 3551 tenebris

101 3574 203 3630 idolum
218 3576 350 3632 fabricare
372 3580 490 3635 cruentis
513 3581 637 3636 manibus
659 3593 896 3655 praesumpsemnt.

101 3663 181 3733 Quod
204 3664 275 3720 enim
297 3666 367 3722 eirca
391 3683 450 3733 uos,
477 3668 593 3725 Domino
612 3670 781 3741 disponente,
798 3673 898 3729 factum

102 3752 226 3818 audistis,
242 3770 297 3810 nou
311 3754 339 3810 in
354 3757 464 3829 angulo,
491 3757 534 3812 rel
549 3759 575 3812 in
590 3758 712 3825 latibulo,
735 3761 782 3817 sed
798 3762 823 3816 in
840 3763 899 3820 luce

102 3841 170 3897 etin
185 3842 339 3910 manifesto,
363 3861 397 3900 ex
421 3845 568 3902 deliberato
589 3848 700 3903 fratrum
724 3850 849 3918 consilio,
863 3852 898 3907 ab

102 3929 229 3986 aniverso
243 3932 323 3989 Urbis
346 3934 418 3990 clero
441 3942 467 3990 et
488 3935 516 3989 in
539 3937 638 4008 populo
660 3937 824 3994 celebratum
839 3956 898 3996 esse

103 4018 243 4076 novantis.
272 4021 330 4077 Nos
356 4039 402 4093 par
422 4024 473 4078 Dei
495 4025 612 4096 gratiam
632 4041 692 4095 qeoe
710 4027 793 4082 nostri
815 4027 898 4084 oflicii

103 4113 173 4172 sunt,
189 4107 217 4164 in
232 4115 287 4164 tcta
302 4110 382 4175 Urba,
408 4112 479 4166 intus
497 4120 524 4167 et
537 4122 622 4177 extra,
638 4114 760 4170 libertate
776 4117 899 4187 pleneus

102 4207 257 4264 operamur.
278 4196 345 4266 Quae
359 4200 448 4254 minus
461 4200 555 4255 litteris
575 4202 754 4267 continentur,
770 4204 840 4259 idem
855 4206 897 4261 le-

101 4289 182 4352 gatus
211 4293 301 4340 noster
328 4286 465 4342 dilectioni
491 4295 586 4344 restrae
614 4289 719 4360 plenius
745 4294 893 4351 enauabit.

102 4367 282 4442 Omnipotens
298 4375 368 4429 Deus
380 4391 429 4429 sua
443 4391 492 4430 vos
506 4375 692 4432 bencdictione
710 4379 894 4454 circumtegat,

101 4473 203 4529 suoque
217 4477 325 4530 semper
339 4461 420 4518 faciat
435 4477 528 4519 amore
541 4464 686 4520 ferventes.

137 4548 236 4603 Datum
252 4550 323 4619 apud
336 4551 465 4606 Sanctum
483 4553 588 4607 Petrum
603 4554 666 4608 Kal.
684 4555 757 4610 illaii.

460 4665 538 4722 XIV.

123 4761 254 4836 Episcopo
270 4763 383 4820 cuidam
398 4765 579 4821 commendat
596 4766 737 4838 ottonem,
754 4770 879 4840 tapetam

453 4859 550 4902 saum.

343 4940 432 5014 (duno
448 4941 527 5010 ilat,
541 4943 603 4999 Maii
620 4945 657 5015 t.)

305 5035 431 5109 ibernam,
446 5037 525 5103 tcta..
542 5056 568 5094 n.
585 5040 701 5114 XXXI]

138 5139 270 5209 Quantam
288 5142 322 5198 de
341 5143 482 5211 probitatis
504 5153 555 5202 tuae
577 5147 689 5202 solertia
703 5145 828 5204 liducIum
844 5149 898 5203 ba·

103 5228 208 5296 bemus,
225 5237 352 5300 quantum
364 5238 389 5285 te
404 5232 580 5301 amplioribus
594 5234 791 5292 benevolentiae
801 5245 898 5294 uosbae

103 5316 219 5372 brachiis
232 5318 428 5388 amplexemur,
444 5320 501 5393 ipss
517 5323 594 5380 nosti.
607 5324 787 5381 Promotionis
801 5333 898 5383 nostrae

103 5403 226 5460 ordinem
249 5406 307 5476 jam
328 5413 352 5460 te
377 5407 511 5462 credimus
536 5412 691 5483 accepisse;
720 5421 800 5484 atque
828 5431 898 5472 nunc

105 5494 206 5563 poteris
226 5510 286 5565 qua
314 5493 393 5549 nobis
415 5510 545 5569 prospera
565 5500 678 5572 largitus
700 5503 734 5557 sit
757 5503 897 5573 Dominus,

35 5636 39 5643 ,
103 5577 247 5655 indagare.

439 230 617 288 turbatrix
636 233 684 290 ab
700 232 882 290 INNOCE'III
901 232 928 288 II
946 233 1145 292 Putvttautt
1163 236 1207 290 ET
1225 234 1415 294 urtsrotas

1696 237 1750 293 ‘tat

914 355 944 419 A
993 359 1123 432 Legatum
1138 345 1271 431 ¹siquidem
1287 369 1416 424 nostram,
1440 361 1621 417 venerabilem
1642 360 1754 417 fratrem

959 447 1095 515 ottonem,
1130 450 1302 505 Tudertiuum
1335 451 1503 521 episcopum,
1536 466 1618 505 unum
1653 450 1755 505 videli-

957 545 999 593 eet
1022 553 1056 592 ex
1080 539 1223 609 praecipuis
1254 539 1382 595 Romanae
1407 540 1535 596 Ecclesia
1560 538 1699 604 membris,
1720 540 1756 594 ad

958 625 1106 681 Galliarum
1135 635 1225 696 partes
1262 628 1403 698 dirIgimus
1435 629 1479 698 qui
1512 628 1699 685 charissimum
1726 631 1756 684 et

957 714 1104 785 gloriosum
1120 714 1204 769 lilium
1220 722 1339 770 nostmm
1355 731 1459 788 regem,
1475 723 1502 771 et
1515 723 1541 771 te
1556 717 1656 787 ipsum,
1672 724 1754 786 atque

957 802 1025 859 alios
1035 803 1244 858 fratresnostros
1256 811 1282 858 et
1297 802 1366 858 filios
1376 804 1477 870 risitet;
1498 812 1523 859 et
1538 805 1650 859 destatu
1660 813 1754 860 nostro

958 890 1039 947 faciat
1057 893 1192 947 certiores.
1210 893 1238 948 Si
1252 909 1313 963 quae
1327 893 1407 949 etiam
1421 893 1447 947 in
1463 893 1582 965 partibus
1597 893 1652 948 istIs
1666 909 1752 949 cora·

958 980 1071 1052 rigeuda
1086 979 1129 1035 rel
1146 980 1328 1036 confirmanda
1352 981 1459 1047 luerint,
1476 990 1568 1037 sancto
1590 990 1756 1053 cooperante

958 1068 1069 1140 Spintu,
1098 1069 1157 1124 rice
1187 1078 1278 1125 nostra
1304 1071 1423 1142 corriget
1439 1077 1466 1125 et
1484 1069 1637 1126 continuet.
1660 1072 1754 1140 Ipsum

957 1157 1103 1228 igiturtuae
1117 1157 1252 1214 dilectioni
1276 1159 1480 1224 committimus,
1505 1167 1557 1215 tuae
1580 1160 1754 1230 potissimum

958 1246 1132 1316 experienda
1156 1248 1388 1311 commendamus,
1410 1255 1538 1321 rogantes
1565 1255 1594 1302 ut
1615 1264 1676 1303 eum
1704 1264 1755 1319 pro

957 1335 1029 1391 beati
1045 1335 1114 1391 Petri
1128 1337 1288 1404 reverentia,
1307 1345 1332 1392 et
1347 1335 1490 1392 dilectione
1504 1345 1603 1402 nostra,
1620 1337 1646 1392 in
1658 1337 1755 1392 omui-

957 1424 1009 1479 bus
1020 1441 1080 1495 quae
1093 1433 1217 1496 oportere
1230 1426 1402 1499 cognoveris,
1426 1425 1540 1496 adjuves
1559 1434 1586 1483 st
1609 1432 1752 1482 sustentes.

957 1513 1016 1570 Nec
1031 1513 1117 1568 solum
1132 1515 1155 1568 ei
1174 1512 1296 1570 officiose
1311 1515 1426 1582 assistas,
1442 1514 1490 1570 sed
1509 1522 1538 1570 at
1554 1531 1642 1571 causae
1655 1521 1755 1571 nostrae

959 1617 1050 1658 curam
1065 1602 1127 1672 ipse
1140 1603 1299 1674 suscipiens,
1315 1603 1479 1658 laboriosum
1494 1618 1544 1673 pro
1561 1603 1640 1658 nobis
1650 1603 1756 1659 sollici·

916 1711 942 1773 B
959 1690 1058 1745 tudinis
1073 1707 1141 1746 onus
1153 1691 1222 1747 eollo
1236 1699 1281 1746 tao
1296 1691 1437 1763 imponere
1449 1707 1503 1748 uon
1517 1691 1647 1764 graveris.
1664 1693 1757 1749 sciens

958 1780 1022 1850 qnia
1033 1795 1083 1835 noa
1092 1787 1142 1835 ture
1151 1780 1287 1836 charitatis
1300 1780 1443 1851 obsequiis
1456 1796 1593 1852 uunquam
1605 1781 1756 1853 experieris

957 1868 1090 1940 Ingratos.
1120 1869 1358 1938 obtemperantem
1383 1870 1494 1925 monitis
1512 1870 1609 1925 nostris
1627 1869 1757 1924 fmtemi-

957 1965 1038 2013 tatem
1051 1969 1123 2013 tuam
1136 1958 1266 2014 Dominus
1274 1973 1433 2016 conservare
1444 1958 1754 2031 difflatur-incolumem.

993 2064 1061 2119 Data
1076 2064 1148 2134 apud
1164 2065 1273 2121 Beatum
1289 2065 1396 2120 Petrum
1410 2065 1471 2122 IIal.
1487 2065 1560 2124 atati.

1322 2197 1384 2253 XV.

955 2330 996 2388 Ad
1006 2331 1168 2403 episcopam
1177 2330 1336 2402 quemdam.
1348 2360 1384 2372 -
1394 2331 1753 2405 Excasutscqaodtcrdius

1166 2410 1204 2466 cd
1217 2425 1281 2466 cum
1298 2409 1411 2467 lc'ttercs
1425 2413 1536 2467 mtttat.

1193 2525 1282 2596 (lnuo
1299 2528 1379 2592 1130,
1395 2525 1457 2581 lIaii
1473 2525 1512 2593 1.)

1145 2636 1273 2713 [Banou.,
1288 2640 1366 2706 ibid,
1382 2656 1409 2696 u.
1424 2639 1563 2713 XXXII]

990 2752 1070 2824 Quod
1090 2753 1138 2809 tibi
1162 2753 1196 2809 de
1218 2761 1288 2809 statu
1311 2762 1403 2809 nostro
1422 2761 1448 2810 et
1467 2753 1596 2811 Romanae
1623 2755 1753 2813 Ecclesiae

954 2843 1054 2898 tardius
1073 2842 1239 2913 scripsImus,
1265 2843 1346 2898 frater
1371 2843 1537 2906 charissime.
1570 2860 1605 2900 ua
1628 2844 1749 2915 mireris,

954 2931 1081 3002 quonlam
1102 2940 1128 2986 et
1147 2946 1197 2985 nos
1219 2931 1316 3003 gravis
1336 2930 1369 2985 de
1392 2933 1507 3002 suscepti
1530 2931 1669 3005 inopinata
1687 2950 1753 2991 cura

953 3021 1095 3093 regiminis
1120 3020 1242 3075 molestia
1269 3021 1411 3091 occuparit
1448 3021 1479 3075 Iu
1504 3027 1576 3077 tauta
1600 3021 1751 3079 bestiarum

953 3109 1125 3164 frementium
1149 3109 1216 3163 silva
1240 3108 1353 3163 dirersis
1383 3096 1507 3164 fluctibus
1528 3111 1622 3181 pressi,
1645 3112 1752 3183 asperis

952 3214 1043 3252 sumus
1068 3205 1208 3253 rentcmm
1234 3196 1383 3251 turbinibus
1406 3197 1512 3269 agitati.
1544 3199 1628 3254 Tanta
1646 3201 1751 3274 quippe

951 3286 1145 3358 cogitationum
1158 3302 1202 3340 me
1214 3286 1468 3357 oueradeprimunt,
1482 3293 1584 3341 tanturn
1605 3304 1749 3344 causarum

951 3375 1045 3446 flagris
1059 3374 1158 3442 illidor,
1182 3375 1261 3429 tantis
1286 3375 1454 3430 tumultuosae
1468 3375 1531 3431 vitae
1545 3378 1751 3448 tempestatibus

952 3464 1070 3534 affligor,
1085 3471 1114 3519 ut
1129 3479 1208 3518 mens
1232 3479 1293 3518 maa
1308 3463 1460 3518 nullatenus
1473 3463 1508 3518 ad
1522 3479 1638 3537 superna
1652 3481 1682 3521 se
1696 3468 1750 3523 eri-

952 3560 1008 3625 gat,
1025 3559 1052 3606 et
1066 3567 1117 3624 ego
1132 3558 1204 3606 recte
1218 3551 1337 3606 clamare
1356 3552 1503 3622 compellar
1519 3569 1525 3606 :
1552 3574 1563 3602 a
1582 3554 1646 3608 Veni
1661 3554 1690 3609 in
1705 3556 1749 3610 al-

953 3640 1092 3696 titudinem
1117 3640 1209 3706 maris,
1225 3647 1252 3694 et
1275 3647 1419 3709 tempestas
1442 3639 1569 3696 demersit
1590 3656 1634 3697 me
1657 3643 1748 3709 (Paul.

952 3733 1057 3799 exurar).
1075 3751 1086 3779 i
1106 3728 1253 3785 considero
1264 3744 1383 3799 namque
1392 3730 1437 3799 qui
1447 3745 1518 3788 sum.
1530 3728 1749 3788 etiulirmitatem

952 3834 1040 3873 meam
1056 3818 1135 3889 plana
1149 3817 1332 3882 considerans,
1344 3816 1378 3872 ad
1390 3818 1545 3889 apostolicae
1554 3818 1626 3874 sedis
1638 3819 1750 3877 culmen

951 3907 1067 3980 propriis
1090 3906 1191 3960 meritis
1211 3921 1265 3960 non
1290 3921 1369 3974 posse
1392 3907 1546 3978 pertingere
1569 3927 1575 3962 :
1605 3923 1672 3964 onus
1695 3910 1750 3967 boc

951 3995 1035 4051 malui
1064 3994 1209 4063 declinare,
1230 4010 1263 4049 ne
1282 3994 1310 4048 iu
1339 3995 1464 4065 pastorali
1483 3996 1616 4068 regimine
1634 3997 1749 4069 imparis

951 4083 1188 4140 administrationis
1212 4083 1362 4137 actionibus
1383 4083 1597 4140 succumberem.
1616 4085 1668 4141 Sed
1684 4088 1750 4158 quia

950 4173 999 4229 Dei
1014 4172 1182 4242 disponentis
1191 4170 1301 4226 arbitrio
1316 4172 1449 4226 contraire
1464 4187 1517 4226 non
1528 4181 1576 4238 cst,
1589 4173 1750 4232 obedienter

951 4267 1139 4322 sccutnssum,
1155 4259 1226 4328 quod
1251 4258 1403 4314 misericors
1422 4260 1456 4313 dc
1480 4277 1523 4314 mo
1548 4260 1750 4333 Omnipotentis

951 4366 1048 4405 manus
1061 4349 1176 4402 voluerit
1189 4348 1305 4416 operari.
1329 4347 1396 4402 Cum
1419 4364 1485 4420 ergo
1500 4350 1622 4406 ecelesia
1634 4367 1749 4408 consue·

910 4420 936 4479 D
952 4439 1015 4493 tudo
1031 4443 1162 4509 posceret,
1178 4444 1205 4489 et
1220 4434 1392 4490 beatitudinis
1417 4445 1468 4491 tuae
1489 4436 1597 4493 dilectio
1612 4454 1663 4494 nos
1675 4440 1747 4496 inci-

953 4534 1028 4593 taret,
1044 4523 1198 4580 curavimus
1222 4540 1275 4578 uon
1298 4524 1385 4578 solum
1400 4526 1506 4593 scriptis
1520 4527 1678 4582 fraternitati
1694 4537 1747 4587 tuae

951 4614 1087 4670 charitatis
1102 4621 1128 4667 et
1142 4613 1267 4668 amicitias
1290 4621 1352 4668 vota
1376 4614 1540 4684 persolvere,
1555 4614 1699 4672 sedetiam
1714 4620 1749 4675 de

952 4703 1121 4775 promotione
1136 4709 1235 4767 nostra,
1252 4702 1323 4771 quod
1336 4700 1516 4758 desiderabile
1532 4704 1579 4759 tibi
1594 4705 1746 4763 fuissecre·

951 4793 1051 4858 dimus,
1066 4807 1115 4864 per
1128 4791 1239 4847 latorem
1253 4790 1425 4861 praesentium
1442 4792 1623 4848 venerabilem
1634 4794 1746 4852 fratrem

952 4889 1071 4938 nostrum
1086 4879 1213 4937 ottonem
1227 4879 1402 4934 Tudertinum
1421 4879 1589 4953 episcopum,
1605 4898 1621 4938 a
1635 4882 1748 4942 domino

952 4976 1045 5026 sancto
1055 4968 1253 5040 praedecessore
1266 4975 1356 5023 nostro
1368 4969 1487 5023 Paschcli
1498 4985 1569 5040 papa
1579 4971 1745 5043 ordinatum,

952 5058 1081 5114 iudicare.
1097 5061 1157 5130 lpse
1174 5056 1282 5127 quidem
1307 5064 1333 5111 et
1352 5055 1386 5113 de
1405 5057 1447 5112 bis
1462 5074 1523 5128 quaa
1536 5059 1608 5130 apud
1624 5076 1672 5116 nos
1685 5071 1748 5119 acta

952 5155 1023 5213 suut,
1048 5164 1095 5202 seu
1115 5146 1149 5202 de
1172 5153 1239 5201 statu
1263 5145 1341 5200 L'rbis
1364 5153 1389 5201 at
1412 5147 1549 5215 Ecclesiae,
1565 5156 1663 5219 quantu
1683 5151 1748 5220 ple-

951 5237 1012 5291 nius
1026 5235 1108 5298 novit,
1125 5240 1198 5291 tauto
1212 5234 1386 5304 experientia
1401 5242 1452 5290 tuae
1467 5237 1565 5307 poterit
1575 5237 1748 5296 veriusenar·

951 5340 1021 5381 rare.
1037 5324 1108 5380 Saue
1121 5323 1155 5378 de
1170 5323 1299 5381 electione
1319 5330 1418 5392 nostra,
1434 5340 1495 5394 quae
1509 5341 1525 5379 a
1540 5325 1666 5382 fratribus
1684 5344 1747 5384 nos-

952 5413 999 5470 tris
1017 5411 1208 5479 cardinalibus,
1228 5413 1401 5484 presbpteris,
1424 5412 1583 5470 diaconibus
1597 5422 1624 5472 et
1637 5415 1749 5473 subdia·

952 5503 1065 5559 couibus
1079 5517 1196 5572 quoque,
1207 5509 1235 5557 et
1253 5501 1415 5573 primicerio,
1425 5509 1452 5556 et
1462 5502 1536 5558 omni
1551 5504 1643 5560 schola
1655 5506 1749 5575 palatii

953 5598 1093 5648 accuncto
1119 5590 1193 5649 clero
1216 5590 1349 5655 Romano,
1375 5598 1517 5660 expetente
1540 5592 1615 5647 omni
1632 5594 1746 5666 populo,
