3772 6006
155 241 234 307 less
611 234 811 298 wlttuttlt
833 228 1201 301 MAtMEsttttntuttSIS
1224 222 1402 291 Mousnttt
1792 217 1846 276 tta

154 381 183 433 ts
197 373 306 432 Gallico
326 375 415 432 littori
441 373 513 431 forte
535 372 688 445 appulsus,
709 372 738 428 in
763 371 975 429 Theodericum
993 371 1017 440 Α
1034 369 1121 442 cupio
1149 372 1273 424 vestram
1302 361 1490 422 reverentiam
1523 370 1717 429 mecumque
1739 357 1848 419 tractare,

154 460 575 537 regenstubroinumuucam
592 461 768 518 Francorum
783 459 976 531 incidit3qui·
1032 459 1126 531 qualis
1151 459 1179 513 in
1202 455 1331 513 Ecclesia
1353 453 1456 510 insula
1479 446 1666 516 Britannias,
1685 445 1736 502 obi
1761 444 1848 517 perlts'

153 553 208 610 bos
232 571 248 609 a
272 551 420 609 Britannia
450 551 620 607 mandatum
648 555 719 619 erat,
745 555 777 606 ut
806 549 974 605 wilfridum
1031 549 1155 621 gratiam
1180 547 1310 602 fidelium
1334 541 1490 600 multitudo
1518 536 1693 603 concrevit,
1714 550 1805 606 nuper
1823 544 1849 589 ss

152 641 321 714 episcopum
339 645 485 713 caperent,
496 648 523 695 et
534 639 704 712 spoliarent.
717 643 807 706 Quem
823 639 863 695 illi
880 655 975 695 errore
1031 642 1128 694 exorta
1152 636 1307 705 dissensio,
1323 649 1385 705 qus
1400 631 1435 688 ad
1450 646 1506 686 nos
1527 633 1594 685 tam
1621 642 1678 698 per
1703 624 1848 681 ralanonee

152 730 282 788 nominis
294 731 350 786 acti
374 730 462 787 sociis
486 730 591 786 occisis
606 733 635 785 et
650 730 738 786 rebus
761 729 876 799 ablatis,
895 729 975 785 abire
1031 727 1089 783 huc
1111 725 1337 789 advenientium,
1361 737 1445 793 qrram
1469 735 1524 791 per
1553 716 1747 787 scriptorum
1770 713 1848 771 serias

151 818 292 878 siverunt.
319 820 384 876 Luit
410 836 477 892 ergo
505 819 554 874 ille
582 819 801 891 ambiguitatem
831 819 973 885 vocabuli,
1031 818 1128 874 delata
1161 823 1214 871 est.
1244 814 1375 870 Andreas
1403 807 1686 867 reverendissimus
1717 804 1848 860 Hosticum

150 909 339 981 alienumque
365 908 528 982 perieulum
552 926 606 966 suo
630 910 787 978 redimens,
809 909 853 966 vel
878 911 975 967 nudus
1030 892 1846 980 episcopusetloannesPortuensisepiscopusdixeronl:

34 1028 37 1033 ·
149 1001 278 1073 profugit
295 1018 311 1057 a
326 1001 499 1058 latronibus.
514 1000 729 1068 attellamus,
746 1002 832 1073 quus
847 1003 973 1073 proden-
1031 997 1168 1055 Omnium
1191 996 1299 1067 qnippe
1322 990 1520 1048 Ecclesiarum
1547 985 1714 1044 ordinatio
1730 983 1759 1040 in
1774 990 1845 1039 reses

149 1093 220 1148 tiam
237 1091 388 1149 hostilium
400 1093 590 1149 consiliorum
608 1093 750 1150 machine
767 1110 822 1150 non
840 1093 972 1157 laterent,
1029 1086 1194 1160 apostolicae
1220 1080 1403 1140 auctoritatis
1425 1079 1535 1152 pendet
1551 1074 1701 1143 arbitri⁰s
1718 1074 1768 1146 ‘lui
1780 1074 1843 1130 Μ

150 1179 343 1238 leviFavonio
368 1183 561 1253 provectusin
580 1183 682 1248 altum,
700 1200 801 1255 proras
819 1183 973 1240 tusorum
1029 1176 1104 1232 beati
1130 1174 1205 1230 Petri
1228 1171 1349 1245 apostoli
1379 1168 1490 1240 geritis,
1507 1181 1622 1223 verum
1652 1168 1683 1221 et
1710 1179 1763 1219 nos
1781 1180 1843 1233 nopn

149 1269 284 1339 obvertit,
302 1274 334 1327 ut
348 1271 470 1327 Frisiam
487 1272 635 1342 navigaret
648 1288 655 1338 ;
667 1276 893 1345 exceptusquea
910 1289 974 1344 rege
1029 1263 1251 1322 considentibus
1277 1258 1466 1331 ⁰00l³l⁸⁰⁰lff³=
1487 1261 1518 1313 θῖ
1539 1254 1738 1312 ⁰⁰¹¹s⁸m⁰¹i⁸
1759 1253 1841 1321 ΠΜ

151 1362 180 1414 et
201 1360 308 1431 populo
332 1361 502 1426 honorifice,
519 1360 627 1416 ibidem
644 1361 780 1429 hiemem,
798 1380 861 1435 qua
878 1363 972 1419 immi·
1024 1358 1112 1429 jusso
1129 1360 1223 1412 vestro
1238 1352 1396 1423 relegimus
1412 1347 1527 1419 singula
1538 1349 1679 1419 scripta,
1691 1360 1757 1416 (1⁰³³
1766 1343 1840 1399 ‘³035‘
1885 1408 1886 1436 3

152 1447 249 1516 nebat,
266 1449 371 1521 exegit.
388 1449 600 1505 commercium
622 1450 835 1522 miserandum,
852 1457 884 1507 ot
899 1452 975 1507 inter
1030 1447 1132 1502 tannia
1147 1442 1242 1499 insola
1257 1441 1359 1497 directi
1386 1437 1545 1510 apostolico
1575 1440 1684 1492 vestro
1711 1432 1840 1505 conspeetu

151 1537 290 1594 barbaros
309 1537 400 1594 tutius
417 1554 503 1609 qoam
521 1537 599 1595 inter
613 1557 682 1595 suos
698 1539 816 1609 viveret,
834 1542 975 1611 ejectura
1031 1534 1209 1601 detulerunt,
1221 1536 1279 1587 tam
1296 1546 1339 1596 ea,
1353 1544 1415 1600 qua
1431 1544 1464 1583 2¹
1479 1542 1617 1598 l³⁰mona
1634 1522 1839 1582 rssvmfldlffli

151 1627 255 1700 patria,
271 1626 395 1683 dilectos
410 1627 440 1682 in
457 1627 558 1683 frisia.
582 1629 726 1686 Continuo
748 1629 837 1700 igitur
851 1632 886 1685 ad
903 1647 974 1701 pra·
1030 1620 1239 1695 archiepiscopi
1256 1619 1324 1675 olim
1341 1616 1488 1680 hincilluc
1502 1615 1538 1671 flb
1556 1614 1737 1688 ⁸p0810¹i⁰⁸
1751 1613 1839 1669 ”illst

152 1714 327 1771 dicationem
353 1717 416 1786 ejus
440 1716 595 1789 Adalgisus
611 1734 659 1774 rex
673 1717 811 1791 gentilem
829 1724 974 1776 tumorem
991 1698 1014 1763 Β
1032 1715 1100 1771 recti
1128 1715 1217 1769 missa
1244 1715 1322 1777 suut,
1346 1708 1506 1766 aliorumve
1533 1705 1713 1765 relationes
1740 1705 1840 1762 adrem

149 1802 287 1872 inflexus,
303 1803 461 1861 faciliorem
479 1805 507 1861 in
524 1812 640 1864 ceteros
664 1807 878 1879 praedicationis
899 1809 972 1864 viam
1030 1804 1185 1876 quemdam
1215 1801 1385 1873 episcopum
1413 1795 1710 1869 subterfugientem,
1734 1802 1764 1850 ut
1782 1794 1839 1855 sittt

150 1893 273 1965 aperuit.
290 1893 373 1950 Hunc
389 1896 423 1950 ad
441 1911 540 1952 necem
566 1896 609 1952 vel
634 1896 833 1967 expulsionem
856 1897 907 1954 riri
923 1897 974 1953 Dei
1030 1910 1117 1967 qoam
1135 1910 1179 1958 ea,
1196 1908 1259 1964 quaa
1276 1907 1292 1946 a
1307 1889 1441 1944 Wiifrirlo
1456 1887 1515 1944 Deo
1530 1885 1665 1943 amabili
1682 1890 1788 1942 sancte
1800 1883 1841 1939 ibo

150 1980 293 2038 Ebroinus
318 1983 451 2054 epistolia
467 2000 532 2041 cum
556 1988 708 2056 tentasset,
723 2003 824 2043 aurern
848 1988 975 2043 immen—
1031 2001 1103 2040 raras
1114 1981 1249 2038 Ecclesia
1261 1980 1396 2052 episcopo
1408 1976 1505 2033 oblata
1517 1980 1592 2031 sunt
1606 2000 1615 2043 ;
1627 1975 1685 2047 qui
1698 1975 1735 2032 de
1746 1975 1840 2030 susm

149 2088 216 2130 sum
233 2073 392 2146 pollicitos,
404 2074 505 2132 irritus
518 2075 580 2131 fuit.
593 2076 729 2133 Chartam
746 2078 824 2135 enim
841 2077 976 2133 audiente
1030 2077 1138 2146 ejectus
1154 2090 1170 2127 a
1186 2070 1394 2145 prenominato
1409 2066 1603 2122 sanctissimo
1619 2064 1685 2122 huc
1702 2080 1791 2136 usque
1802 2078 1840 2134 per

149 2163 296 2234 Wilfrido,
313 2169 340 2221 st
355 2164 489 2235 epulante
504 2166 533 2221 in
550 2166 687 2236 triclinio,
698 2166 804 2223 lectam
818 2167 975 2239 Adalgisus
1030 2164 1108 2219 venit
1122 2180 1128 2217 ε
1141 2163 1169 2217 in
1182 2160 1363 2233 quibuscum
1377 2155 1484 2212 multas
1495 2154 1691 2226 questiones
1704 2155 1840 2215 insererent

150 2251 272 2325 projecit
286 2253 315 2309 in
332 2253 437 2326 ignem,
455 2255 574 2311 dicens:
591 2256 637 2312 Sic
653 2257 764 2322 ardeat,
785 2257 833 2327 qui
858 2261 975 2327 pactum
1032 2269 1126 2325 neque
1141 2258 1307 2308 sanctorum
1333 2261 1477 2304 canonum
1504 2243 1685 2300 subtilitate
1711 2244 1841 2301 constans

153 2357 218 2397 cum
243 2342 336 2397 emico
360 2343 467 2399 initum
489 2361 539 2415 pro
562 2345 623 2400 auri
649 2344 808 2416 cupiditate
832 2344 975 2400 dissolvit.
1032 2363 1098 2402 eum
1125 2344 1273 2416 aliquibus
1299 2339 1485 2410 facinoribus,
1503 2343 1531 2394 et
1547 2339 1619 2395 ideo
1644 2356 1711 2397 non
1737 2336 1845 2394 eathdie

151 2432 278 2503 lamque
289 2447 320 2486 se
331 2447 418 2487 verna
429 2433 583 2505 tempestae
600 2433 749 2505 aperiebat
760 2434 788 2489 in
801 2433 897 2501 flores,
909 2449 976 2489 cum
1032 2433 1179 2504 dejectum
1205 2431 1379 2502 reperimus,
1396 2442 1489 2500 neque
1514 2442 1586 2482 eum
1614 2424 1727 2499 aliqua
1751 2424 1845 2482 laeinon

156 2517 306 2577 Wilfridos
322 2520 425 2577 itinere
441 2522 597 2594 reincoepto
612 2524 646 2578 ad
662 2523 854 2593 Dagobertum
881 2539 976 2593 regem
1033 2527 1218 2594 perpetrasse
1232 2529 1415 2578 accusatores
1430 2520 1493 2590 ejus
1508 2517 1610 2574 verbis
1628 2517 1765 2590 propriis
1777 2521 1847 2572 cetea·

156 2606 433 2664 transrhenanorum
458 2609 635 2666 Francorum
651 2613 737 2667 veuit.
755 2612 782 2667 Ia
799 2629 855 2668 non
872 2613 979 2669 imme·
1033 2614 1149 2680 derunt,
1176 2629 1227 2683 pro
1252 2611 1361 2682 quibus
1385 2606 1539 2681 degradari
1567 2606 1758 2673 debuisset;
1780 2605 1847 2678 patin

157 2710 231 2762 mor,
247 2697 323 2766 quod
339 2711 406 2752 eom
422 2699 568 2768 quondam
586 2699 710 2756 faotione
726 2707 896 2773 magnatum
914 2703 978 2775 pul·
1033 2709 1131 2760 autem
1148 2704 1177 2757 et
1198 2701 1367 2757 modestiam
1385 2698 1472 2754 hunc
1494 2695 1636 2754 tenuisse
1664 2696 1846 2769 cognorimus:

156 2799 233 2851 sum,
249 2788 277 2838 et
288 2784 324 2839 dc
338 2783 476 2841 Hibernia
491 2787 525 2841 nd
542 2803 571 2842 se
584 2789 744 2844 venientem
761 2789 886 2860 hospitio
903 2806 978 2846 rece·
1034 2792 1111 2865 quod
1128 2807 1186 2846 non
1201 2789 1347 2846 seditiosis
1363 2787 1539 2860 quibusdam
1568 2785 1846 2842 decertationibus

155 2872 280 2943 paritet
295 2872 378 2943 equis
393 2873 536 2947 sociisque
552 2877 687 2947 adjutum
704 2878 803 2948 patrie
820 2878 976 2947 remiserit,
1032 2873 1847 2949 immiscuit,seddasnasoderepulsus,coepiseopissuia

154 2958 280 3031 benigna
304 2959 414 3029 habuit,
439 2962 596 3035 multisque
621 2966 757 3036 precibus
781 2966 920 3039 fatigavit,
946 2971 977 3023 ot
1034 2970 1654 3036 factimerituminnotescens,memoratus
1670 2962 1848 3023 Deoamabilit

154 3048 333 3120 provinciam
360 3054 540 3109 remanentia
560 3070 614 3109 sua
632 3055 812 3128 dignaretur,
829 3057 977 3129 episcopo·
996 3015 1018 3083 C
1035 3059 1188 3116 Wilfridos
1215 3059 1372 3131 episcopus
1401 3056 1459 3113 huc
1480 3056 1516 3112 ad
1546 3055 1657 3111 sedem
1686 3054 1849 3127 apostolicus

155 3141 217 3194 tom
233 3137 482 3213 stroeburgensem
500 3142 657 3216 accipiens.
674 3147 745 3201 Com
761 3145 811 3201 ille
827 3155 978 3219 rogantem
1034 3150 1170 3207 accurrit.
1188 3147 1301 3219 Agatho
1326 3145 1527 3202 sanctissimus
1549 3159 1585 3199 ac
1609 3147 1662 3200 ter
1686 3142 1850 3201 beatissiruu

154 3227 192 3284 ad
207 3229 330 3285 reditum
342 3247 429 3287 suum
442 3234 476 3288 de
488 3232 581 3289 Roma
591 3234 762 3305 distulisset,
775 3253 840 3292 cnm
852 3237 978 3292 Deodato
1033 3238 1188 3311 episcopus
1204 3235 1337 3292 Ecclesiae
1353 3233 1502 3290 catholicae
1523 3239 1614 3303 atque
1639 3231 1807 3304 apostolice
1818 3244 1850 3284 or

156 3317 293 3391 episcopo
318 3336 369 3376 suo
393 3322 464 3377 iram
490 3321 543 3393 [ol.
565 3324 618 3396 ire]
643 3325 760 3381 taxavit.
781 3326 885 3382 Sociali
910 3342 980 3398 ergo
1034 3328 1077 3384 bia
1093 3328 1190 3384 Rome
1208 3323 1428 3382 considentibus
1443 3321 1516 3378 dixit
1529 3337 1535 3376 :
1548 3320 1783 3379 WilfridusDeo
1796 3334 1852 3376 ems·

157 3406 247 3478 grstia
273 3407 363 3463 fretus
378 3425 428 3480 per
442 3411 632 3482 Campaniam
649 3415 703 3469 iter
719 3414 827 3471 faciens
842 3415 910 3470 inde
926 3415 979 3470 no·
1034 3419 1101 3475 bilis
1117 3422 1225 3473 sancte
1239 3417 1370 3471 Eboraca
1381 3411 1514 3469 Ecclesiae
1525 3411 1705 3483 episcopus,
1718 3427 1802 3485 qoem
1812 3424 1852 3482 pre

157 3510 235 3550 mam
252 3494 448 3566 ingressuros,
460 3499 495 3554 ad
507 3499 687 3557 herlharium
704 3503 805 3559 docem
823 3503 978 3559 Provincias
1034 3507 1147 3565 loribus
1162 3504 1333 3563 venerabilis
1348 3501 1497 3559 secretarii
1514 3500 1607 3557 nostri
1626 3517 1700 3559 esse
1726 3506 1852 3558 narrstnn

157 3583 283 3654 divertit,
291 3586 510 3660 perlegationss
522 3591 707 3648 inimicorum
719 3611 836 3650 causant
848 3596 978 3666 ejosjam
1034 3602 1077 3653 est
1089 3616 1095 3652 :
1109 3598 1144 3652 ad
1157 3600 1290 3651 nostrum
1306 3592 1495 3649 secretarium
1507 3591 1595 3663 juxta
1605 3606 1668 3648 eus
1680 3590 1852 3664 postulatione

158 3675 305 3743 edoctum,
322 3685 350 3733 et
367 3678 401 3732 ad
428 3685 635 3737 nocumentum
661 3684 814 3754 promissis
838 3685 978 3741 illectum.
1034 3704 1100 3743 curn
1113 3685 1262 3757 petitione,
1272 3699 1358 3754 quam
1370 3697 1471 3738 secum
1481 3679 1726 3748 afferredieitur,
1735 3680 1854 3737 admitta-

156 3763 211 3828 Qui
235 3763 300 3820 licet
314 3766 344 3821 in
361 3767 503 3840 principio
529 3771 692 3842 snperbiam
718 3772 867 3841 erexisset,
884 3782 979 3829 tomen
1035 3782 1092 3831 tor.
1108 3775 1259 3831 Wilfridus
1275 3773 1333 3829 Deo
1349 3770 1484 3828 amabilis
1508 3769 1673 3842 episcopus
1691 3771 1766 3827 dum
1792 3781 1854 3825 reue

55 3874 59 3881 ·
156 3853 252 3908 veraci
268 3853 407 3911 relatione
420 3857 520 3914 audita
534 3857 606 3914 iram
624 3862 779 3918 resorbuit.
796 3863 896 3933 Itaque
921 3879 980 3918 non
1035 3866 1126 3924 rabils
1151 3865 1336 3922 sacratarium
1366 3863 1578 3934 ingrederetur,
1602 3860 1703 3918 dixit:
1734 3863 1854 3933 Deprecor

157 3940 252 3999 solum
274 3951 448 4001 nocumento
471 3948 623 4015 abstinuit,
644 3952 692 4005 sed
715 3956 744 4006 et
767 3952 904 4022 suffragio
928 3968 980 4007 suo
1033 3961 1159 4012 vestram
1178 3951 1372 4026 pontificalem
1385 3950 1607 4016 beattiudinem,
1620 3955 1656 4007 ut
1669 3967 1746 4007 meas
1758 3945 1854 4007 humili

156 4030 261 4086 bonum
279 4036 393 4105 negotio
418 4035 506 4091 finem
532 4038 683 4110 imposuit,
700 4040 813 4106 dicens,
829 4042 863 4095 ad
881 4041 936 4097 boc
949 4057 980 4096 se
1034 4047 1102 4102 tatis
1118 4043 1287 4117 petitionem
1303 4041 1395 4113 excipi
1406 4055 1563 4111 coramque
1574 4040 1669 4112 relegi
1682 4036 1854 4112 precipiatis

156 4119 306 4178 admoneri
328 4124 484 4194 cujusdam
509 4128 586 4199 regis
611 4128 772 4199 llunorum,
789 4131 866 4201 apud
892 4147 978 4202 quem
1071 4158 1085 4186 a
1104 4135 1214 4207 Agatho
1230 4132 1435 4189 sanctissimus
1450 4132 1608 4203 episcopus
1626 4129 1727 4187 dixit:
1747 4125 1852 4185 Willrili

156 4209 317 4268 exsulasset
345 4212 425 4285 olim,
451 4214 643 4285 humanitate,
671 4219 720 4290 qui
746 4220 879 4291 quamvis
904 4225 981 4276 esset
1035 4226 1094 4282 Deo
1110 4223 1245 4281 amabilis
1260 4221 1386 4293 episcopi
1399 4215 1854 4292 petitiosusceptacoramotnni

157 4301 284 4374 gentilis,
294 4302 375 4358 nulla
390 4309 487 4360 tamen
500 4305 536 4361 ad
547 4309 611 4378 ejus
622 4308 772 4375 danrnom,
786 4311 831 4365 cui
840 4310 980 4381 jurasset,
997 4331 1020 4396 D
1036 4316 1091 4371 bus
1106 4313 1250 4387 relegatur
1263 4331 1268 4368 :
1283 4316 1312 4369 ct
1327 4310 1473 4383 accipiens
1488 4308 1618 4365 loannes
1636 4309 1791 4378 noterius,
1801 4306 1854 4363 relt-

158 4392 284 4461 potuerit
294 4395 440 4465 corrumpi
452 4395 594 4466 pactione.
607 4397 737 4454 Tandem
749 4415 815 4472 ergo
826 4398 982 4472 aliquando
1037 4407 1079 4477 git
1094 4411 1193 4461 sancto
1209 4408 1237 4460 et
1251 4400 1410 4475 apostolico
1424 4398 1556 4456 concilio.
1573 4396 1738 4455 Wilfridus
1753 4395 1856 4456 humilis

159 4479 282 4536 Romam
299 4482 417 4539 veniens
433 4485 587 4541 attonitam
599 4488 644 4542 sui
656 4489 868 4560 exspectatione
880 4491 981 4547 urbem
1036 4497 1064 4551 et
1078 4492 1217 4565 indiguus
1232 4491 1387 4563 episcopos
1401 4487 1530 4546 saxoniae
1545 4486 1581 4542 ad
1598 4485 1658 4543 hoo
1673 4488 1855 4558 apostolicus

160 4569 291 4625 offendit.
307 4571 487 4630 Praevenerat
502 4574 578 4631 enirn
595 4593 611 4631 a
626 4578 776 4634 Theodoro
793 4578 902 4636 missus
918 4597 982 4637 mo·
1038 4583 1187 4656 fastigium
1203 4587 1341 4653 tanquam
1357 4581 1392 4636 ad
1408 4578 1505 4634 locum
1523 4574 1675 4633 munitum
1695 4582 1856 4648 turremqn

160 4658 250 4714 destas
265 4659 415 4733 religionis
431 4663 592 4720 monachus
608 4665 771 4734 llenoweld
784 4668 984 4725 accusationes
1037 4672 1213 4728 fortitudinis
1228 4686 1356 4743 gressus,
1373 4669 1431 4725 Deo
1447 4667 1614 4740 praeviante,
1632 4667 1767 4738 perduxi
1781 4662 1857 4740 ;qoot

160 4748 284 4820 scriptas
308 4750 451 4822 deferens,
468 4756 496 4808 et
511 4753 705 4812 amaritudine
720 4757 874 4812 delationis
888 4757 982 4814 verbis
1038 4760 1110 4816 inibi
1128 4775 1262 4817 normam
1278 4773 1428 4815 sacrorum
1443 4771 1588 4814 canonum
1601 4753 1633 4811 in
1645 4749 1858 4815 omnestristi

159 4837 683 4916 immitibus,quocommotusdgatho
694 4846 897 4903 sanctissimus
909 4863 983 4920 papa
1039 4851 1180 4908 Ecclesiae
1195 4864 1331 4905 emanare
1345 4863 1488 4920 cognosco
1499 4864 1508 4901 ε
1520 4861 1553 4902 ex
1569 4860 1602 4900 eo
1619 4859 1696 4900 mess
1715 4839 1860 4902 humilitati

160 4929 315 4986 consilium
332 4947 348 4985 u
367 4936 425 4987 tam
448 4933 650 5005 cpiscoporum
676 4952 764 5008 qoam
787 4936 926 4992 abbatom
953 4938 983 4992 iu
1036 4940 1183 5012 justitiam
1196 4938 1256 4994 fleri
1267 4935 1764 5007 conlldentcrexpeto:cognovisse
1774 4933 1861 5009 quipp

159 5019 282 5075 basilica
306 5019 477 5089 Salvatoris,
493 5040 557 5094 qua
577 5025 740 5096 appellatur
764 5026 982 5094 Constantiana,
1039 5047 1096 5086 non
1113 5029 1230 5101 ambigo
1245 5031 1373 5084 vestrum
1391 5023 1556 5099 pontificale
1579 5021 1744 5095 fastigium
1770 5031 1862 5081 tame

160 5109 264 5180 coegit.
289 5111 379 5182 Cujus
409 5112 522 5168 consilii
550 5113 610 5170 bac
639 5122 682 5170 est
712 5117 819 5172 forma:
837 5139 851 5166 «
871 5117 984 5189 Agatho
1039 5117 1213 5174 humilitatis
1230 5135 1299 5174 mea
1320 5115 1517 5188 suggestione,
1532 5127 1618 5185 quam
1637 5129 1708 5184 quea
1727 5117 1862 5172 vtvsrocs

160 5199 364 5255 sanctissimus
392 5217 425 5258 ao
454 5202 639 5260 beatissimus
668 5204 822 5278 episcopus
850 5207 985 5263 Ecclesia
1040 5207 1262 5281 presentialiter
1276 5205 1368 5263 obtuli
1383 5204 1485 5261 vestris
1507 5200 1678 5275 apostolicis
1706 5204 1861 5263 obtutibus

161 5285 309 5343 catholica
325 5294 412 5361 atque
427 5293 588 5364 apostolicae
608 5293 689 5350 urbis
714 5295 809 5351 ltorrra
834 5297 986 5352 considen-
1040 5296 1149 5369 inipso
1166 5296 1221 5353 mei
1247 5297 1390 5352 adventus
1414 5291 1532 5351 exordio
1555 5296 1783 5364 presentatus,
1799 5286 1860 5366 quot

161 5371 241 5430 tibus
258 5392 357 5432 aecum
373 5380 464 5436 dixit:
481 5382 542 5438 lton
559 5385 641 5439 credo
666 5384 754 5440 latere
774 5393 896 5443 vestram
916 5402 984 5443 san·
1041 5386 1158 5459 quidam
1183 5386 1241 5442 mei
1264 5387 1446 5458 episcopatus
1475 5381 1634 5451 invasores,
1658 5382 1750 5441 nulla
1776 5385 1806 5440 in
1829 5392 1860 5437 ut

162 5467 240 5521 ctam
257 5465 476 5540 fraternitatem,
489 5473 680 5544 quamobrem
697 5474 822 5531 adhunc
836 5475 985 5533 venerabi·
1041 5475 1174 5533 convicta
1188 5475 1286 5548 culpa,
1302 5483 1402 5533 eontra
1414 5486 1564 5530 sacrorum
1580 5469 1654 5527 solta
1673 5470 1862 5531 canonumis

163 5553 221 5615 lem
237 5560 412 5614 conventum
430 5573 491 5616 earn
507 5562 670 5622 asciverim.
684 5564 862 5639 Cognoscere
878 5566 987 5642 quippe
1042 5570 1185 5626 convento
1208 5564 1386 5623 sanctissimi
1411 5559 1556 5623 Theodori
1574 5558 1809 5624 matuariorum
1829 5576 1864 5622 at·
