3750 6000
63 236 119 294 685
697 233 887 291 CONGlblUbl
906 234 1084 290 bustense.
1665 238 1718 295 686

589 357 780 415 con'ctlto'tt
798 357 1009 414 INNOCENTH
1034 358 1130 413 PAPAE
1152 357 1187 412 ll.

63 459 132 516 Here
146 461 215 514 sant
226 458 406 530 exemplario
425 473 522 514 eorum
533 474 620 530 queo
642 459 754 512 domino
770 456 945 513 Innocentio.
963 458 1092 512 Ecclesiae
1107 457 1254 512 rotlrotieoe
1268 457 1431 528 apostolico,
1449 457 1561 515 decreto
1581 464 1608 515 rt
1623 478 1639 516 n
1656 467 1716 519 toto

563 529 668 599 synodo
682 529 809 584 llrurenai
819 531 997 583 anoni-miter
1010 532 1077 582 sant
1093 533 1219 600 recepto.

101 654 125 709 1.
144 653 265 709 Primum
280 667 350 726 ergo
365 659 491 708 statutum
510 659 562 718 est,
577 666 612 705 ne
627 666 681 722 qua
695 651 807 721 emptio,
821 657 866 704 aut
881 653 907 710 Α
959 651 1009 705 lx.
1030 651 1059 705 la
1082 651 1169 706 verbo
1184 650 1292 706 Domini
1308 651 1411 708 dietum
1426 660 1453 708 et
1466 651 1586 709 edictum
1601 664 1652 720 est,
1682 673 1717 715 ne

66 740 188 798 venditio
205 740 251 797 list
264 741 331 796 doni
345 740 532 803 ecclesiastici,
549 747 576 795 ει
590 740 635 811 qui
651 741 758 804 emerit,
770 736 867 793 eodem
921 739 982 809 quis
1002 755 1112 795 manum
1136 739 1267 810 imponat,
1297 748 1343 795 aut
1367 741 1479 807 clerico,
1508 751 1554 798 aut
1582 745 1715 802 monacho

66 831 188 903 privator
203 846 258 902 quo
271 836 426 901 acceperat,
451 837 623 900 emptorque,
647 837 674 883 et
692 826 824 889 venditor,
840 834 867 882 et
920 826 1066 897 cujuslibet
1080 828 1195 883 ordinis.
1211 826 1288 898 Quod
1305 829 1350 901 qni
1364 829 1516 898 violaverit,
1531 848 1546 886 a
1561 832 1643 888 (lirini
1657 834 1715 890 oill-

66 921 240 977 intersentor
255 918 402 990 emptionis
418 917 554 974 sententia
578 915 867 973 excommunicationis
920 916 954 972 cii
969 917 1178 989 participatione
1192 926 1217 974 ει
1232 918 1305 973 omni
1321 918 1507 976 ecclesiastica
1522 922 1713 980 commuuione

64 1009 188 1065 damnati
203 1017 279 1063 sunt.
920 1004 1001 1076 longa
1016 1005 1073 1062 liat.

104 1099 139 1154 11.
152 1097 258 1154 Placuit
268 1096 349 1152 etism
361 1096 464 1151 donmo
476 1095 634 1166 apostolico,
647 1102 672 1149 et
682 1095 728 1150 toti
738 1092 864 1159 concilio,
955 1095 994 1149 X.
1014 1094 1164 1162 Ecclesiae,
1178 1111 1212 1151 ει
1226 1111 1281 1168 quo
1295 1105 1463 1153 consecratae
1480 1098 1590 1169 luerint,
1613 1100 1713 1159 liberas

67 1203 100 1244 ue
115 1185 177 1260 quis
193 1185 285 1241 audiat
303 1186 415 1240 missam
427 1183 580 1257 presbyteri
594 1183 718 1238 habentis
734 1181 864 1238 concubi·
919 1191 945 1239 et
973 1183 1110 1239 absolutas
1137 1199 1154 1240 a
1180 1199 1259 1240 manu
1288 1182 1418 1242 laicorum
1446 1202 1520 1256 esse,
1550 1188 1713 1261 dispositum

68 1291 129 1331 narn
143 1273 192 1330 sel
205 1289 330 1331 oaorem.
918 1280 970 1329 εει.

102 1365 148 1420 111.
167 1365 288 1420 Αεεειιειι
304 1362 385 1418 etiam
400 1360 521 1417 omnium
550 1359 750 1427 firmatumest,
767 1359 864 1416 utcle·
954 1362 1003 1417 Xl.
1032 1361 1125 1418 Βιιιιιο
1160 1360 1348 1419 confirmatum
1375 1371 1427 1431 est,
1465 1367 1582 1423 rusticos
1610 1369 1712 1426 habere

67 1453 225 1510 riciomnes
248 1468 264 1507 a
288 1451 457 1508 subdiacono
472 1459 497 1506 et
513 1466 595 1521 supro
610 1451 779 1506 continentes
799 1449 862 1516 siat,
918 1466 1013 1522 pacem
1030 1449 1152 1523 quotidie
1166 1452 1192 1505 in
1207 1466 1334 1522 corpore,
1365 1460 1391 1507 et
1406 1452 1433 1508 in
1447 1454 1528 1510 rebus
1551 1457 1618 1522 sois,
1648 1459 1712 1514 dum

70 1551 95 1597 ει
108 1541 155 1613 qui
169 1555 226 1596 non
241 1539 342 1595 inerint
356 1540 526 1596 continentes
541 1539 722 1610 deponantur.
918 1549 992 1605 eunt,
1009 1540 1051 1595 rel
1066 1540 1192 1604 redeunt,
1208 1540 1250 1595 vel
1266 1549 1469 1598 commorantur
1489 1543 1516 1599 in
1531 1546 1711 1619 agricultura,
1730 1616 1733 1623 Ι

101 1631 150 1686 Π.
180 1628 403 1686 declamantibus
437 1629 516 1684 etism
545 1627 672 1683 omnibus
698 1633 864 1698 preceptum
918 1628 962 1683 sel
977 1628 1005 1682 in
1019 1628 1109 1700 aliquo
1123 1644 1206 1699 opere
1219 1645 1358 1685 manuum.

68 1728 117 1786 est,
145 1735 181 1774 ue
197 1718 259 1790 quis
283 1717 309 1772 in
331 1717 553 1773 archidiaconum
578 1716 620 1772 rel
646 1715 789 1782 decanum,
806 1716 864 1770 sive
953 1718 1018 1772 Xll.
1049 1718 1106 1774 lex
1122 1718 1210 1787 positu
1225 1727 1267 1773 est
1283 1719 1420 1791 generalis
1443 1721 1624 1780 observandae
1638 1727 1715 1798 pacis

64 1810 236 1881 episcopum,
258 1805 310 1861 nisi
322 1805 368 1877 qui
383 1804 515 1862 diaconus
526 1805 567 1860 vel
583 1804 728 1876 presbyter
743 1812 785 1859 est
795 1802 865 1859 ordi·
917 1806 992 1861 omni
1006 1805 1067 1862 loeo
1082 1814 1109 1861 ει
1128 1806 1201 1862 omni
1230 1815 1354 1878 tempore
1368 1809 1442 1876 anni,
1467 1812 1501 1865 ab
1515 1811 1715 1885 advesperante

61 1905 151 1954 nesus,
918 1894 984 1950 teria
1012 1912 1040 1950 ιν
1062 1911 1151 1967 usque
1173 1896 1206 1951 ad
1234 1897 1397 1952 matutinum
1427 1898 1501 1956 ierim
1523 1917 1550 1956 r.
1576 1903 1628 1959 Ubi
1654 1921 1715 1962 eam

99 1985 135 2042 V.
150 1982 289 2042 sancitum
305 1990 346 2039 est
373 1983 456 2038 etiam
471 1981 632 2039 auctoritate
657 1981 820 2053 apostolica,
836 1990 863 2038 ει
877 2008 904 2071 Β
918 2000 994 2054 νειο,
1012 2000 1074 2056 qum
1097 1985 1125 2038 in
1141 1985 1246 2056 vulgari
1271 1993 1363 2042 nostro
1387 2002 1437 2058 pax
1451 1987 1507 2044 diei
1531 2002 1714 2065 nuncupatur,

63 2074 147 2131 totius
161 2072 282 2138 concilii,
307 2088 345 2128 ιιε
358 2071 536 2127 admittantur
550 2071 586 2126 ad
603 2070 745 2127 lectionem
761 2070 861 2125 divini·
916 2073 1112 2133 inviolabiliter
1126 2073 1259 2129 custodiri
1281 2074 1421 2130 decretum
1437 2083 1478 2132 εει
1492 2079 1659 2150 temporibus
1679 2083 1715 2139 ab

63 2165 138 2227 tatis,
153 2161 207 2218 nisi
222 2160 345 2224 litterati,
371 2161 416 2216 ubi
432 2168 544 2216 secreta
557 2159 641 2214 divini
663 2160 782 2231 mysterii
798 2176 862 2229 per·
916 2164 1027 2235 antiquo
1052 2161 1193 2217 institutis.
1220 2160 1334 2219 Clerieis
1350 2172 1376 2220 et
1390 2165 1540 2236 monacbis,
1567 2176 1594 2223 et
1620 2171 1716 2230 mulie·

60 2252 203 2308 tractanda
225 2259 300 2306 sunt.
319 2251 412 2322 Atque
436 2249 495 2305 bec-
518 2248 654 2304 medicina
682 2258 724 2303 est
752 2249 863 2303 inventa
916 2252 991 2306 ribus
1016 2265 1071 2322 pax
1100 2260 1239 2322 perpetus,
1276 2251 1358 2306 banni
1396 2252 1615 2325 confirmatione,
1650 2261 1715 2319 data

61 2348 158 2398 contra
172 2338 313 2405 morbum,
323 2338 370 2411 qui
384 2337 498 2392 multum
516 2336 639 2392 invaluit.
648 2338 718 2392 Nam
734 2336 863 2392 illitterati
916 2349 966 2396 cst.

59 2427 209 2487 lectionem
222 2427 323 2484 divine.
346 2427 453 2500 paginae
476 2426 627 2491 audientes,
644 2433 670 2481 ει
684 2442 738 2481 oon
761 2425 862 2482 intelli·
952 2429 1029 2485 Xlll.
1049 2429 1091 2483 De
1104 2427 1240 2502 conjugiis
1253 2427 1434 2487 dissolvendis
1448 2440 1526 2491 caute
1545 2435 1714 2499 determina·

63 2527 171 2593 ςειιιεε,
182 2518 210 2573 in
222 2517 320 2589 plateis
338 2531 431 2572 curam
447 2514 624 2580 mulierculis,
636 2514 782 2586 disputant,
794 2525 820 2570 ει
836 2516 862 2571 in
916 2524 972 2572 tum
989 2523 1041 2586 est,
1057 2516 1129 2589 qood
1151 2524 1213 2588 post
1233 2517 1404 2575 manifestam
1418 2523 1573 2593 nuptiarum
1588 2528 1715 2587 celebra.

62 2622 186 2664 errorem
199 2605 375 2671 inducuntur,
385 2612 412 2660 et
424 2604 542 2659 inrerba
554 2603 861 2674 prolanaprorumpunt.
916 2606 1016 2662 tionem
1034 2621 1085 2662 nec
1099 2606 1206 2674 marito,
1222 2621 1273 2662 uec
1286 2607 1365 2662 uxori
1387 2607 1466 2665 liceat
1488 2629 1614 2685 quaerere
1628 2633 1713 2676 occa.

97 2696 144 2753 vt.
166 2696 236 2753 [luta
251 2702 293 2750 εει
307 2694 389 2751 ειὶιιιι
412 2693 555 2760 sententia,
583 2702 611 2747 ut
626 2693 719 2749 clerici
734 2693 861 2763 ordinati,
916 2696 1023 2751 sionem
1037 2704 1213 2766 spontaneam
1229 2694 1396 2753 dissolvendi
1410 2699 1538 2772 conjugii,
1568 2720 1620 2763 nec
1629 2707 1712 2777 jura.

64 2793 89 2843 ει
116 2784 304 2843 ecclesiastica
343 2780 475 2838 beneficia
497 2782 680 2853 possidentes,
709 2781 863 2854 ubicunque
916 2791 1037 2839 meritum
1053 2799 1149 2839 eornm
1165 2784 1362 2856 recipiendum,
1386 2787 1433 2857 qui
1454 2787 1554 2847 inducti
1580 2792 1714 2854 familiari·

65 2871 369 2941 aisadomisuoe,sira
392 2871 419 2926 in
444 2871 544 2934 studio,
576 2870 602 2924 in
619 2869 711 2924 babitu
742 2870 863 2927 clericali
916 2881 970 2928 ιιιιε
986 2871 1089 2943 privata
1103 2872 1192 2942 jurant
1206 2877 1398 2945 cognationem
1412 2877 1632 2951 conjugatorum.
1657 2885 1713 2943 Sed

63 2964 127 3031 sint,
163 2970 192 3019 ει
206 2960 322 3033 capillos
337 2969 443 3027 tonsos,
464 2967 490 3014 et
504 2958 615 3014 barbam
630 2975 718 3014 rasam
735 2959 861 3027 babeant,
916 2961 939 3016 si
963 2961 1024 3033 quis
1049 2960 1138 3016 tidelis¹
1154 2976 1203 3033 pro
1215 2962 1344 3018 charitate
1359 2963 1459 3020 Christi
1473 2966 1592 3040 aliquam
1608 2969 1711 3033 lineam

63 3061 150 3109 restes
165 3065 276 3125 quoqne
292 3049 434 3105 rotundas.
456 3049 490 3104 Et
504 3048 557 3104 boc
572 3047 725 3103 remedium
742 3048 781 3102 illi
796 3049 862 3104 vitio
916 3049 1160 3122 consanguinitatis
1175 3050 1385 3121 praebcdientem
1401 3053 1560 3128 conjugium
1574 3073 1712 3119 monstra-

63 3148 202 3213 repertum
218 3149 270 3206 est,
286 3154 341 3211 quo
354 3137 453 3193 divites
470 3136 578 3208 quidam
595 3136 673 3191 donis
693 3136 862 3192 ecclesiasti·
916 3139 997 3205 verit,
1014 3139 1176 3210 ceterisque
1190 3139 1307 3209 indiciis,
1330 3149 1356 3197 ει
1373 3142 1534 3200 testimoniis
1548 3151 1714 3221 comproba·-

62 3228 103 3286 cis
114 3230 292 3301 praelatorum
313 3226 418 3299 lugiunt
442 3225 625 3297 praesentiam,
651 3234 678 3279 ιιι
694 3225 805 3280 liberius
829 3225 862 3279 ad
916 3227 994 3295 nent,
1019 3227 1044 3282 ei
1058 3225 1139 3282 tidem
1154 3227 1306 3283 habendam
1323 3245 1385 3286 esse
1398 3240 1493 3288 censet
1508 3236 1584 3292 sedis
1599 3248 1713 3310 aposto·

62 3316 173 3373 libitum
196 3332 276 3372 ειιιιιιι
290 3318 392 3381 virent,
409 3324 435 3370 et
456 3314 645 3384 eleemosynas
668 3328 820 3385 pauperum
836 3315 863 3370 in
917 3315 978 3371 lieae
993 3315 1157 3371 uenerabilis
1172 3316 1327 3373 auctoritas.

62 3404 296 3478 superfluitatibus
311 3403 547 3475 suiseapendaot.
877 3361 903 3424 C
954 3405 1025 3461 XIV.
1056 3405 1115 3460 Nec
1136 3420 1202 3461 rero
1226 3405 1274 3461 illa
1301 3407 1410 3465 occasio
1437 3411 1594 3484 recipienda
1613 3425 1654 3473 εει
1681 3435 1716 3476 ex

96 3493 257 3550 Vibiussia
284 3494 366 3548 etism
395 3491 511 3546 domnus
539 3490 716 3562 apostolicus,
742 3491 864 3547 omnium
917 3493 1200 3564 decretoapostolieaa
1224 3493 1298 3550 sedis
1318 3500 1345 3550 ει
1369 3497 1452 3553 totius
1474 3502 1593 3573 concilii,
1622 3506 1718 3580 siquis

64 3597 133 3640 roae
144 3581 345 3650 cossentiente,
362 3589 389 3636 ut
403 3590 513 3636 mortuo
527 3581 681 3649 sacerdote,
697 3580 738 3635 vel
754 3580 865 3652 episco-
918 3591 1064 3656 postquam
1080 3597 1196 3639 uxorem
1213 3583 1331 3652 duxerit,
1357 3601 1388 3641 se
1409 3587 1499 3658 ipsum
1513 3594 1651 3651 accumbit
1677 3596 1719 3653 in·

60 3686 108 3745 90,
136 3670 208 3727 bona
240 3670 302 3742 eius
326 3670 353 3724 in
380 3669 465 3724 libers
486 3678 621 3742 potestate
639 3671 775 3724 oeconomi
798 3669 864 3737 sint,
918 3683 1009 3729 cestus
1024 3671 1129 3729 occulte
1145 3687 1205 3727 cunr
1221 3681 1341 3745 cognata
1355 3677 1449 3732 uxoris
1463 3679 1585 3738 admissi.

60 3759 246 3833 quoadusque
257 3758 416 3816 catholicus
427 3758 488 3828 ejus
500 3774 643 3815 successor
653 3774 687 3814 ex
697 3759 804 3831 integro
817 3758 865 3815 illa
953 3762 983 3816 ln
999 3760 1052 3817 fine
1068 3759 1189 3816 damnati
1208 3768 1270 3817 suot
1284 3763 1416 3819 sententia
1430 3771 1719 3832 excommunicationis

60 3847 185 3921 recipias.
918 3850 1060 3908 invasores
1075 3850 1153 3923 regni
1170 3859 1196 3906 ει
1209 3850 1352 3921 Ecolesiae,
1369 3854 1466 3910 Petrus
1480 3857 1578 3915 Leoms
1591 3869 1619 3918 et
1646 3865 1719 3920 Con·

97 3937 172 3993 llll.
189 3935 335 3993 consensit
360 3952 472 4010 quoque
495 3935 522 3991 in
543 3937 596 3993 boc
618 3936 782 3992 venerabilis
802 3952 864 3992 om·
917 3941 1002 3995 radus
1016 3955 1077 3995 cum
1093 3938 1224 3995 omnibus
1239 3939 1296 3995 suis
1308 3939 1470 4010 fautoribus,
1482 3944 1618 4005 inclinatis
1629 3954 1718 4010 cereis

61 4024 140 4083 nium
153 4025 270 4082 fratrum
286 4036 447 4093 conventus,
463 4032 492 4079 ιιι
504 4026 631 4096 quaelibet
646 4026 725 4080 eriam
736 4025 863 4090 ecclesia,
918 4028 1086 4098 ardentibus,
1103 4027 1137 4084 ad
1152 4029 1381 4100 exstinguendam
1411 4035 1571 4091 memorium
1596 4038 1716 4112 illorum,

60 4116 143 4188 ouius
171 4114 251 4171 dotes
278 4115 313 4170 ad
339 4114 566 4170 sustentationem
601 4113 692 4171 clerici
716 4112 862 4184 sufficiunt,
917 4117 1714 4198 abarchiepiscopis,episcopis,abbatibustutiusconcilii;

61 4204 204 4279 proprium
219 4203 336 4260 babeant
351 4203 532 4272 sacerdotem,
556 4218 609 4260 nec
625 4203 773 4274 recipiatur
786 4219 864 4260 mer·
917 4205 1037 4278 depositi
1054 4212 1118 4261 sunt
1132 4206 1216 4263 etism
1238 4207 1403 4274 cardinales,
1422 4210 1467 4281 qui
1481 4212 1665 4273 discessemat
1679 4220 1716 4275 sb

63 4293 196 4352 cenamus
209 4303 237 4351 et
250 4294 411 4352 conductus.
916 4296 1019 4351 unitate
1033 4302 1134 4351 sancte
1148 4295 1241 4351 matris
1255 4295 1386 4353 Ecclesiae
1401 4300 1486 4371 (205).

99 4475 290 4545 (aboleanont
300 4482 440 4533 estcanon
450 4475 462 4529 l
471 4473 625 4538 narnensis.
633 4473 681 4529 sed
689 4473 864 4545 proillonoto
953 4472 1018 4529 Can.
1035 4476 1051 4527 9
1062 4472 1209 4543 respondet
1220 4472 1292 4530 edito
1304 4474 1337 4529 13
1349 4487 1356 4544 ;
1366 4490 1428 4531 nam
1439 4479 1583 4552 imponere
1593 4501 1713 4544 monam

61 4546 346 4618 lasnmioeUdalricus
356 4547 864 4617 ponitcecornmoniectioniasenten·
915 4546 1017 4601 clerico
1033 4544 1145 4615 perinde
1160 4545 1204 4601 bio
1218 4554 1260 4600 est
1274 4561 1307 4601 ac
1321 4545 1423 4604 inferre
1445 4567 1544 4609 manus
1567 4556 1710 4616 violentas.

62 4617 863 4688 tiodoornottsant.Necatiamquamescommunicationis
951 4616 1020 4670 Can.
1035 4615 1069 4670 to
1084 4618 1231 4685 respondet
1245 4615 1355 4687 vulgato
1369 4619 1396 4674 t.

61 4705 171 4761 paenam
187 4690 214 4744 ia
230 4704 278 4745 eos
292 4704 413 4745 canones
424 4688 550 4759 inllignnt
564 4689 767 4755 Remens‚anni
779 4689 857 4752 tlte,
951 4687 1019 4741 Cen.
1041 4687 1069 4741 lt
1089 4687 1236 4756 respondet
1263 4689 1361 4743 canoni
1375 4689 1486 4761 vulgato
1502 4694 1536 4749 ld
1550 4704 1576 4750 ει
1591 4699 1622 4752 ll
1637 4718 1643 4765 ;
1661 4700 1711 4756 sed

61 4775 122 4817 ean.
138 4765 166 4827 t,
188 4760 369 4817 Geruodense
393 4760 455 4813 anni
481 4760 560 4821 tots,
578 4774 642 4814 can.
659 4762 686 4815 2.
715 4759 761 4813 Est
776 4760 858 4814 etism
914 4757 984 4813 inter
998 4772 1046 4812 eos
1060 4756 1106 4828 qui
1126 4771 1191 4812 iace
1205 4766 1336 4828 perpetus
1351 4760 1498 4828 donantur,
1515 4767 1643 4824 mulieres
1659 4788 1710 4841 pa·

60 4841 159 4888 oonba
173 4832 344 4887 εειιειίοιιειιι
359 4829 591 4886 Chalcedonensis
605 4829 723 4896 concilii,
739 4845 804 4886 can.
821 4836 851 4885 b.
910 4828 976 4884 riter
986 4843 1127 4897 expressae
1141 4837 1213 4890 sunt,
1229 4832 1301 4897 quod
1317 4830 1343 4883 in
1359 4832 1438 4886 editis
1452 4835 1638 4903 desideratum
1657 4843 1708 4898 sod

96 4903 169 4959 Can.
188 4907 205 4960 2
220 4911 262 4958 est
278 4901 421 4958 {lemensis
434 4901 541 4972 vulgati
555 4915 617 4958 can.
633 4902 660 4955 a.
911 4909 937 4955 et
952 4908 1058 4954 veteres
1073 4913 1193 4954 canones
1206 4911 1407 4970 expresserunt,
1425 4905 1631 4966 audomarense
1642 4915 1707 4968 arrni

94 4974 518 5046 Can.3estuulgatusean.l.
911 4974 991 5033 tons,
1020 4984 1083 5026 can.
1112 4973 1139 5036 3,
1167 4970 1345 5026 Narbonense
1367 4973 1432 5028 areni
1462 4978 1540 5043 root,
1570 4996 1631 5037 can.
1662 4984 1705 5051 tt,

94 5045 168 5102 Can.
198 5045 218 5101 d
243 5052 285 5101 εει
309 5045 437 5115 uulgatus
465 5058 527 5099 can.
551 5047 584 5106 8;
613 5042 662 5098 sed
689 5041 717 5097 in
745 5041 857 5116 vulgato
910 5039 1153 5097 claromontanum
1169 5040 1232 5095 anni
1248 5043 1326 5108 1095,
1337 5057 1397 5098 can.
1415 5043 1439 5098 l.

59 5116 129 5173 nibil
142 5114 243 5187 legitor
255 5115 290 5170 de
305 5115 436 5186 episcopo
450 5114 501 5169 nisi
514 5114 612 5170 saltem
627 5129 662 5169 ex
677 5114 794 5170 diacono
808 5114 858 5169 sli-
946 5113 1012 5167 Can.
1031 5115 1063 5167 ta
1077 5118 1119 5167 εει
1131 5114 1158 5167 ιιι
1183 5111 1262 5166 editis
1276 5127 1364 5168 canon
1381 5117 1409 5167 lt
1425 5132 1432 5176 ;
1449 5115 1497 5170 sed
1526 5118 1586 5176 aliis
1615 5125 1705 5182 verbis

58 5187 161 5270 gendo.
178 5187 243 5243 liae
256 5193 346 5242 ιειιιειι
360 5185 395 5241 de
409 5187 540 5256 episcopo
554 5185 669 5240 sancivit
680 5185 806 5242 Urbanus
822 5184 856 5251 ll,
910 5183 1084 5255 exprimitur,
1099 5182 1565 5258 etpauloabeditisineodiscrepat.
1574 5197 1705 5267 quodpsx

58 5274 87 5315 aa
100 5258 219 5316 concilio
233 5256 447 5313 claromontano
461 5271 533 5312 anno
550 5259 627 5321 1095,
643 5270 705 5327 cap.
722 5259 748 5311 5.
911 5269 958 5309 seu
969 5261 1068 5324 tregua
1084 5253 1229 5324 baiasque
1244 5253 1280 5309 ad
1296 5253 1360 5309 solis
1370 5264 1458 5312 ortum
1476 5258 1550 5317 leriae
1565 5279 1584 5317 ιι
1600 5265 1627 5318 in
1643 5270 1705 5322 edi.

91 5332 164 5387 Can.
182 5331 267 5385 boon
284 5328 384 5400 legitur
398 5328 424 5382 in
440 5326 529 5382 editis.
909 5324 943 5378 tis
960 5324 1159 5393 praescribtum
1172 5326 1216 5378 bic
1230 5340 1293 5380 rero
1312 5341 1398 5397 usque
1409 5328 1445 5382 sd
1456 5334 1669 5396 resperasieriae
1684 5355 1703 5394 ι.

92 5400 203 5457 cmo
227 5399 375 5470 respondet
393 5398 520 5455 demensi
540 5401 573 5465 ἲς
599 5397 649 5455 sed
670 5397 732 5470 plus
755 5396 856 5471 aliquid
910 5395 950 5450 lta
964 5395 1036 5450 enim
1059 5393 1203 5475 legendum
1224 5395 1250 5449 in
1262 5395 1437 5454 adnotatione
1451 5401 1552 5457 ibidem
1567 5409 1671 5464 monui.

56 5470 175 5543 explieat
186 5472 224 5528 de
236 5470 354 5527 restium
367 5468 462 5524 forma.
945 5465 1012 5521 Can.
1029 5464 1062 5520 ts
1076 5480 1185 5522 ornomo
1195 5465 1273 5520 deest
1281 5467 1307 5520 in
1315 5467 1405 5536 editis,
1415 5471 1463 5525 sed
1479 5475 1704 5537 paucissimum

91 5540 164 5600 cn,
182 5542 200 5598 τ
215 5541 364 5614 respondet
374 5539 505 5596 sononia
520 5539 641 5615 vulgata,
909 5539 1077 5593 sanctionem
1093 5537 1178 5592 babes
1192 5536 1220 5591 iu
1234 5536 1350 5594 concilio
1376 5538 1565 5602 londoniensi
1579 5563 1641 5604 can.
1659 5553 1703 5610 lo.

90 5612 162 5671 Gan.
178 5617 197 5671 t
211 5611 361 5686 respondet
373 5610 448 5669 edito
460 5615 486 5670 9.
943 5607 1039 5664 Canon
1051 5615 1207 5679 postremus
1219 5608 1292 5664 idem
1306 5609 1364 5667 tore
1375 5609 1443 5668 nibil
1458 5614 1540 5670 babet
1555 5632 1617 5675 cum
1631 5621 1704 5680 edito
