3750 6000
76 240 130 295 ω,
668 233 844 292 epicroca
864 235 909 292 ar
926 234 1137 296 rarvriucu.
1679 253 1731 321 ero

347 376 350 381 ·
425 357 524 415 DXhl.
891 367 961 429 Aet
975 363 1047 434 apud
1058 363 1179 438 Liugane
1193 380 1317 423 mansum
1329 368 1491 427 dimidium.
1514 414 1520 426 .
1543 414 1550 428 .
1573 417 1579 430 .
1596 375 1730 448 adipsum

82 459 123 515 Ad
138 457 306 516 cunradum
320 456 563 529 archiepiscopum
577 454 825 527 salzburgensem.
846 486 880 497 -
935 453 1066 524 praedium
1092 455 1308 526 pertinentibus.
1331 467 1467 530 .curtem,
1482 477 1562 533 quern
1584 464 1732 536 Engelma-
1798 454 1801 459 ’

115 549 246 604 Teutam
268 546 438 604 monosterii
456 544 584 600 nolensis
605 547 708 600 contro
729 544 878 601 henricum
933 559 980 597 rus
993 551 1020 597 et
1033 559 1110 600 soror
1122 543 1180 613 ejus
1200 546 1345 602 Benedicta
1359 549 1430 620 apud
1446 550 1562 607 Direnek
1589 553 1667 608 vohis
1681 555 1731 609 de-

114 637 251 692 comitem
266 637 300 691 de
314 635 542 706 berhsgemcnrle
556 634 725 690 committit.
936 630 1043 687 derunt.
1070 673 1076 686 .
1099 678 1104 690 .
1128 633 1189 688 .fitt
1206 636 1349 693 Cuonrade
1379 637 1472 706 abbas,
1498 639 1569 712 apud
1596 641 1732 698 Creniisse

319 736 408 802 (Anno
423 734 504 801 1122,
520 731 586 787 Dec,
604 733 644 801 6,)
936 719 1034 776 emisti.
1052 720 1175 778 Oheunte
1191 740 1256 779 vero
1280 732 1304 780 te
1320 743 1390 782 nunc
1404 727 1528 797 ejusdem
1555 727 1608 785 loci
1622 729 1730 800 abbate,

243 835 439 905 mmmmm„
455 835 548 901 porca,
563 834 584 902 1,
599 847 628 902 p¹
648 829 721 904 3584
935 809 979 865 rel
995 816 1100 865 tuorum
1113 811 1233 882 quolibet
1246 829 1440 884 suceessorum,
1457 817 1546 872 nullus
1561 817 1598 873 ibi
1613 819 1734 889 qualibet

114 932 310 988 mmm
324 931 475 1004 episeopus,
491 944 736 987 servussewomm
752 926 812 997 Dei,
829 943 880 984 ve,
935 897 1116 970 subreptionis
1130 901 1227 957 astutia
1253 903 1297 959 rel
1312 902 1440 960 violentia
1469 914 1651 977 praeponetur,
1679 908 1732 964 nisi

78 1020 281 1078 nerabiliiratri
298 1016 881 1094 utrumne]Setzburgensierchiepisecpc,
935 1000 1015 1085 ‘luem
1045 986 1150 1055 fratre-5³
1176 992 1313 1046 fflmmussi
1335 993 1378 1048 vel
1400 994 1515 1049 ⁵⁸111'0tis
1536 995 1619 1065 portis
1646 996 1734 1097 ⁰⁰¹3&ss

78 1111 193 1168 salutem
208 1106 666 1182 etaposwgcambenedjcfionem·
935 1074 971 1130 lio
1001 1082 1028 1131 et
1055 1092 1176 1148 assensu,
1208 1081 1355 1136 secundum
1382 1081 1469 1138 Deum
1491 1091 1518 1139 et
1544 1085 1577 1140 B.
1595 1085 1733 1143 Benedicti

298 1225 304 1235 ,
553 1223 557 1233 ,
860 1218 866 1230 ,
935 1163 1078 1238 Regulam,
1094 1166 1262 1238 providerint
1274 1167 1440 1243 eligendum.

114 1227 237 1284 Dilectus
266 1223 338 1281 filius
365 1231 457 1281 noster
488 1224 608 1280 Berticus
638 1221 723 1279 abbas
756 1221 882 1278 Dotensrs
1082 1280 1088 1292 ,
1348 1285 1353 1297 .
1435 1285 1441 1298 .
1558 1289 1563 1300 Ι
1664 1289 1670 1301 ⁴

80 1316 116 1372 ad
144 1323 267 1372 nomm
294 1313 464 1386 mennam
492 1311 604 1370 ,eniens
630 1310 751 1383 gamer
775 1318 884 1380 quw
972 1280 1227 1357 Decemrmusergc
1245 1291 1274 1341 ut
1288 1286 1355 1341 nulh
1368 1289 1630 1345 ommnohommum
1653 1290 1733 1348 liceat

81 1412 133 1474 est,
149 1403 224 1477 quod
243 1402 375 1460 Henricus
387 1417 480 1459 comes
499 1401 534 1458 de
552 1397 750 1457 lechismunde
772 1414 881 1471 posscs-
935 1369 1079 1470 mefflm
1094 1373 1289 1429 m⁰⁰³⁵¹⁹fium
1310 1382 1410 1433 temere
1425 1377 1590 1477 Destllbffl'e»
1613 1378 1733 1478 1111θὶ11*

79 1497 173 1551 3501,ae
187 1492 230 1549 ,ui
252 1492 407 1548 monasterii
422 1491 521 1561 injus„
540 1488 721 1561 occupaverit,
746 1494 774 1543 eg
796 1486 882 1559 mvi,
936 1474 1121 1530 possessiones
1134 1461 1253 1534 auferre,
1268 1463 1311 1520 vel
1330 1464 1434 1522 ablatas
1448 1474 1574 1535 renuere,
1599 1484 1732 1537 minuere,

78 1583 183 1658 legium
211 1581 284 1638 ,edis
311 1581 477 1651 apostolic&
511 1579 660 1651 posqposjm
690 1575 883 1647 omnipotenti,
936 1556 983 1604 out
996 1548 1130 1622 aliquibus
1156 1552 1344 1609 vexationibus
1369 1553 1557 1628 latigare:sed
1575 1556 1667 1613 omnia
1687 1558 1734 1612 in·

79 1671 131 1728 Dei
145 1672 312 1738 reverentia,
328 1685 377 1726 suo
393 1669 557 1724 monasterio
578 1667 709 1723 uiolenter
723 1664 878 1720 abstulerit.
938 1645 1015 1737 [effla
1041 1649 1244 1738 mumulus*
1260 1658 1353 1698 “llum
1377 1660 1427 1715 ΡΠ)
1449 1660 1567 1744 (111οΝ11]
1596 1645 1736 1745 1111111111·

80 1760 161 1831 Quod
184 1775 267 1831 quam
288 1775 373 1832 grave
402 1758 445 1823 δὴ,
472 1764 625 1827 quamque
647 1753 883 1810 animadversione
896 1736 923 1798 Β
938 1734 1010 1827 tione
1025 1735 1052 1783 et
1066 1736 1260 1786 sustentatione
1283 1746 1411 1832 concess
1436 1734 1616 1834 sunt,.us1bus
1642 1751 1735 1834 omm-

79 1848 265 1922 plectendum,
288 1847 447 1903 fraternitati
475 1853 527 1902 tuae
556 1844 724 1917 incognitum
749 1858 883 1898 essenon
937 1817 1024 1916 ΜΒ
1037 1818 1188 1918 Ps⁰s⁰²¹¹s⁸y
1204 1820 1363 1890 ⁵²¹¹V⁰J⁰feu
1380 1821 1525 1878 ffloeoefflm
1550 1838 1733 1896 0915001108·

79 1936 367 2008 credimuszquocirce
391 1951 440 2008 per
453 1935 596 2007 praesentia
617 1933 666 1988 tibi
679 1934 780 2002 scripta
801 1947 882 1986 mau—
937 1920 1034 1963 ⁰⁰⁰¹⁰⁸
1050 1916 1212 1963 selmum·

80 2027 188 2097 damus,
216 2034 244 2082 et
271 2025 426 2081 mandando
453 2023 626 2096 precipimus
654 2028 785 2092 quatenus
810 2035 884 2075 eum·
973 2018 1001 2075 Si
1016 2019 1164 2093 quaigitur
1182 2020 1342 2078 infuturum
1357 2022 1539 2080 ecelesiastica
1566 2025 1744 2084 saecularisve¹

81 2116 145 2172 dem
159 2116 288 2172 comitem
312 2113 486 2186 privilegium
510 2119 537 2167 et
557 2111 742 2182 possessiones
762 2109 884 2181 ejusdem
936 2122 1061 2178 persona,
1079 2110 1148 2165 hanc
1162 2118 1261 2168 nostras
1280 2112 1475 2169 constitutionis
1490 2113 1617 2186 peginam
1633 2115 1733 2184 sciens,

81 2205 240 2262 rnonasterii
267 2202 381 2260 reddere
422 2201 535 2274 prefato
573 2200 675 2266 abbati,
702 2207 747 2254 aut
783 2199 811 2253 in
839 2206 885 2253 tus
937 2203 1105 2253 contrusam
1135 2206 1235 2256 temere
1250 2200 1341 2256 venire
1364 2202 1513 2269 motaverit,
1531 2201 1649 2259 secundo
1679 2210 1735 2259 ter-

82 2294 229 2367 praessntia
254 2292 384 2362 justiliam
420 2291 509 2347 facero
538 2290 656 2346 districte
692 2303 879 2344 commoneas.
939 2284 1010 2341 tiove
1024 2289 1198 2353 commonita,
1214 2289 1236 2344 si
1251 2305 1307 2345 non
1319 2290 1502 2347 satisfactione
1512 2306 1633 2364 congrus
1643 2307 1733 2348 emen·

81 2382 162 2453 Quod
190 2380 306 2437 siintm
326 2382 358 2435 to
373 2380 433 2435 dies
462 2387 523 2451 post
548 2386 620 2434 tuam
643 2376 883 2434 commonitionem
937 2375 1052 2444 daverit,
1069 2377 1209 2450 potestatis
1230 2378 1393 2449 honorisque
1419 2379 1460 2434 sui
1474 2379 1606 2453 dignitate
1633 2389 1733 2450 careat,

81 2471 233 2544 adimplere
274 2469 475 2540 contempserit,
509 2467 641 2525 canonica
682 2483 744 2522 eum
769 2479 885 2523 censura

80 2576 221 2619 coerceas.

117 2660 219 2716 Datum
232 2656 357 2715 Laterani
371 2671 420 2714 rur
437 2654 498 2711 idus
512 2654 679 2713 Decembris.

423 2753 535 2809 DXhll.

82 2854 251 2914 baratarii
261 2853 290 2911 S.
306 2851 452 2909 llichuelir
460 2849 673 2906 Louoetaeenris
677 2849 885 2922 mercationem

414 2939 549 3012 suscipit.

323 3030 412 3102 (Anno
426 3030 507 3094 tela,
523 3028 589 3083 Dec.
606 3026 646 3097 8.)

937 2480 1066 2536 reamque
1092 2483 1121 2520 se
1135 2465 1227 2523 divim
1250 2466 1355 2538 judicio
1383 2466 1496 2524 existere
1522 2468 1555 2524 dc
1582 2477 1737 2542 perpetratu

938 2553 1077 2625 iniquitate
1104 2562 1259 2628 cognoseat,
1287 2562 1314 2612 et
1335 2572 1352 2612 a
1373 2556 1541 2613 sanctissimo
1569 2574 1683 2629 corpore
1705 2573 1739 2615 uc

938 2642 1069 2716 sanguine
1086 2643 1137 2698 Dei
1165 2650 1192 2699 et
1218 2644 1328 2701 Domini
1355 2644 1547 2716 Redemploris
1570 2646 1653 2704 nostri
1673 2647 1738 2703 Jcsu

939 2730 1036 2788 Christi
1050 2729 1140 2788 eliens
1166 2729 1223 2800 liet,
1238 2740 1318 2804 eque
1336 2733 1363 2790 in
1392 2741 1517 2791 extremo
1544 2736 1671 2793 examine
1693 2735 1738 2793 di·

939 2819 1036 2875 strictae
1050 2819 1145 2876 ultioni
1170 2820 1320 2891 subjaceat.
1336 2823 1447 2879 Cunctis
1461 2831 1550 2880 autem
1561 2824 1650 2880 eidem
1676 2825 1737 2882 loeo

937 2908 1010 2980 justa
1024 2909 1193 2965 servantibus
1202 2909 1236 2965 sit
1256 2926 1311 2981 pax
1324 2911 1434 2967 Domini
1446 2912 1532 2968 nostri
1553 2914 1615 2969 Jesu
1631 2911 1737 2985 Christi,

940 3003 1072 3068 quatenus
1083 3005 1110 3053 et
1123 2997 1167 3054 hic
1182 2997 1298 3054 hactum
1310 2998 1391 3057 bonae
1406 3001 1519 3057 aetionis
1533 3000 1694 3074 percipiant,
1711 3009 1739 3058 et

83 3118 160 3196 [pm
177 3121 258 3178 m„
279 3118 426 3187 mem„
453 3117 497 3186 gl,
511 3118 534 3187 1,
550 3119 612 3186 3³5,
636 3131 670 3171 e,
693 3110 886 3188 mmmm]
901 3093 926 3158 c
940 3086 1013 3157 apud
1027 3086 1177 3143 districtum
1189 3087 1307 3157 judicem
1322 3089 1435 3160 premis
1446 3098 1555 3147 aterne
1569 3090 1645 3163 pacis
1658 3091 1737 3148 inve-

120 3222 313 3280 {moeremus
328 3219 480 3292 episcopus,
495 3233 589 3274 servus
610 3232 750 3275 servorum
765 3215 826 3286 Dei,
842 3215 887 3271 di-

85 3313 162 3370 lectis
175 3311 239 3367 filiis
253 3311 417 3376 Caesarne,
446 3306 622 3365 Lunelacensi
649 3305 752 3373 abbati,
775 3303 888 3375 ejusque

88 3400 279 3467 confratribus,
308 3407 363 3454 tam
391 3395 570 3468 presentibus
596 3410 677 3466 quam
708 3392 813 3463 tuturis,
839 3407 888 3448 re-

87 3490 228 3565 gularibus
250 3485 452 3557 substituendis,
481 3486 509 3541 in
533 3491 691 3558 perpetuam
717 3483 757 3539 rai
784 3496 888 3540 memo·

87 3597 169 3637 rmm.

118 3692 303 3763 Desiderium,
333 3689 406 3763 quod
434 3689 469 3747 ed
490 3688 631 3763 religionis
661 3687 830 3761 propositum
859 3691 889 3742 et

86 3785 239 3842 animarum
271 3781 386 3836 salutem
415 3778 551 3849 perticere
585 3783 758 3845 monstrator,
796 3775 887 3832 animo

86 3889 137 3929 nos
150 3871 229 3928 decet
242 3869 336 3925 libenti
351 3866 510 3934 concedere,
530 3874 557 3922 et
573 3868 720 3939 petentium
746 3862 887 3920 desideriis

85 3976 236 4035 congruum
264 3958 396 4028 impertiri
423 3955 590 4028 suffmgium.
621 3956 780 4026 Eapropter‚
797 3950 888 4007 dilecti

86 4050 115 4107 in
127 4049 247 4106 Domino
278 4045 338 4115 filii,
365 4045 462 4103 vestris
474 4045 553 4115 justis
581 4041 806 4117 postulationibus
829 4041 888 4097 cla·

89 4146 195 4196 maner
207 4135 363 4203 annuimus,
378 4140 407 4191 et
418 4136 449 4190 D.
464 4134 603 4192 Michaelis
618 4129 773 4203 archangeli
788 4143 888 4186 mona·
954 4179 959 4190 .

90 4227 214 4296 etenum,
229 4225 259 4281 in
286 4240 341 4296 quo
364 4224 458 4281 divino
485 4221 633 4295 mancipati
655 4221 720 4277 estis
744 4218 886 4290 obsequio,

87 4317 139 4372 sub
164 4316 196 4370 tt.
222 4313 294 4370 Petri
307 4319 335 4369 et
360 4319 452 4370 nostre
476 4310 643 4382 protectione
666 4307 837 4381 suscipimus,
861 4312 889 4363 ct

87 4404 230 4478 praesentis
241 4402 333 4474 scripti
346 4399 494 4472 privilegio
503 4397 713 4464 communimus,
742 4403 889 4453 statuentes

86 4502 117 4551 ut
129 4506 307 4566 quassatque
327 4488 519 4562 possessiones,
534 4501 701 4559 quecunque
715 4485 789 4543 boue
811 4484 885 4542 idem

84 4581 281 4642 monasterium
320 4577 563 4651 impresentiarum
582 4575 654 4646 juste
690 4582 718 4630 et
756 4575 886 4632 canonice

86 4671 218 4746 pesa'det,
247 4675 294 4723 ant
320 4666 348 4722 in
373 4666 490 4722 futurum
515 4661 688 4719 concessione
716 4661 885 4734 pondiicum,

86 4758 233 4832 largitione
251 4771 347 4828 regum
362 4754 404 4812 vel
420 4750 582 4826 principum,
596 4749 731 4807 oblatione
754 4749 885 4822 fidelium,

86 4864 137 4906 seu
150 4845 212 4903 eliis
223 4844 303 4918 justis
317 4842 414 4910 modis,
430 4843 488 4898 Deo
501 4840 634 4914 propitio,
649 4840 748 4913 poterit
761 4839 885 4911 adipisci,

86 4938 169 4994 tirms
182 4934 262 4994 robis
276 4933 426 5003 vestrisque
439 4929 641 4988 successoribus
664 4935 691 4985 et
703 4928 808 4985 illibata
820 4944 886 4999 per-

89 5032 232 5084 maneant.
261 5025 292 5079 ln
307 5021 406 5093 quibus
426 5020 486 5077 haec
514 5017 630 5092 propriis
643 5016 770 5073 duximus
795 5016 888 5088 expri-

89 5114 192 5173 menda
234 5109 544 5170 vocabulistecclesism
583 5109 703 5173 llansee,
745 5104 888 5162 ecclesiam

89 5201 334 5266 Sldncnkimbem,
370 5197 512 5256 ecclesiam
548 5195 712 5269 Wisilburg,
749 5192 893 5251 ecclesiam

89 5294 228 5361 Schunsu,
256 5288 398 5363 ecelesiam
424 5285 632 5353 straswalchen,
662 5283 804 5342 eeclesiam
831 5283 893 5339 sh-

90 5378 347 5452 summarorium,
371 5377 444 5449 quod
457 5373 658 5433 Counmdusde
679 5371 892 5429 irembrechtin-

90 5486 159 5545 gen,
168 5475 199 5526 st
210 5483 282 5525 uxor
295 5467 355 5538 qus
366 5464 520 5523 uerrendis
533 5463 621 5522 eidem
635 5460 802 5519 monasterio
821 5475 891 5517 con·

90 5558 222 5627 taurum,
235 5555 362 5617 videlicet
380 5552 641 5626 irembrechtingen,
656 5559 683 5607 et
696 5549 769 5624 apud
784 5547 890 5606 'l'ettin-

89 5663 150 5724 gsn
162 5644 266 5706 curiam
285 5634 379 5714 mam,
394 5640 423 5701 el
435 5634 515 5715 apud
529 5637 655 5702 itattreld
669 5653 792 5696 mansum
806 5652 890 5695 unum

941 3174 1025 3231 nient.
1040 3178 1137 3245 Amen,
1154 3192 1243 3245 emen,
1259 3192 1349 3234 amen.

975 3290 1037 3365 Ego
1064 3292 1235 3349 innocentius
1257 3293 1404 3351 catholice
1426 3294 1555 3352 Ecclesia
1583 3295 1736 3369 episcopus.

975 3379 1036 3454 Ego
1050 3380 1204 3453 Stephanus
1218 3381 1397 3440 Praenestinus
1411 3384 1563 3457 episcopus.

976 3469 1035 3542 Ego
1050 3469 1124 3539 Otto,
1139 3470 1269 3528 diaconus
1281 3471 1429 3530 cardinalis
1446 3473 1475 3530 S.
1491 3473 1618 3549 Gregorii
1632 3474 1667 3532 ad
1680 3476 1737 3534 tte·

941 3556 997 3613 lum
1012 3562 1141 3616 Aureum.

976 3647 1035 3720 Ego
1058 3646 1231 3722 Octavianus,
1247 3648 1377 3708 maecum
1402 3652 1545 3710 cardinalis
1568 3653 1601 3712 S.
1631 3653 1738 3713 Nicolai

941 3735 969 3791 in
983 3737 1105 3793 Carme.

975 3825 1037 3897 Ego
1052 3826 1169 3882 Thomas
1180 3825 1322 3899 presbyter
1336 3828 1481 3886 cardinalis
1497 3830 1529 3888 tit
1538 3831 1665 3891 Vestina.

976 3915 1075 3970 Datum
1088 3914 1212 3970 Laterani
1227 3933 1276 3988 per
1299 3932 1397 3972 manus
1411 3917 1537 3989 Gerardi,
1564 3930 1664 3979 sanctes
1679 3922 1738 3980 uo-

941 4018 1029 4059 maner
1043 4002 1171 4061 Ecclesiae
1182 4003 1333 4076 presbyteri
1360 4005 1503 4065 cardinalis
1530 4024 1561 4065 ac
1589 4008 1738 4067 bibliothe-

941 4091 1017 4159 carii,
1043 4107 1069 4148 vt
1087 4090 1150 4146 Idus
1174 4091 1341 4162 Decembris,
1366 4093 1512 4152 indictione
1542 4112 1582 4168 rr,
1611 4099 1738 4155 incarna-

943 4181 1022 4236 tionis
1049 4179 1200 4237 Dominieea
1224 4195 1295 4238 anno
1321 4183 1401 4250 tila,
1417 4182 1588 4256 pontificatus
1610 4201 1674 4245 vero
1689 4186 1739 4244 do-

944 4267 1011 4324 mini
1026 4269 1175 4326 innocentii
1189 4268 1214 4326 1t
1228 4271 1282 4326 PP.
1302 4286 1373 4328 auno
1387 4287 1450 4329 1111.

1277 4377 1401 4435 DXLIll.

901 4454 1091 4536 Dilectione
1112 4479 1291 4546 porcensem,
1315 4479 1425 4538 ordinis
1447 4482 1755 4556 rremcnsrratemts..

980 4567 1136 4640 apostolico
1146 4568 1364 4638 confirmatione
1377 4585 1410 4626 ee
1422 4572 1597 4644 protectione
1606 4573 1705 4633 moal.

1171 4656 1261 4726 (Anno
1277 4658 1356 4728 1112,
1371 4659 1439 4717 Dec.
1453 4660 1510 4732 li.)

995 4744 1096 4819 [fluam
1111 4744 1222 4803 dcccl.
1240 4748 1438 4817 ereremum..
1452 4748 1488 4816 ll,
1504 4750 1559 4817 Pr..
1570 4765 1600 4820 p.
1617 4751 1693 4826 tto]

983 4837 1173 4891 luuocnurros
1192 4834 1345 4906 episcopus,
1359 4853 1454 4893 servus
1467 4852 1606 4896 servorum
1620 4840 1682 4907 Dei,
1696 4841 1757 4900 dt·-

947 4923 1023 4980 lectis
1036 4923 1098 4980 liliis
1112 4924 1242 4980 Parmae
1265 4925 1357 4983 abbati
1371 4924 1406 4983 de
1420 4927 1533 4995 Parchc,
1550 4927 1662 5000 ejusque
1688 4930 1743 4988 lra-

949 5013 1034 5069 tribus
1061 5020 1115 5069 tam
1142 5013 1320 5086 presentibus
1340 5029 1422 5086 quam
1450 5015 1558 5087 futuris,
1580 5017 1745 5091 regulariter

947 5101 1148 5168 substituendis,
1163 5101 1192 5156 in
1206 5109 1367 5174 perpetrem
1381 5104 1554 5164 memoriam.

983 5191 1150 5247 Desiderium
1164 5191 1236 5263 quod
1251 5190 1286 5246 ad
1299 5191 1439 5266 religionis
1452 5195 1621 5266 propositum
1636 5197 1741 5266 attinet,

946 5285 974 5336 et
988 5279 1023 5336 ad
1037 5279 1187 5336 enmamm
1202 5279 1316 5336 sulutem
1340 5280 1474 5352 pertinere
1488 5290 1660 5353 monebatur,
1679 5288 1741 5342 ani⁴

947 5384 992 5425 mo
1006 5383 1056 5424 nos
1070 5366 1147 5424 decet
1160 5366 1264 5424 lubenti
1279 5369 1437 5438 concedere,
1452 5373 1481 5427 el
1494 5371 1642 5444 petentium
1665 5374 1743 5431 desi·

945 5456 1037 5526 demis,
1054 5471 1206 5530 congruum
1232 5456 1363 5529 impertiri
1384 5456 1551 5534 suffragium.
1580 5462 1759 5536 liapropter,

947 5536 1039 5603 dilecti
1052 5545 1078 5601 in
1097 5545 1215 5603 Domino
1228 5544 1288 5615 filii,
1308 5545 1490 5619 vesuhjustis
1514 5551 1743 5624 postulationibus

947 5635 1095 5694 clementer
1121 5633 1274 5707 emuimus,
1291 5635 1512 5696 etPsrcbsnaem
1535 5636 1756 5707 celestem
