3750 6000
159 199 236 263 titt
614 197 816 258 WILLELMI
837 195 1208 260 MALMESBURIENSIS
1230 197 1404 261 doddoni
1781 200 1861 262 itte

157 333 271 392 cithara
291 334 356 405 eJus
381 331 488 406 paxillo
512 349 652 406 appensa,
676 333 775 390 vocale
800 332 891 389 melos
915 332 1185 406 sinaAmatrem),
1214 334 1249 389 ad
1282 333 1391 391 Christi
1416 334 1535 391 laudam
1560 334 1696 407 invitare,
1725 333 1860 407 illudque

157 424 286 481 hominis
307 424 398 496 digito
421 423 568 480 intonuit:
594 422 763 479 Gaudentio
787 423 860 478 caetir
881 425 983 478 enimn
1037 422 1227 479 Sedulianum
1262 423 1409 480 modulato
1436 439 1543 482 canore
1570 425 1724 482 concinere
1754 431 1786 481 et
1813 441 1858 483 re·

156 523 324 579 sanctorum,
339 518 368 569 at
384 515 548 584 sequentia.
566 513 751 578 Quoaudito,
767 512 802 567 ad
817 510 984 567 tribulatio·
1037 517 1153 585 petere:

157 621 228 660 num
245 605 416 676 patientiam
431 619 461 660 sa
476 603 639 673 admoneri,
655 606 684 659 et
702 607 772 658 tuno
789 601 941 670 intellexit,
954 606 983 658 et
1091 603 1237 661 Cantemus
1254 604 1378 666 Domino,
1394 604 1485 675 acne,
1500 611 1641 660 cantemus
1653 605 1806 662 honorem:

157 709 215 751 non
232 693 325 749 multo
341 698 407 767 post
424 696 572 766 expertus,
589 692 749 749 exhorruit.
1161 693 1252 748 dulcis
1267 709 1346 749 emor
1360 693 1464 750 Christi
1483 703 1605 766 personet
1620 709 1667 750 ore
1680 694 1736 766 pio.

192 783 312 840 iuvenis
327 783 397 839 olim
414 782 542 840 defuncti
566 782 664 840 ollicio
680 781 812 853 concepit
830 781 982 838 oraculum
1071 783 1178 839 Mirum
1194 787 1378 856 estprorsus
1396 786 1501 839 mirum
1515 782 1633 839 omnino
1644 784 1722 855 quod
1739 784 1858 855 dieitur,

157 877 297 947 quantum
315 874 473 945 protectum
485 879 659 945 sumpturus
673 876 750 928 esset
764 873 793 927 in
811 872 944 940 Domine,
956 875 985 929 ct
1034 887 1088 928 neo
1116 878 1216 930 tamen
1245 890 1260 928 a
1294 871 1451 929 stabilitate
1478 873 1609 928 veritatis
1641 872 1783 943 alienum,
1814 880 1857 941 ut,

155 960 319 1027 insecuto,
337 977 418 1018 nese
438 961 561 1018 derideri
583 959 800 1034 phantasmatis
816 959 913 1016 inanis
929 977 980 1016 er·
1034 962 1120 1035 (quod
1144 961 1195 1019 Dei
1215 978 1323 1036 magno
1344 978 1464 1019 munere
1485 962 1597 1019 sanctis
1621 961 1651 1017 in
1675 961 1777 1018 futura
1800 963 1857 1020 vita

155 1052 310 1110 hitrarctur
325 1051 441 1122 nebula,
457 1052 576 1125 signum
592 1052 714 1124 accepit.
726 1055 888 1107 monstrato
905 1050 978 1118 loco,
1033 1052 1263 1120 concedendum,
1285 1067 1361 1108 nunc
1374 1069 1424 1109 eoa
1439 1067 1491 1124 spe
1506 1051 1591 1107 beata
1606 1050 1743 1108 sollicitat
1758 1052 1856 1108 molli·

155 1160 211 1214 quo
232 1147 297 1215 post
311 1142 446 1199 triduum
462 1146 541 1199 esset
555 1141 741 1215 sepeliendus
757 1142 916 1214 presbyter,
929 1142 980 1212 qoi
1032 1145 1084 1209 ter,
1097 1140 1195 1211 palpat
1209 1140 1352 1212 feliciter),
1370 1141 1431 1212 ipae
1446 1141 1523 1196 lutea
1538 1156 1679 1212 compage
1694 1140 1856 1198 circumda·

154 1234 280 1290 nendum
295 1236 356 1289 erat
370 1232 531 1299 invalidus,
554 1247 606 1288 nec
628 1247 713 1303 aeger,
739 1246 836 1302 regem
860 1231 979 1286 ellrenie
1032 1235 1081 1286 tus
1096 1231 1189 1286 oculis
1206 1235 1333 1302 caperet,
1347 1230 1468 1286 auribus
1481 1230 1621 1297 hauriret,
1636 1235 1665 1285 et
1676 1231 1763 1285 oredo
1778 1231 1856 1303 equi·

153 1323 219 1395 equi
234 1339 321 1379 cursu
337 1324 466 1380 delatum
490 1322 526 1378 ad
545 1322 738 1394 precipitium
760 1321 877 1378 nomine
892 1338 979 1379 suoa
1031 1320 1109 1387 dem,
1126 1321 1356 1390 neevanalides,
1368 1319 1543 1392 quodetiam
1555 1317 1725 1391 angelorum
1737 1329 1853 1378 cantum

154 1416 304 1485 praeunte
329 1411 497 1479 inclamato,
527 1410 634 1465 absens
664 1409 807 1477 liberavit,
842 1410 978 1467 animalis
1029 1410 1852 1484 audiaritllyrieeleiroopsallentium,quodnunoliben·

152 1499 975 1570 eursucohibito,inipsopraeruptarumlauciunihiatu,
1030 1504 1073 1556 ter
1099 1500 1233 1557 Ecclesiae
1262 1499 1381 1556 diseunt
1412 1503 1440 1556 et
1469 1499 1575 1555 docent
1601 1499 1773 1571 Anglorum.
1804 1500 1853 1557 llis

152 1591 292 1648 trabalem
306 1590 412 1646 molem
429 1589 541 1645 incuria
551 1588 697 1644 artillcum
709 1589 844 1644 deorsum
858 1604 976 1662 vergen-
1028 1588 1174 1663 gloriosus
1196 1590 1363 1662 triumphis,
1388 1589 1561 1646 victoriosus
1575 1588 1700 1656 adoreis,
1715 1589 1854 1647 vicesimo

151 1686 222 1745 tem,
237 1678 390 1750 signaculo
406 1677 502 1734 crucis
521 1679 638 1733 eminus
652 1681 794 1749 porrecta,
812 1676 875 1735 loco
890 1679 973 1734 resti·
991 1723 1015 1789 B
1031 1679 1156 1750 septimo
1173 1679 1388 1753 patriarchatus
1403 1678 1450 1734 sui
1466 1694 1542 1735 anne
1565 1681 1677 1746 exacto,
1693 1678 1853 1736 translatus

151 1768 357 1825 tuitsuo..lam
370 1769 499 1840 pontilex
514 1773 542 1823 et
554 1767 707 1822 Britannia
719 1768 839 1839 primas,
851 1768 887 1823 ad
903 1767 975 1824 diri·
1030 1768 1125 1824 estad
1142 1784 1274 1838 superos,
1295 1768 1407 1839 ingenti
1423 1782 1476 1822 sua
1494 1764 1598 1838 gloria,
1614 1766 1738 1821 immani
1755 1768 1853 1839 patriae

151 1875 223 1915 num
248 1857 444 1913 ministerium
471 1873 558 1926 egens
582 1873 669 1928 aqua,
694 1872 728 1912 ex
758 1857 854 1914 nativo
883 1857 974 1915 silicis
1028 1872 1169 1912 aerumna.
1183 1857 1334 1929 Siquidem
1346 1856 1446 1912 statim
1458 1855 1524 1911 laeta
1537 1855 1751 1913 elementorum
1768 1857 1852 1913 iacies

151 1950 218 2006 sino
236 1950 351 2004 laticem
369 1949 516 2019 produxit,
537 1948 589 2019 qui
609 1962 750 2018 perennes
766 1948 841 2003 rivos
856 1947 975 2004 deducit
1028 1948 1181 2016 emarcuit,
1195 1965 1249 2019 pax
1262 1965 1313 2021 per
1323 1949 1385 2020 ejus
1398 1947 1571 2019 sapientiam
1584 1953 1743 2019 procurata
1753 1963 1853 2019 super·

150 2039 186 2094 ad
205 2039 276 2094 hanc
292 2037 386 2094 diem:
405 2037 512 2093 diaboli
528 2052 718 2108 quascunque
733 2036 856 2093 insidias
871 2037 974 2110 praevi-
1028 2035 1852 2111 ventuDanorumevanuit,quamvisillamaximissignis

149 2130 239 2186 debat
254 2128 468 2201 perspicaciter,
484 2127 657 2184 eteludebat
671 2131 814 2199 potenter,
832 2127 974 2185 lemineas
1028 2124 1156 2182 liliorum
1173 2125 1354 2183 calamitates
1370 2125 1517 2199 levigaret.

152 2220 300 2290 quondam
316 2216 418 2274 sordes
434 2217 666 2274 insusurrantem
690 2215 789 2287 ignitis
813 2216 973 2288 torcipibus
1063 2217 1192 2282 Quorum
1217 2215 1291 2271 illud
1317 2215 1458 2287 scriptum
1482 2230 1540 2270 non
1560 2213 1629 2283 ridi,
1654 2216 1734 2287 quod
1761 2231 1852 2287 nuper

150 2311 287 2377 adurens,
311 2307 508 2378 eumdemque
530 2306 587 2362 sihi
611 2308 641 2361 in
668 2307 799 2362 oratione
823 2306 973 2374 intestam,
1027 2308 1175 2379 quoddam
1192 2306 1326 2363 Ecclesia
1350 2305 1458 2361 Christi
1476 2304 1615 2362 monacho
1639 2305 1783 2362 referente
1798 2322 1851 2362 au·

150 2398 373 2469 simulacroque,
390 2396 432 2453 vel
447 2398 554 2469 vulpis,
569 2397 613 2454 vel
630 2398 690 2452 ursi
705 2399 853 2467 indutum,
868 2396 973 2455 haculo
1026 2397 1104 2453 diri:
1122 2397 1214 2452 turem
1230 2396 1400 2452 damnatum
1411 2394 1580 2467 precipitio,
1592 2395 1687 2451 saneti
1705 2394 1849 2452 Dunstani

148 2489 287 2561 abigens3
312 2488 421 2544 effusos
443 2503 495 2558 pro
516 2484 611 2542 exsilii
633 2486 679 2541 sui
699 2483 797 2541 lotitia
812 2486 971 2542 cachinnos
1025 2483 1849 2558 auxiliuminclanasse,ligatisqueoeulisacarnificibus

149 2577 377 2648 ingeminantem
393 2576 483 2631 minis
498 2591 633 2647 arguens,
651 2576 745 2630 minas
759 2574 873 2631 effectui
889 2591 972 2632 men·
1025 2581 1209 2641 retroactum,
1229 2573 1385 2630 desiluisse
1399 2575 1428 2629 in
1451 2576 1640 2646 prereptum,
1658 2589 1712 2631 nec
1726 2572 1848 2630 lassum:

148 2668 265 2740 siparis,
281 2669 352 2723 dum
364 2667 400 2722 ab
416 2665 516 2721 exsilio
533 2681 684 2722 rearessus
698 2663 844 2735 ingentem
855 2664 970 2721 diaholo
1025 2663 1064 2720 ibi
1080 2665 1198 2721 beatum
1214 2663 1413 2733 Dunstanum,
1429 2661 1620 2735 corporaliter
1634 2679 1702 2719 cum
1719 2679 1754 2720 eo
1770 2663 1848 2720 locu·

144 2759 305 2829 jacturam,
320 2758 355 2813 de
371 2756 520 2811 lucrandis
536 2755 659 2812 Domino
670 2755 835 2825 animabus,
851 2755 968 2812 laceret.
1025 2759 1099 2822 tum,
1120 2771 1212 2810 noxus
1232 2753 1383 2810 oculorum
1404 2753 1536 2809 solvisse.
1560 2753 1620 2818 Quo
1638 2751 1745 2809 solatio
1761 2754 1848 2810 misc-

148 2848 296 2903 Edmundi
310 2847 385 2918 regis
401 2847 531 2919 proxime
546 2845 676 2902 loturum
692 2850 720 2901 et
740 2846 855 2902 Edwini
871 2851 969 2916 prete·
1023 2860 1088 2900 rum
1100 2841 1846 2915 animatum,percontragosassemitasinsuperiore

148 2937 237 2991 ritum
269 2936 381 2991 obitum
412 2937 572 2991 demonum
600 2936 720 2992 edoctus
749 2935 859 3002 letitia,
886 2935 968 2992 itlius
1022 2934 1148 2990 erasisse
1164 2950 1270 2989 manus
1289 2933 1443 3004 eujusdam
1460 2947 1549 3004 quam
1568 2947 1627 2987 oon
1642 2931 1756 2987 viderat
1768 2935 1844 3003 nisu,

147 3038 254 3096 corpus
267 3024 421 3080 Glsstonie
436 3024 576 3095 sepelivit,
590 3024 675 3080 istius
691 3025 814 3079 enimam
829 3023 965 3080 inimieo-
981 3065 1003 3132 c
1022 3023 1147 3095 pendula
1171 3022 1316 3095 pergentis
1340 3028 1432 3094 terga,
1459 3036 1494 3076 ne
1517 3026 1593 3077 retro
1607 3021 1767 3089 laberetur,
1780 3037 1842 3078 sus

146 3128 212 3168 rum
230 3113 373 3169 violentie
389 3112 507 3186 cripuit.
531 3112 604 3178 Quid
620 3111 718 3168 ittudt
743 3129 838 3169 nonne
854 3129 965 3185 magne
1022 3118 1153 3169 tentante
1165 3135 1171 3181 ς
1185 3114 1234 3168 sed
1250 3114 1319 3185 quia
1329 3113 1364 3169 dc
1374 3118 1538 3185 temporum
1548 3110 1666 3167 turbine
1678 3110 1707 3165 in
1726 3111 1843 3175 nostris,

146 3203 311 3259 reverentiae
322 3208 401 3258 metu
413 3202 568 3259 dicendum
578 3204 654 3274 quod
664 3203 865 3274 corporalibus
876 3203 968 3260 oeulis
1023 3203 1059 3258 de
1073 3203 1167 3258 sancti
1184 3202 1334 3258 miraculis
1355 3203 1385 3258 in
1401 3202 1525 3258 aliorum
1541 3200 1646 3273 legitur
1661 3199 1771 3257 litteris
1785 3215 1843 3257 sue

146 3299 278 3348 sanetum
300 3293 423 3349 intuitus
443 3292 584 3364 Spiritum
602 3291 769 3349 columbina
790 3294 966 3366 specieago-
1023 3291 1183 3348 cessionem
1199 3292 1401 3363 episcoporum
1422 3295 1559 3363 repetam.

147 3381 255 3437 nizanti
272 3381 385 3438 laminae
399 3388 427 3438 et
441 3381 498 3438 sihi
516 3381 622 3438 missas
636 3381 753 3437 facienti
769 3381 839 3437 vidit
854 3382 966 3452 adesse,
1061 3382 1211 3437 Dunstano
1221 3381 1362 3437 successit
1377 3396 1453 3437 anno
1469 3396 1526 3436 uuo
1537 3377 1715 3451 Ethelgarus
1726 3378 1777 3451 qui
1789 3377 1841 3450 pri·

145 3471 272 3541 indeque
287 3488 375 3542 super
390 3472 558 3527 memoriam
574 3471 735 3527 beatissimi
752 3470 868 3539 Odonis,
883 3472 967 3542 pleu-
1023 3485 1090 3525 mus
1104 3470 1135 3525 iu
1151 3486 1224 3526 novo
1240 3471 1415 3526 monasterio
1426 3470 1517 3526 abbas
1532 3485 1550 3524 a
1564 3468 1649 3524 heato
1667 3467 1841 3524 Ethelwoldo

146 3559 225 3615 sibili
250 3560 346 3616 volatu
368 3561 499 3618 sedisse?
517 3562 697 3633 Quapropter
716 3562 830 3617 cunctis
852 3560 881 3616 in
898 3578 965 3634 pos·
1022 3560 1178 3616 Wintonie
1194 3560 1297 3627 lactus,
1324 3568 1387 3631 post
1411 3560 1499 3614 ctiam
1521 3557 1712 3629 presulatum
1728 3559 1842 3614 Austra-

145 3649 969 3721 terumoccasionibusacceptieOdonembonumvocavlt
1022 3649 1094 3706 lium
1118 3654 1263 3704 Saxonum
1289 3653 1450 3721 acceperat,
1474 3649 1560 3718 qu'us
1582 3648 1666 3703 sedes
1690 3653 1762 3702 tuno
1785 3648 1841 3701 erat

147 3739 253 3796 usitato
268 3744 297 3795 et
311 3756 398 3809 quam
414 3741 530 3812 proprio
548 3747 668 3796 nomine
688 3740 969 3811 detitescentem
1023 3743 1098 3812 apud
1114 3740 1283 3805 seleseiam,
1300 3757 1377 3795 nune
1392 3748 1435 3794 est
1451 3739 1604 3794 cicestriae.
1622 3735 1682 3792 lloo
1697 3738 1735 3792 de
1750 3734 1839 3792 medio

147 3835 384 3901 pretereaquam
396 3829 576 3886 familiariter
592 3829 643 3897 illi,
656 3830 733 3886 Deus
750 3832 833 3895 bone,
850 3829 968 3902 superni
1022 3830 1097 3886 fanto
1113 3830 1189 3885 sedit
1203 3830 1289 3885 annia
1304 3845 1331 3884 si
1347 3826 1576 3884 wiltunensium
1592 3826 1675 3898 prius
1690 3825 1841 3897 episeopus

145 3917 269 3988 spiritus
285 3917 487 3989 apparebant?
502 3935 590 3992 quam
602 3929 809 3975 conserteeum
825 3935 858 3974 eo
875 3921 967 3974 lamu-
1021 3918 1166 3988 AEllricus,
1186 3919 1236 3990 qui
1252 3922 1281 3974 ct
1297 3923 1363 3973 ante
1385 3918 1475 3973 abbas
1496 3913 1722 3972 abendonensis
1739 3914 1839 3980 iuerat,

145 4005 306 4062 labantur?
321 4008 405 4078 cujus
416 4008 511 4064 adhoc
523 4009 643 4080 patriam
660 4008 838 4081 suspirantis
849 4008 967 4063 tredium
1022 4005 1057 4061 de
1072 4022 1130 4076 quo
1146 4008 1220 4077 quod
1237 4005 1355 4077 quidam
1368 4003 1471 4059 dieunt
1485 4019 1552 4058 eum
1568 4001 1733 4057 Cantuarioe
1749 4016 1842 4057 muna·

145 4095 255 4151 sanctia
271 4095 434 4153 hortatibus
455 4097 628 4154 animantes.
650 4098 755 4167 lldgari
770 4096 847 4168 regis
869 4102 965 4153 ortum
1022 4095 1092 4151 obes
1108 4093 1286 4166 proturbatis
1306 4092 1420 4149 clericis
1440 4094 1584 4164 posuisse,
1600 4087 1762 4145 verisimile
1786 4104 1839 4144 non

144 4193 172 4240 et
188 4185 354 4242 felicitatem
367 4187 494 4241 loturam
508 4186 684 4259 symphonia
694 4185 844 4256 angelica:
861 4185 964 4243 ildradi
1020 4184 1156 4241 videtur:
1173 4189 1287 4239 constat
1301 4182 1379 4238 anim
1391 4181 1550 4237 monachos
1565 4180 1595 4235 in
1606 4177 1731 4235 ecclesia
1745 4175 1841 4235 Sancti

143 4274 296 4329 decessum
306 4274 438 4331 irreciori
452 4275 576 4330 nubium
589 4275 717 4346 impulsu
732 4274 882 4345 cognovit;
897 4274 966 4331 hor·
1019 4272 1173 4328 salvatoris
1188 4272 1278 4326 luisse
1293 4275 1448 4341 atampore
1464 4267 1608 4324 Laurentii
1618 4264 1840 4339 archicpiscopi,

144 4365 276 4419 risooum
299 4365 378 4420 enim
398 4366 553 4437 strepitum
574 4366 706 4436 probarit
721 4380 800 4420 mors
816 4363 962 4430 animalis,
1021 4361 1071 4434 qui
1088 4364 1199 4431 primus
1211 4359 1379 4417 beatissime
1390 4359 1550 4431 Augustino
1561 4355 1716 4424 successit,
1729 4354 1839 4412 sioutin

144 4453 191 4508 cui
211 4452 369 4521 insederat,
395 4470 453 4510 non
479 4463 599 4511 morata.
626 4452 766 4524 Discipuli
790 4453 903 4508 felicem
928 4454 965 4509 ad
982 4436 1005 4502 D
1022 4449 1148 4522 Epistola
1173 4448 1312 4506 Bonilacii
1336 4466 1417 4521 papa
1447 4448 1483 4505 ad
1509 4462 1606 4520 regem
1632 4443 1841 4511 Ethelbertum

143 4542 230 4597 coelos
245 4558 395 4599 excessum
416 4545 522 4599 absens
544 4543 613 4599 vidit
633 4547 662 4599 et
678 4542 886 4615 pronuntiavit,
903 4558 968 4612 pro·
1021 4556 1084 4611 quae
1099 4540 1221 4595 interius
1237 4543 1371 4611 ponetur,
1385 4537 1543 4594 constabit.

143 4630 244 4702 phetia
257 4633 438 4704 perspicuus,
455 4649 506 4689 neo
522 4632 611 4689 ullius
627 4648 756 4704 unquam
773 4630 906 4687 talsitatis
922 4646 965 4688 rc·
1057 4629 1125 4685 Post
1149 4644 1216 4686 eum
1248 4628 1370 4684 Siricius
1393 4633 1423 4684 et
1448 4627 1511 4698 ipse
1533 4622 1752 4681 Wintonicnsis
1772 4638 1840 4695 pre·

143 4720 259 4793 pulsam
275 4738 389 4793 passus.
407 4722 559 4779 Ethelredo
574 4722 634 4796 regi
646 4724 774 4778 loturam
791 4738 964 4791 aerumnam,
1021 4718 1069 4775 sul
1084 4720 1170 4775 annis
1185 4718 1325 4790 quinque,
1340 4717 1425 4787 quus
1441 4714 1562 4772 consilio
1580 4715 1610 4770 in
1626 4712 1725 4770 Gestis
1744 4726 1839 4784 regum

140 4811 967 4883 virginiEdittiae,atEthelwoldoantistitlmortemprre·
1021 4808 1083 4864 dixi
1115 4807 1301 4864 Ethelredum
1341 4822 1438 4879 regem
1476 4803 1567 4860 animi
1601 4801 1766 4858 libertatem
1794 4805 1841 4857 lle·

141 4900 213 4956 dixit
224 4900 509 4968 conterminandam,
520 4900 674 4973 eidemque
686 4907 819 4957 sanctum
834 4900 962 4972 Ellegum
1022 4897 1068 4954 nis
1085 4897 1176 4966 pretio
1191 4896 1363 4964 uindicasse,
1381 4898 1527 4952 uteorum
1549 4907 1650 4964 pacem
1665 4895 1786 4964 argento
1799 4904 1839 4946 rs·

140 4989 963 5061 substituit,admonitorcmnactusapoetolumtlodrcam:
1021 4986 1155 5053 dimeret,
1171 5002 1246 5057 quos
1271 4987 1345 5041 terra
1368 4983 1529 5057 propellere
1552 4987 1659 5054 posset,
1684 4980 1742 5035 nisi
1758 4978 1840 5036 corde

139 5077 204 5148 ejus
227 5078 302 5134 enim
325 5080 471 5152 precipue
494 5078 645 5134 truebatur
667 5079 780 5147 solatio,
805 5077 848 5134 vel
871 5078 965 5135 vitare
1020 5081 1129 5132 careret
1147 5093 1154 5143 ;
1171 5077 1249 5132 unde
1268 5073 1461 5148 importabilis
1475 5071 1576 5128 tributi
1590 5068 1691 5142 pensio
1705 5067 1840 5141 imposita

140 5167 259 5223 aduersa
274 5169 317 5224 val
336 5168 479 5226 moderari
495 5171 633 5225 secunda.
651 5168 707 5224 sed
723 5167 838 5223 excellit
851 5167 962 5238 omnia,
1020 5163 1130 5236 Anglie
1160 5164 1291 5221 tortuosa
1315 5160 1537 5236 provincialium
1560 5160 1596 5216 ad
1626 5156 1725 5216 solnm
1751 5168 1839 5229 usqua

140 5256 255 5326 preluit
269 5259 416 5326 universa,
433 5257 511 5330 quod
536 5257 686 5313 dominam
710 5255 826 5313 Domini
841 5257 963 5313 Matrem
1019 5254 1175 5311 destruxit.

139 5347 276 5416 praesenti
289 5347 470 5404 miraculosi
483 5347 711 5421 vigilantioculo
723 5347 964 5421 conspicatosest
1055 5344 1136 5411 Quod
1154 5359 1220 5399 curn
1238 5359 1390 5401 successor
1403 5344 1467 5416 ejus
1481 5340 1540 5414 (56)
1557 5338 1716 5413 dilphegua
1734 5355 1771 5396 ex
1783 5335 1839 5410 epi·

138 5435 233 5490 socias
248 5436 367 5504 pudoris
391 5438 478 5506 linter
501 5453 587 5509 quaa,
612 5442 642 5493 st
663 5438 793 5507 eiusdem
816 5435 963 5508 pontillcls
1017 5450 1106 5507 scopo
1129 5433 1326 5494 Wintoniensi
1357 5433 1596 5507 archiepiscopus
1617 5429 1705 5489 anate
1734 5444 1796 5501 ees,
1814 5428 1840 5485 et

184 5523 230 5597 56)
247 5521 385 5582 iliricum
401 5526 519 5594 omittit,
535 5527 586 5598 qul
602 5525 687 5584 annis
701 5542 729 5582 xi
745 5526 843 5584 sedem
858 5525 961 5595 tenuit,
978 5525 1011 5584 Α.
1028 5523 1061 5584 ll.
1077 5524 1226 5582 tce-1005.
