3772 6006
101 209 154 264 tui

688 266 690 271 .
735 200 942 258 suencuam
965 199 988 256 ιι
1010 200 1111 257 esen

1699 204 1751 261 408

140 331 200 404 Ego
211 330 311 395 Comes
321 326 548 401 presbytercerd.
559 325 626 383 tituli
637 327 750 384 Eudoxii
761 330 848 400 lippe.
861 343 898 383 ss.
914 328 942 387 Α
956 332 1088 397 praeterea
1102 341 1163 383 cum
1178 304 1306 384 omnibus
1320 327 1442 384 terminis
1456 329 1527 396 suis,
1547 329 1581 386 de
1598 345 1652 402 quo
1673 329 1755 387 Oxu-

143 421 203 491 Ege
219 419 325 491 Gripbo
339 417 485 490 presbyter
499 417 577 472 card.
597 416 665 472 tituli
679 418 800 488 postoris
814 419 903 489 iippr.

104 508 180 564 subs.

141 606 203 678 Ego
218 604 305 662 Lucas
324 603 469 676 presbyter
488 602 565 659 eard.
593 602 635 657 tit.
664 610 819 659 sanctorum
833 603 905 658 ian·

106 693 186 752 rentii
199 701 227 748 et
244 692 328 759 Pauli,
343 695 429 764 lippr.
446 708 487 747 ss.

143 791 202 863 Ego
218 789 415 863 Chrysogonus
442 789 590 861 presbyter
617 788 693 844 card.
719 787 758 843 tit.
775 785 905 843 Praxedis

107 880 198 950 lippr.
218 895 259 933 ss.

143 976 242 1030 Datum
257 975 382 1031 Laterani
397 991 446 1046 per
456 990 566 1030 manum
580 973 707 1031 stimerici
726 981 827 1030 sauctae
847 973 906 1029 llo·

108 1079 198 1120 meuae
207 1063 611 1120 Ecclesiaedieconlcardinalis
621 1071 648 1118 et
665 1062 827 1130 cancellarii,
844 1061 905 1116 liei.

108 1152 208 1218 Martii,
224 1152 318 1208 indict.
330 1168 361 1218 ιι,
372 1152 570 1209 incarnationis
585 1151 735 1207 Dominicae
744 1165 815 1206 anuo
826 1153 904 1215 lisa,

109 1239 282 1312 pontificatus
297 1256 364 1297 sero
379 1240 472 1296 domui
484 1239 635 1295 iunocentii
650 1240 673 1295 il
688 1254 766 1311 pepae
786 1254 858 1294 euno
868 1253 905 1293 ιι.

437 1337 581 1393 ccclvii.

195 1435 238 1490 Ad
250 1435 427 1491 bernardum
445 1435 609 1507 episcopum
621 1433 822 1506 Saguntinum.

334 1533 424 1604 (Auno
441 1532 521 1599 taus,
536 1531 625 1587 liertii
639 1531 679 1602 a.)

145 1622 329 1694 linearem,
343 1621 524 1694 Descripciost
539 1621 569 1676 dt'
591 1620 681 1687 Osmu,
704 1620 753 1686 iil,
768 1635 796 1690 p.
814 1617 873 1690 iel

146 1721 337 1773 luuocnrrrrns
351 1718 507 1789 episcopus,
524 1734 620 1772 servus
636 1733 776 1773 seruorum
791 1714 850 1777 Dei,
862 1731 911 1771 ve·

110 1805 911 1877 uerebiliirairiBassianoSaguntinoepiscopu,ejusque

110 1895 319 1952 successoribus
335 1894 465 1951 canonice
479 1895 664 1960 instituendis,
688 1893 716 1948 iu
737 1900 909 1965 perpetuum.

146 1982 275 2055 Suscepti
290 1982 431 2056 regiminis
446 1997 514 2039 cura
529 1982 719 2054 compellimur
734 1997 794 2052 quse
809 1981 844 2037 ad
859 1996 911 2052 pe·

114 2087 174 2130 cem
201 2071 378 2128 ecelesiarum
406 2071 543 2142 pertinent
561 2072 736 2137 constituere,
766 2078 793 2126 et
819 2085 912 2125 earum

110 2160 193 2233 quieti
206 2167 316 2216 auctore
329 2159 448 2215 Domino
463 2159 618 2231 providere,
634 2175 685 2215 nec
700 2158 814 2214 dubium
830 2156 903 2231 quod

112 2265 146 2306 ex
166 2248 314 2306 commisso
343 2246 432 2304 officio
457 2247 494 2302 ita
522 2263 573 2304 nos
589 2247 716 2303 convenit
739 2254 913 2317 paternorum

111 2353 248 2395 canonum
261 2337 373 2393 decreta
388 2336 500 2406 librare,
512 2344 542 2390 ut
554 2335 701 2407 arnieuiquc
717 2334 850 2391 Ecclesiae
864 2349 914 2389 sua

108 2427 174 2499 jura
189 2434 340 2491 serventur,
371 2432 399 2481 et
428 2441 487 2496 quae
515 2439 532 2478 a
561 2423 687 2479 iratribus
701 2422 803 2478 nostris
832 2437 914 2495 regu·

112 2514 207 2570 lariter
220 2513 298 2582 liunt,
317 2512 394 2567 firma
409 2521 435 2568 et
459 2512 624 2567 inconcusse
639 2510 785 2566 stabilitate
801 2509 913 2566 firmen-

111 2617 166 2679 tur,
196 2605 326 2679 cu'Jusrei
353 2608 451 2678 gratie,
478 2607 641 2663 uenerabilis
668 2606 751 2662 freter
777 2606 915 2662 bernarde

113 2700 253 2771 episcope,
269 2697 323 2752 tuis
337 2695 511 2767 petitionibus
539 2695 690 2752 clementer
715 2695 870 2763 annuimus,
888 2702 916 2751 et

113 2786 268 2843 decisiones
298 2783 503 2852 coutroversiae,
530 2800 590 2854 quae
602 2799 653 2854 pro
668 2782 734 2839 villa
752 2783 831 2840 Suria
846 2783 916 2838 iuter

113 2883 190 2931 iaec
219 2873 318 2928 iratres
337 2879 445 2928 nostros
464 2871 625 2928 liicbaelem
652 2871 860 2927 Tirasonensem
889 2878 916 2926 ct

957 415 1059 471 mensis
1070 414 1215 487 episcopus
1225 416 1424 489 querimoniam
1436 416 1560 473 iaciebat.
1568 419 1653 474 Porro
1663 419 1753 476 eidem

958 501 1109 558 Oromensi
1124 519 1286 561 concessum
1301 508 1345 560 est
1371 505 1473 561 babere
1488 505 1595 562 Suriam
1610 506 1754 579 integram,

957 608 1020 648 cum
1048 592 1175 647 omnibus
1191 592 1315 648 terminis
1338 593 1404 662 suis,
1436 594 1538 667 deque
1565 596 1757 651 controversie

959 679 1046 737 iuerat
1059 681 1159 752 agitata
1174 688 1201 736 et
1216 682 1410 737 monesterium
1426 683 1534 740 Sanctae
1551 683 1644 740 itariae
1658 683 1692 740 de
1707 685 1758 739 lio·

959 770 1041 834 maio,
1068 783 1101 826 ac
1115 769 1224 841 regales
1239 769 1435 827 decimationes
1450 771 1576 840 ejusdem
1596 771 1679 837 ville,
1696 789 1757 844 quae

956 857 1024 926 iuris
1038 857 1142 912 iueraut
1158 858 1316 929 Saguntinas
1334 859 1475 916 Ecclesiae.
1496 858 1562 928 Ques
1583 861 1673 915 omnis
1688 859 1759 916 sicut

959 942 996 997 ab
1011 941 1108 997 eodem
1123 940 1179 998 lilio
1193 951 1288 998 nostro
1303 943 1430 999 (luidone
1444 951 1544 999 statuta
1558 953 1628 1012 sunt,
1652 943 1759 1000 isroris

959 1030 1060 1086 uostris
1076 1030 1225 1087 munimine
1240 1032 1413 1088 roboramus.
1425 1030 1610 1104 Quaecunque
1625 1041 1760 1104 praeterea

960 1127 1161 1199 possessiones,
1189 1143 1360 1200 quecunque
1382 1129 1453 1184 bona
1469 1128 1620 1202 Saguntina
1634 1129 1759 1186 Ecclesia

960 1216 1195 1287 inpraesentiarum
1217 1218 1288 1285 juste
1311 1217 1483 1274 etcanouice
1511 1218 1644 1288 possidet,
1673 1225 1718 1273 aut
1732 1218 1761 1273 iu

962 1304 1081 1361 iuturum
1096 1306 1275 1361 concessione
1288 1305 1459 1376 pontiiicum,
1483 1305 1649 1362 liberalitate
1665 1322 1760 1379 regum

962 1393 1006 1451 vel
1024 1393 1185 1465 principum,
1206 1393 1346 1450 oblatione
1370 1394 1501 1464 fidelium,
1521 1411 1572 1451 seu
1592 1394 1654 1449 aliis
1679 1394 1761 1465 justis

962 1482 1061 1547 modis,
1083 1482 1200 1538 Domino
1216 1481 1340 1554 propitio,
1357 1483 1460 1554 poterit
1479 1482 1606 1554 adipisci,
1622 1481 1699 1538 firma
1714 1484 1762 1539 tibi

963 1572 1071 1643 tuisque
1085 1571 1277 1627 succesoribus
1295 1579 1321 1627 et
1335 1571 1435 1627 illibata
1451 1581 1638 1642 permaneant.
1654 1572 1686 1626 in
1699 1571 1762 1642 qui·

924 1679 951 1740 B
967 1661 1018 1714 bus
1034 1661 1091 1716 iraeo
1103 1659 1223 1732 propriis
1253 1660 1379 1715 duximus
1398 1660 1574 1730 exprimenda
1600 1659 1762 1716 vocabulis:

966 1749 1103 1804 liediosm
1117 1748 1254 1815 videlicet,
1266 1748 1406 1814 liolinam,
1419 1748 1548 1804 Sanctum
1557 1748 1674 1816 lustum,
1685 1751 1765 1804 Ateu-

963 1838 1040 1903 tiem,
1066 1836 1162 1893 ambos
1185 1838 1342 1907 CatteJoues
1357 1853 1420 1893 cum
1443 1836 1616 1908 pertinentiis
1634 1838 1705 1892 suis.
1725 1836 1767 1891 De

966 1925 1107 1999 regalibus
1135 1941 1244 1998 quoque
1263 1925 1412 1982 redditibus
1437 1925 1633 1982 decimationes
1655 1925 1682 1980 in
1711 1932 1767 1981 toto

966 2014 1135 2086 episcopatu,
1158 2014 1270 2080 salinas,
1294 2013 1478 2080 molendinos,
1508 2030 1614 2071 necnon
1634 2013 1768 2069 seronem

965 2101 1111 2160 castellum
1126 2118 1188 2159 cum
1208 2102 1335 2158 omnibus
1350 2101 1475 2158 terminis
1498 2103 1566 2159 suis.
1586 2102 1767 2158 Decernimus

968 2191 1145 2264 ergoutuulli
1155 2191 1266 2246 omuino
1275 2191 1417 2246 hominum
1427 2189 1652 2262 iassitprreietam
1663 2190 1766 2262 Sagun·

966 2281 1051 2336 tinem
1061 2278 1206 2336 eeclesiam
1224 2280 1366 2350 superbae
1384 2287 1479 2335 nostre
1493 2279 1672 2336 concessione
1686 2286 1767 2349 etque

966 2367 1174 2426 confirmatione
1201 2375 1304 2424 temere
1323 2368 1497 2438 perturbare,
1518 2376 1565 2423 aut
1579 2371 1638 2434 ejus
1652 2382 1767 2438 posses·

967 2457 1060 2513 aiones
1075 2456 1193 2522 euierre,
1222 2455 1266 2512 vel
1281 2457 1388 2512 ablatas
1402 2457 1532 2522 retinere,
1556 2456 1689 2523 minuere,
1718 2470 1768 2511 seu

968 2545 1135 2616 quibuslibet
1159 2545 1292 2600 molestiis
1316 2544 1457 2617 tetigere;
1487 2546 1527 2601 sic
1554 2545 1646 2600 omnia
1661 2544 1770 2617 integra

968 2643 1166 2691 conserventur
1190 2650 1296 2700 eorum,
1322 2650 1373 2704 pro
1388 2650 1502 2705 querum
1529 2634 1728 2706 gubernatione
1742 2640 1770 2688 et

969 2722 1165 2778 sustentatione
1179 2737 1312 2779 concessa
1327 2730 1398 2790 suut,
1421 2723 1516 2778 usibus
1531 2722 1698 2777 omnimodis
1711 2736 1771 2792 pro

968 2809 1070 2864 futura.
1084 2809 1112 2865 Si
1128 2827 1180 2882 qua
1195 2810 1253 2866 sive
1266 2810 1294 2865 in
1320 2818 1460 2880 posterum
1476 2810 1665 2866 ecclesiastice
1679 2824 1770 2866 saecu·

970 2897 1069 2954 larisve
1085 2914 1214 2969 persona,
1227 2899 1298 2954 hanc
1311 2907 1413 2953 nostrae
1427 2898 1627 2955 constitutionis
1642 2898 1771 2970 pagiuam

114 2962 292 3021 Mirandum
323 2959 508 3017 ⁰¹⁰¹¹¹⁰¹¹⁵⁸¹¹¹
533 2960 677 3031 epi⁵⁰⁰p⁰³
706 2960 847 3031 “gebmu‘t
872 2959 914 3014 f⁸‘
971 2987 1072 3055 sciens,
1089 2995 1184 3043 contra
1199 3004 1259 3043 eam
1276 2987 1369 3042 venire
1384 2987 1531 3044 tentaverit
1546 3003 1596 3042 usu
1617 2986 1771 3054 temerario,

114 3055 185 3103 cum
202 3062 252 3117 per
280 3044 475 3102 discretionem
489 3043 582 3101 dilecti
607 3044 654 3098 tilii
670 3044 756 3099 uestri
781 3026 955 3099 GuideuisC

117 3143 219 3192 sancte
244 3135 375 3191 ilomeuae
394 3133 526 3189 Ecclesiae
545 3133 653 3189 diaconi
680 3132 827 3188 cardinalis
855 3140 918 3187 tunc

117 3223 274 3296 spostolicae
304 3222 378 3278 sedis
393 3219 487 3295 legati,
514 3220 708 3277 cumconsilio
736 3220 847 3275 illustris
868 3219 919 3276 viri

117 3311 286 3384 ildephonsi
302 3311 493 3382 Hispaniarum
509 3309 594 3382 regis,
611 3325 719 3365 necnon
734 3309 920 3379 archiepisco·

117 3417 226 3474 porum,
242 3399 447 3472 episcoporum,
463 3397 593 3453 abbatum
608 3405 634 3452 et
649 3396 765 3453 aliorum
780 3396 922 3469 religioso·

119 3505 180 3545 rum
195 3503 227 3544 ac
245 3486 407 3559 sapientium
422 3485 556 3553 virorum,
580 3484 626 3556 qui
640 3484 675 3540 ed
690 3485 835 3541 concilium
848 3485 920 3539 liur-

119 3577 216 3651 gieuse
242 3581 440 3643 convenerant,
469 3573 627 3630 auctoritate
651 3573 805 3645 apostolica
819 3572 920 3629 contir-

121 3681 227 3721 mamus
237 3671 263 3719 et
278 3663 417 3735 perpetuis
442 3661 538 3717 tuturis
553 3662 721 3733 temporibus
736 3669 793 3717 rats
808 3677 921 3719 manere

122 3753 270 3819 sancimus,
291 3759 320 3806 ut
336 3751 461 3806 videlicet
473 3751 507 3807 de
524 3750 566 3805 his
581 3767 642 3822 quae
657 3750 815 3823 Saguntinae
829 3751 922 3806 Eccle-

123 3842 171 3900 siae
196 3840 377 3912 pertinebant,
414 3840 605 3895 Tirasoneusis
629 3839 747 3896 eeclesia
767 3839 921 3910 possideret

125 3937 276 4005 Celateind,
291 3937 416 4002 borovia,
434 3935 557 4005 alcazar,
573 3951 634 3992 cum
656 3936 783 3991 omnibus
799 3935 921 3991 terminis

124 4024 919 4093 earumdemvillarum,majoremecciesismdeCalataind,

125 4132 187 4173 cum
209 4114 336 4171 omuibus
363 4112 572 4169 haereditatihus
596 4112 662 4180 suis,
701 4120 727 4167 et
748 4113 922 4169 hereditates

125 4219 194 4276 quas
214 4202 315 4258 ibidem
335 4201 435 4257 emisse
457 4199 642 4271 dignosceris.
667 4199 802 4272 Olbegem
829 4199 921 4255 villam

971 3075 1092 3131 secundo
1103 3076 1217 3131 tertioue
1232 3076 1407 3142 commonita,
1424 3076 1448 3131 si
1462 3090 1516 3132 nou
1531 3091 1653 3148 congrue
1664 3074 1772 3132 setisie·

972 3164 1050 3233 uerit,
1077 3165 1221 3235 potestatis
1249 3165 1417 3235 honorisque
1442 3164 1484 3219 sui
1507 3165 1639 3237 dignitate
1667 3172 1770 3230 eareat,

972 3264 1102 3320 reamque
1130 3248 1268 3304 sediviuo
1293 3248 1396 3317 judicio
1421 3248 1541 3305 existere
1570 3248 1604 3303 de
1618 3256 1773 3319 perpetrata

973 3335 1113 3408 iniquitate
1142 3345 1302 3409 cognoscat,
1331 3344 1388 3391 ete
1412 3337 1596 3392 sacratissimo
1611 3351 1726 3407 corpore
1739 3353 1775 3395 ec

973 3424 1107 3496 sauguine
1133 3425 1184 3480 Dei
1212 3433 1238 3480 et
1261 3424 1451 3496 Redemptoris
1477 3425 1563 3479 nostri
1593 3425 1658 3480 iesu
1673 3425 1774 3480 Christi

973 3512 1063 3568 aliena
1076 3512 1132 3579 liet,
1154 3519 1237 3585 etque
1258 3513 1286 3568 iu
1301 3520 1426 3569 extremo
1438 3513 1562 3568 examine
1576 3512 1704 3568 districtas
1729 3513 1773 3569 ui-

973 3599 1039 3656 tioui
1053 3602 1204 3670 subjaceat.
1221 3601 1332 3656 Cunctis
1356 3610 1447 3656 autem
1471 3601 1560 3655 eidem
1576 3600 1635 3657 locu
1651 3618 1699 3656 sua
1709 3603 1774 3672 jura

974 3690 1146 3745 servantibus
1160 3690 1193 3744 sit
1208 3705 1261 3760 pes
1277 3688 1384 3744 Domini
1400 3688 1485 3745 nostri
1499 3689 1562 3744 iesu
1578 3689 1687 3756 Christi,
1704 3706 1772 3762 qua·

974 3788 1054 3836 tenus
1070 3786 1097 3834 et
1114 3779 1160 3835 hic
1181 3777 1297 3833 iruetum
1324 3777 1403 3833 bonae
1421 3777 1535 3834 actionis
1562 3776 1722 3849 Percipient,
1747 3786 1776 3833 et

974 3867 1046 3940 apud
1061 3865 1214 3922 districtum
1228 3865 1348 3934 y'udicem
1360 3865 1469 3935 praemia
1481 3873 1592 3921 oeteruae
1602 3865 1679 3937 pacis
1692 3865 1775 3922 inve·

975 3956 1060 4012 uiant.
1077 3955 1179 4023 Amen,
1192 3969 1283 4020 emen,
1299 3969 1389 4009 amen.

1011 4092 1121 4145 duasve
1141 4103 1195 4143 rues
1214 4089 1302 4153 Durus,
1325 4101 1476 4143 staurems
1494 4101 1616 4143 sesana.

1013 4224 1072 4296 ligo
1097 4223 1271 4281 innocentius
1296 4221 1439 4280 catholicae
1457 4221 1590 4278 Ecclesiae
1619 4220 1775 4293 episcopus,

125 4291 245 4357 ielicem,
261 4297 377 4362 quaeest
391 4288 462 4343 iuter
476 4288 618 4354 Colaticid,
639 4295 666 4344 et
678 4287 815 4344 Durocam
831 4288 923 4344 villam
977 4312 1129 4384 ,ubwipsi
1143 4313 1176 4384 †·

127 4397 188 4453 quae
197 4374 963 4448 diciturSslaspropeOlbegamileservntisnimirum1)
1014 4403 1073 4475 Ego
1087 4401 1240 4467 conradus.
1257 4400 1417 4457 sabinensis
1427 4399 1572 4470 episcopus
1583 4396 1735 4469 subscripsi
1744 4397 1776 4468 †·

127 4467 162 4524 ad
173 4465 367 4538 proprietatem
378 4463 536 4534 Saguntina
546 4463 784 4519 ecclesiaeduobus
793 4464 923 4534 castellis,

127 4555 201 4611 Dese
224 4551 350 4609 videlicet
378 4551 448 4607 iuter
474 4551 597 4606 Calatinb
625 4555 653 4607 et
682 4552 868 4619 almazanum,
899 4561 926 4609 et

128 4641 220 4700 Furiae
236 4641 307 4696 inter
319 4638 462 4695 Celateind
476 4648 502 4694 et
512 4638 662 4694 liedinanr.
676 4639 821 4708 Tibi-sero,
838 4657 924 4697 reue-

128 4730 223 4787 rsbilis
237 4729 264 4785 in
280 4727 397 4784 Domino
412 4726 497 4783 irater
511 4727 649 4784 Beruerde
663 4727 804 4799 episcope,
817 4728 852 4784 de
863 4730 926 4799 jure

129 4826 293 4887 Oxomeusis
303 4823 535 4883 ecciesiaehabere
552 4838 713 4881 concessum
728 4833 778 4894 est,
789 4823 924 4893 Allonem,

128 4935 198 4975 cum
207 4916 336 4973 omuibus
355 4913 477 4970 terminis
491 4913 549 4969 suis
563 4921 591 4969 et
604 4913 779 4970 hereditates
792 4929 860 4986 quas
887 4913 927 4970 ibi

129 5015 250 5084 eiusdem
265 5012 319 5069 ioci
336 5011 454 5069 habebat
469 5010 627 5082 episcopus,
640 5009 807 5082 aquileram,
822 5011 927 5067 castei-

129 5101 184 5157 lum
199 5100 234 5157 de
249 5100 347 5169 Galba,
363 5098 536 5155 medietatem
545 5098 648 5165 aldeae,
661 5114 722 5171 quae
735 5097 834 5155 dicitur
848 5098 928 5155 Lice·

130 5213 185 5264 ras,
201 5199 367 5252 Carsceusm
382 5211 444 5253 cum
458 5194 587 5251 omnious
599 5195 694 5251 Aldeis
707 5194 776 5261 suis,
788 5210 849 5251 curu
863 5195 928 5251 duo

129 5288 180 5343 bus
195 5283 369 5340 monasteriis
385 5284 478 5340 Sancti
494 5283 656 5353 saluatoris,
671 5290 699 5340 et
713 5283 821 5340 Sanctae
835 5283 927 5341 itariae

129 5382 164 5439 de
177 5379 425 5445 Tiermes,vsdum
439 5380 474 5434 dc
494 5395 571 5452 rege,
595 5379 751 5453 aquileram
765 5378 926 5454 berlangam

129 5487 191 5528 cum
206 5469 333 5526 omnibus
347 5467 468 5523 terminis
482 5469 581 5525 suiset
595 5483 656 5525 curu
676 5470 844 5525 monasterio
858 5470 926 5526 San·

1012 4491 1075 4563 Ego
1107 4489 1272 4546 Tbedwiuus
1299 4489 1406 4545 Sanctae
1430 4485 1533 4544 Rufinae
1548 4488 1695 4560 episcopus
1710 4485 1777 4541 sub·

979 4579 1074 4650 scripsi
1089 4579 1121 4650 †.

1015 4683 1074 4754 Ego
1089 4680 1241 4736 Bernerdus
1254 4680 1398 4752 presbyter
1419 4676 1565 4736 cardinalis
1589 4675 1658 4733 tituli
1673 4675 1779 4733 Seuctas

980 4769 1073 4827 Crucis
1087 4768 1114 4824 iu
1129 4767 1313 4835 Hierusalem,
1329 4766 1482 4839 subscripsi
1498 4767 1530 4837 †.

1015 4874 1076 4946 Ego
1091 4872 1217 4944 Angelus
1244 4872 1391 4944 presbyter
1413 4869 1561 4928 cardinalis
1584 4869 1652 4926 tituli
1685 4868 1779 4928 Sancti

980 4962 1119 5018 laurentii
1133 4960 1160 5016 iu
1177 4960 1289 5027 Lucina,
1306 4959 1445 5030 subscrip.
1464 4959 1497 5030 †.

1017 5074 1076 5143 ligo
1092 5074 1175 5127 Lucas
1194 5070 1340 5143 presbyter
1367 5068 1514 5127 cardinalis
1528 5068 1597 5124 tituli
1613 5068 1779 5126 Sanctorum

980 5161 1093 5217 ioannis
1109 5170 1136 5216 et
1152 5160 1236 5226 Pauli,
1254 5160 1396 5231 subscrip.
1414 5160 1447 5230 †.

1016 5272 1078 5345 Ego
1093 5270 1234 5338 liertinus,
1259 5271 1404 5342 presbyter
1427 5268 1573 5326 cardinalis
1597 5267 1665 5324 tituli
1690 5269 1779 5325 saucii

981 5361 1110 5433 Stephani
1125 5360 1151 5415 iu
1167 5359 1250 5416 Caelio
1265 5369 1366 5426 monte,
1383 5358 1516 5430 subscrip.
1535 5357 1568 5429 †.

1016 5469 1075 5540 Ego
1087 5467 1177 5523 Guido
1188 5468 1293 5525 Sancte
1303 5467 1436 5522 Romane
1445 5463 1576 5522 Ecclesiae
1585 5462 1716 5535 indiguus
1730 5479 1777 5518 sa·

129 5560 164 5620 cti
183 5556 306 5626 banduli,
333 5555 506 5624 Velomaaec,
531 5565 557 5613 et
584 5559 709 5627 Baream,
747 5557 926 5616 dimassnum
978 5558 1088 5625 cordes,
1102 5554 1239 5627 subscrip.
1255 5557 1288 5626 †.
