3750 6000
119 221 171 275 roa
750 202 955 266 trtrtocuttttt
982 206 1008 262 11
1035 202 1132 263 PttPAE
1211 224 1215 235 ·
1708 212 1760 270 tat

115 343 279 415 respondere
292 355 428 398 cuminus.
449 338 563 394 Pramm
578 343 618 391 est
631 334 703 390 anim
718 340 744 390 et
753 332 908 389 detestabile
923 329 951 391 Α
965 347 1025 387 cum
1042 340 1119 403 portu
1134 340 1159 386 et
1175 332 1283 386 nanum
1297 331 1454 400 redditibus,
1470 341 1498 389 et
1509 342 1539 389 ut
1552 342 1606 390 tam
1616 350 1665 392 ros
1677 352 1760 408 qaam

116 430 315 509 ingratitudinis
327 429 421 485 vitium
436 434 463 483 ct
477 425 597 482 funditus
621 440 637 479 a
664 424 797 480 bonorum
811 421 912 476 menti-
966 436 1060 475 omnes
1074 421 1219 475 servientes
1228 420 1325 476 domus
1347 421 1439 478 vestiae
1456 421 1761 483 libemmcommeatum

116 525 167 580 bns
182 519 391 593 repellendum
420 516 541 589 ingratus
560 513 693 585 siquidem
709 527 827 584 poenam,
858 526 911 566 non
965 509 1031 577 vini,
1050 510 1174 565 frumenti
1190 517 1217 565 et
1243 509 1364 565 omnium
1388 511 1501 567 aliamm
1521 528 1620 583 rerum,
1650 521 1706 571 tam
1733 516 1761 571 in

116 622 232 697 gratiam
244 624 420 692 promeretur.
432 614 539 685 Quanto
561 622 650 669 autem
665 609 752 667 studio
766 617 793 666 et
818 608 913 664 inlati·
966 607 1044 676 aquis
1058 623 1138 676 quam
1168 608 1195 661 in
1223 608 1308 672 terris,
1325 608 1478 663 transitibus
1499 609 1631 680 pontium,
1660 618 1688 667 et
1700 627 1763 682 por-

115 710 200 785 gabili
223 704 403 764 sollicitudine
423 707 474 760 hac
500 708 659 774 tempestate
685 715 793 756 causam
821 697 914 753 matris
968 694 1038 750 tibus
1066 697 1147 751 maris
1167 696 1241 751 omni
1270 703 1391 767 tempore
1406 697 1550 762 habeatis;
1579 698 1607 753 in
1622 700 1720 772 Argita
1734 701 1763 757 5„

116 808 169 856 tuas
182 803 282 855 sanctae
296 796 426 850 Romanas
440 791 569 848 Ecclesia
587 788 734 861 intrepidus
757 802 912 858 assumpse-
967 784 1124 856 episcopatu
1164 785 1346 841 wintoniensi
1382 787 1531 841 manerium
1566 787 1639 857 quod
1666 787 1765 846 dicitur

117 897 163 963 ris,
179 902 205 951 et
231 892 408 950 ambitionem
437 888 569 945 invasoris
582 888 639 953 (tat
660 884 728 939 fatri
742 883 839 938 Leonis
866 882 914 936 de·
966 881 1185 947 llintre-Worda,
1210 882 1237 935 in
1251 882 1448 939 Northmannia
1473 883 1604 955 oppidum
1628 885 1723 943 Giaors
1736 893 1764 944 et

117 993 225 1051 testans,
241 999 272 1039 ac
285 981 403 1036 iudaicae
418 977 538 1051 perlldiae
559 977 676 1030 furorem
693 980 834 1028 conterens
860 971 914 1025 fre-
966 972 1077 1026 Willam
1101 971 1220 1026 Durrent
1248 987 1279 1025 ac
1301 971 1454 1040 Daivillam,
1483 988 1544 1028 cum
1571 973 1652 1046 agris,
1677 975 1763 1044 sitris,

117 1074 260 1146 quantibus
274 1075 301 1127 et
328 1070 431 1125 ratione
446 1066 555 1123 munitis
581 1062 812 1120 exhortationihus
831 1059 912 1115 cleri-
967 1060 1053 1129 aquis,
1070 1060 1161 1130 pratis,
1179 1059 1349 1127 molendinis,
1365 1069 1393 1115 et
1419 1077 1479 1115 eum
1498 1061 1571 1117 omni
1600 1061 1723 1120 libertate
1736 1069 1764 1121 et

118 1179 222 1229 corum,
237 1159 390 1231 principum
402 1164 429 1211 ct
443 1163 599 1212 caehrorum
615 1149 914 1208 conlainfideCatho·
963 1157 1097 1226 jusum„
1116 1165 1190 1228 pm,
1214 1173 1321 1227 quoque
1336 1174 1418 1227 supra
1442 1157 1688 1229 sommium
1715 1160 1764 1216 se·

118 1261 171 1317 lica
184 1266 211 1314 et
225 1254 378 1312 obedientia
391 1261 482 1308 nostra
495 1248 715 1316 firmareris,non
726 1248 911 1302 immemores:
966 1262 1083 1315 quanam
1097 1245 1193 1308 sitast
1205 1245 1315 1301 domum
1332 1245 1432 1301 ibidem
1442 1246 1475 1301 ad
1488 1246 1761 1319 lenaconservanda3

118 1357 154 1416 to,
183 1343 338 1402 charissime
366 1343 449 1398 frater
470 1341 549 1411 llugo
586 1337 797 1408 archiepiscope,
824 1335 913 1391 virum
966 1334 1129 1405 Rothomagi
1159 1334 1269 1389 domum
1297 1335 1445 1405 propriam,
1476 1335 1577 1390 curiam
1591 1343 1618 1391 et
1643 1337 1761 1405 hortum,

117 1438 208 1507 utique
222 1434 381 1505 sapientem,
396 1429 552 1502 religiosum
580 1435 607 1482 et
620 1427 648 1480 in
663 1425 819 1480 necessitate
846 1438 913 1493 pro-
966 1425 1034 1479 ultra
1048 1438 1140 1478 muros
1154 1423 1313 1494 pomerium,
1330 1430 1356 1478 et
1383 1423 1587 1493 mansionarios,
1602 1424 1637 1481 de
1663 1425 1762 1495 quibus

117 1534 220 1598 batum,
237 1531 265 1586 in
279 1529 416 1601 proprium
433 1535 459 1581 et
472 1525 616 1598 specialem
631 1525 661 1579 B.
677 1522 746 1577 Petri
774 1528 913 1577 etsanctae
966 1521 1050 1577 habes
1063 1536 1171 1576 censum
1200 1519 1365 1589 etiustitiam
1383 1539 1389 1575 :
1406 1536 1438 1576 aa
1461 1520 1541 1576 etiam
1570 1538 1631 1591 quae
1653 1523 1761 1580 suardo

117 1622 247 1679 Romanae
261 1618 388 1674 Ecclesiae
402 1614 485 1670 tilium
501 1613 670 1683 suscipimus,
686 1620 712 1667 et
728 1611 797 1665 intra
815 1617 913 1664 nostrae
966 1609 1048 1666 leudo
1076 1607 1301 1681 liotlromagensis
1325 1609 1541 1681 arclriepiscopi;
1572 1610 1761 1666 vilcassinum

115 1709 265 1767 dilectionis
292 1706 425 1780 gremium
441 1702 567 1759 familiari
591 1700 732 1756 dulcedine
746 1699 903 1753 retinemus.
923 1679 1095 1767 13franciae,
1116 1704 1213 1768 praeter
1239 1695 1285 1752 illa
1299 1697 1408 1752 castella
1435 1714 1495 1767 quae
1510 1696 1544 1753 ad
1569 1698 1614 1767 jus
1641 1699 1715 1772 regis
1727 1716 1761 1755 01

114 1795 328 1855 Rationabilibus
341 1794 423 1866 igitur
450 1792 501 1847 tuis
521 1788 744 1862 postulationibus
771 1802 908 1843 assensum
963 1797 1070 1865 antiqua
1098 1793 1290 1849 consuetudine
1317 1793 1462 1864 pertinent.
1495 1794 1566 1851 Sane
1593 1796 1760 1852 Alba-marla

112 1896 274 1967 praebentes,
301 1892 546 1961 Rothomagensem
579 1885 735 1952 Ecclesiam,
772 1884 815 1939 cul
850 1883 909 1938 Deo

114 1992 222 2041 auctore
238 1979 375 2053 praesides,
389 1994 450 2034 cum
466 1976 543 2031 bonis
562 1974 616 2029 suis
642 1973 789 2044 apostolica
816 1971 909 2027 defen·

114 2073 191 2129 sione
215 2069 393 2142 protegimus,
431 2073 457 2121 et
480 2080 540 2134 quae
567 2063 651 2134 ipsius
684 2061 754 2131 juris
778 2067 840 2115 sunt
860 2059 909 2114 tibi

115 2171 219 2241 tuisque
232 2165 427 2224 seccessoribus
449 2162 541 2234 scripti
556 2160 637 2216 nostri
664 2159 762 2214 robore
789 2173 911 2214 commu·

113 2259 213 2328 nimus,
227 2263 372 2312 statuentes
385 2260 415 2309 ut
437 2249 661 2322 llothomagensis
681 2248 908 2317 archiepiscopus,

112 2347 263 2418 Baiocensi,
278 2341 445 2407 thrinoensi,
462 2338 629 2406 Ebroicensi,
652 2336 824 2401 Luxoriensi,
841 2336 911 2390 Con·

112 2435 249 2493 stantiensi
262 2442 288 2488 et
304 2430 437 2504 sagiensi,
459 2429 521 2500 jura
534 2426 730 2497 metropolitico
744 2424 835 2495 praesit
848 2422 910 2493 epi-

112 2533 201 2606 scopis
215 2547 223 2602 3
240 2531 285 2602 qui
300 2528 426 2584 nimimm
437 2525 472 2581 ab
483 2541 516 2581 co
530 2523 758 2579 consecrationem
768 2521 907 2590 recipiant,

113 2630 140 2678 et
154 2623 179 2677 ei
193 2628 319 2689 tanquam
348 2614 457 2687 proprio
473 2611 680 2683 metropolitano
696 2609 832 2664 humiliter
856 2623 909 2678 pa-

114 2715 200 2765 reant.
216 2704 391 2762 Decernimus
404 2701 485 2757 etiam
500 2708 529 2756 ut
555 2698 702 2771 presbyteri
717 2698 744 2752 in
759 2698 908 2752 flothoma-

111 2807 190 2881 gensi
204 2803 334 2877 parochia
356 2800 490 2858 constituti
506 2799 678 2855 ecclesiarum
698 2794 908 2851 administratio-

112 2912 175 2953 nem
190 2902 217 2950 et
229 2908 320 2949 curam
350 2890 531 2946 animaruma
558 2886 637 2943 robis
664 2884 805 2954 recipiant,
833 2882 907 2937 etad

111 2981 242 3057 synodum
257 2978 345 3036 vocati
359 2977 461 3046 absque
474 2974 684 3031 contradictione
698 2973 788 3043 aliqua
815 2971 906 3027 venire

110 3097 164 3137 non
179 3077 326 3133 differant:
356 3074 389 3130 ad
405 3076 464 3129 haec
491 3072 647 3142 adjicientes
674 3070 857 3141 prohibemus,
874 3083 908 3124 nc

111 3169 207 3239 aliquis
221 3166 305 3222 laicus
329 3164 398 3218 infra
414 3161 554 3235 praefatum
583 3160 767 3230 episcopatum
789 3157 907 3214 odicium

110 3258 163 3315 sibi
178 3256 410 3312 archidiaconatus
437 3257 565 3313 assumat,
581 3265 667 3318 nuque
683 3247 905 3318 compositionem

109 3345 317 3406 ecclesiasticam
331 3341 382 3397 sibi
398 3339 533 3395 uindicare
557 3345 702 3407 prresumut
717 3351 723 3404 ;
739 3336 827 3390 nullus
841 3352 907 3405 quo-

110 3460 162 3515 que
177 3440 394 3512 archiepiscopus
420 3436 463 3492 vel
478 3435 620 3506 episcopus
643 3433 669 3486 in
695 3431 904 3503 flothomagensi

108 3531 236 3605 parochia
246 3527 348 3597 absque
366 3532 411 3581 tuo
421 3524 464 3579 val
480 3538 662 3578 successomm
675 3529 779 3576 tuorum
795 3537 904 3575 assensu

108 3614 380 3688 audeatepiscopalia
394 3612 543 3668 celebrare.
563 3611 645 3665 Porro
668 3624 749 3664 nemo
767 3609 902 3665 ‹let'cstris

106 3717 233 3790 frugibus
246 3720 292 3770 aut
305 3710 467 3768 animalibus
480 3708 599 3764 decimas
613 3707 713 3779 exigat,
729 3706 901 3778 quandoqui-

106 3805 169 3864 dem
184 3804 371 3877 episcopomm
393 3806 432 3853 est
455 3795 729 3853 decimasasubditis
751 3796 806 3850 suis
829 3797 900 3852 reci-

105 3910 180 3967 pere,
196 3906 295 3962 easque
309 3890 336 3944 in
350 3904 427 3943 usum
443 3886 558 3958 propriae
578 3901 688 3954 mensae,
714 3883 748 3939 atl
762 3900 830 3956 opus
844 3886 900 3940 cic·

106 3984 233 4052 ricorum,
248 3994 353 4035 necnon
370 3992 420 4048 pro
449 3975 620 4031 eudesinrum
640 3972 761 4029 edificiis
775 3990 901 4043 reparan-

962 1900 1023 1939 cum
1053 1882 1178 1938 omnibus
1204 1883 1238 1937 ad
1265 1898 1326 1937 eum
1354 1883 1556 1953 pertinentibus,
1585 1893 1611 1939 et
1634 1891 1751 1940 castmm

962 1970 1056 2036 Teoni,
1072 1980 1098 2026 et
1125 1978 1240 2026 castrum
1269 1971 1368 2026 Allium
1386 1971 1560 2027 Ambiancnsi
1574 1972 1674 2028 civitati
1689 1988 1758 2042 pro·

963 2062 1076 2125 nimum,
1107 2059 1178 2129 quod
1193 2075 1273 2128 supra
1300 2059 1445 2115 Somensm
1473 2059 1583 2115 fiuvium
1598 2061 1678 2116 sitnm
1706 2070 1756 2129 ast,

963 2156 1042 2212 vohis
1055 2156 1122 2210 sicut
1144 2164 1241 2210 caetera
1258 2156 1414 2211 auctoritate
1442 2157 1589 2227 apostolica
1602 2159 1760 2213 communi-

964 2261 1037 2299 mus.
1055 2244 1195 2300 Terminus
1222 2260 1286 2299 vero
1301 2243 1479 2313 parochiales,
1499 2245 1569 2301 infra
1590 2262 1657 2316 quos
1669 2248 1760 2317 utique

963 2332 1125 2387 hlellentlum
1142 2339 1168 2386 et
1181 2331 1319 2386 Pontisnra
1332 2332 1511 2401 eontinentur,
1521 2333 1599 2389 robis
1612 2335 1758 2404 firmamus,

963 2430 1061 2484 sicuta
1085 2429 1222 2484 l‘ontisara
1250 2428 1386 2499 usquead
1415 2445 1488 2484 mare
1503 2430 1705 2501 protenduntur,
1734 2438 1760 2487 et

964 2518 1079 2589 antiquis
1093 2534 1126 2572 ex
1141 2517 1194 2572 alia
1213 2525 1288 2589 parte
1314 2517 1477 2574 ahlellendo
1493 2526 1579 2574 castro
1592 2534 1647 2575 non
1672 2519 1759 2575 solum

964 2608 1089 2676 Sequana
1104 2605 1223 2673 flumine,
1248 2605 1294 2661 sed
1318 2605 1399 2662 etiam
1426 2607 1495 2662 ultra
1523 2607 1677 2678 Sequanam
1693 2608 1761 2663 anti·

963 2695 1023 2763 quis
1050 2694 1242 2750 territoriorum
1270 2692 1368 2748 linibus
1399 2694 1588 2750 discernuntur
1614 2712 1698 2766 usque
1725 2694 1760 2751 ad

962 2791 1071 2846 flurium
1089 2791 1186 2859 Ritlrla,
1202 2799 1229 2846 et
1242 2791 1305 2847 iude
1316 2808 1364 2864 per
1381 2792 1533 2863 Sequanam
1548 2810 1632 2863 usque
1648 2793 1674 2848 in
1704 2809 1761 2849 mtt-

961 2895 1000 2934 re.
1016 2880 1088 2934 Nulli
1104 2896 1168 2952 ergo
1183 2880 1322 2935 hominum
1339 2881 1380 2936 fas
1407 2881 1441 2935 sit
1454 2882 1595 2953 praefatam
1610 2881 1759 2938 Ecclesiam

963 2974 1063 3024 temere
1091 2968 1246 3040 perturbare
1275 2975 1320 3023 aut
1347 2969 1403 3038 ejus
1433 2969 1615 3041 possessiones
1642 2970 1757 3038 auferre,

962 3066 1004 3121 vel
1019 3065 1123 3121 abintus
1151 3066 1275 3133 retinere,
1305 3065 1436 3132 minuere,
1459 3082 1504 3122 seu
1520 3067 1654 3137 aliquibus
1668 3067 1758 3124 mole·

960 3155 1016 3209 stiis
1045 3154 1167 3223 fatigare,
1184 3154 1231 3209 sed
1260 3155 1350 3210 omnin
1370 3154 1475 3226 integra
1489 3163 1691 3223 conserventur,
1707 3172 1759 3212 va-

959 3244 1020 3298 stris
1034 3251 1166 3298 eteorum
1196 3258 1243 3315 pro
1273 3260 1386 3314 quorum
1401 3243 1596 3315 gubernatione
1611 3253 1757 3301 etsustcn-

959 3332 1059 3388 tatione
1074 3348 1200 3388 concessa
1212 3340 1282 3401 sunt,
1299 3332 1391 3387 usibus
1405 3333 1556 3404 profutura.

1327 3454 1380 3508 tv.

957 3550 1151 3606 Adiunctum
1174 3550 1325 3623 Aphertam
1348 3549 1520 3607 monoclerum
1546 3555 1575 3608 et
1598 3552 1755 3611 inclusum.

1184 3649 1273 3713 (drino
1290 3651 1367 3715 1131,
1392 3648 1451 3703 Oct.
1467 3650 1525 3719 11.)

1005 3730 1133 3803 [Cousrm
1156 3733 1277 3788 llistoirc
1291 3733 1325 3788 dc
1341 3735 1480 3805 Tournop,
1496 3740 1515 3788 t.
1537 3734 1572 3802 ll,
1588 3750 1616 3805 p.
1631 3737 1707 3807 tls]

992 3820 1182 3876 lssocnsrrus
1209 3819 1360 3892 episcopus,
1398 3837 1490 3877 servm
1521 3838 1659 3880 servarum
1687 3825 1748 3895 Dei,

954 3920 1111 3975 charissimo
1138 3917 1193 3973 filio
1207 3933 1256 3973 suo
1270 3920 1401 3973 drunnro
1427 3922 1560 3975 monacho
1588 3927 1615 3977 et
1637 3922 1754 3992 recluso,

953 4004 1066 4059 salutem
1081 4011 1106 4058 et
1120 4003 1294 4073 apostolicam
1309 4002 1536 4059 benedictionem.

104 4079 155 4148 dis,
171 4094 203 4134 11
216 4091 265 4149 pro
278 4072 458 4130 111111111111
470 4087 574 4143 11111111
574 4070 634 4125 111113
658 4069 737 4140 111111
749 4069 899 4127 5111111011θῖ
988 4092 1058 4161 Quia
1085 4091 1203 4148 veridica
1223 4090 1352 4146 relatione
1366 4092 1486 4162 comperi
1498 4098 1525 4147 te
1539 4108 1556 4148 a
1568 4092 1755 4163 praedecesso·

103 4167 246 4227 canonicas
259 4163 424 4236 dispenfflre·
952 4178 1027 4235 ribus
1044 4179 1111 4234 meis
1138 4178 1313 4234 sanctissimis
1340 4179 1405 4235 viris
1433 4180 1554 4236 Paschali
1579 4190 1606 4237 et
1628 4183 1750 4239 Honorio

139 4277 267 4348 Quisquis
279 4283 411 4346 praeterea
437 4270 509 4326 infra
527 4270 772 4341 liothomagensem
787 4269 897 4341 episco-
953 4273 1087 4330 licentiam
1102 4276 1237 4346 accepisse
1253 4273 1436 4346 peanitentiam
1452 4274 1527 4342 dare,
1548 4281 1575 4330 et
1602 4277 1754 4335 absolutio-

103 4385 196 4451 patum
223 4373 258 4428 ad
281 4367 470 4444 pastoralitatis
497 4365 614 4422 officium
642 4373 793 4436 assumptus
808 4368 895 4437 fuerit,
912 4380 939 4442 1)
955 4381 1017 4420 nem
1034 4365 1122 4420 facere
1135 4363 1323 4419 confitentibus
1337 4371 1448 4433 peecata
1466 4380 1523 4432 sua,
1549 4365 1673 4420 camdem
1703 4366 1753 4422 tibi

103 4458 248 4538 episcopali
260 4458 322 4529 jure
350 4456 428 4513 vobis
455 4455 559 4527 integre
584 4463 752 4522 conservato,
781 4456 899 4512 debiam
954 4460 1112 4526 potestatem
1136 4452 1291 4508 auctoritate
1324 4452 1374 4506 Dei
1402 4459 1428 4507 et
1441 4452 1512 4507 beati
1541 4453 1614 4508 Petri
1638 4456 1751 4526 apostoli

101 4549 279 4610 nascentiam
307 4546 355 4600 tibi
384 4544 490 4614 tuisque
513 4543 711 4599 successoribus
738 4543 839 4615 absque
852 4563 900 4602 rc·
953 4557 980 4606 et
1002 4557 1094 4605 nostm
1111 4549 1293 4615 concedimus,
1323 4565 1423 4621 rogans
1442 4549 1613 4605 dilectionem
1636 4557 1708 4606 tuam
1723 4557 1752 4607 ut

102 4639 254 4713 fragatione
267 4633 403 4691 exhibeat.
420 4633 501 4688 Porro
527 4646 692 4702 quaecumue
719 4634 900 4704 possessiones
953 4655 1058 4694 memor
1071 4638 1107 4692 sis
1122 4638 1203 4692 nostri
1223 4637 1250 4690 in
1264 4637 1433 4692 orationibus
1460 4637 1520 4692 tuis.
1551 4638 1590 4694 De
1604 4639 1752 4697 reaedifica-

103 4737 234 4796 whom,
249 4733 282 4791 qd
304 4732 444 4806 praesatnm
473 4729 620 4785 Ecclesiam
631 4729 704 4800 juste
717 4737 744 4786 et
770 4733 899 4789 canonice
953 4727 1025 4783 tione
1048 4725 1136 4782 locelli
1163 4725 1210 4794 tui,
1240 4725 1312 4779 unde
1332 4725 1398 4780 mihi
1427 4724 1571 4793 mandasti,
1597 4743 1693 4798 precor
1720 4737 1747 4785 et

102 4827 237 4900 pertinere
250 4828 403 4888 noscuntur,
418 4819 462 4876 vel
478 4819 505 4873 in
532 4817 650 4873 futurum
665 4819 823 4875 liberalitate
852 4838 898 4877 rc-
952 4824 1064 4880 obsecro
1091 4838 1194 4889 omnes,
1220 4822 1254 4877 ad
1282 4838 1348 4892 quos
1376 4822 1480 4878 miseris
1507 4825 1693 4897 arrogaveris
1720 4826 1749 4881 ia

103 4933 179 4990 gum,
195 4911 338 4986 largitione
366 4908 527 4981 principum,
556 4905 693 4962 oblatione
707 4906 836 4976 fidelium,
851 4927 898 4965 seu
950 4912 1109 4968 remissione
1140 4919 1309 4982 peccatomm
1345 4927 1464 4979 suorum,
1494 4919 1523 4967 ut
1549 4911 1597 4967 tibi
1635 4913 1669 4968 de
1693 4914 1748 4970 suis

103 5011 162 5069 aliis
173 5009 252 5081 justis
277 5006 365 5063 modis
389 5012 531 5078 preestunte
559 5002 675 5058 Domino
702 5006 822 5075 poteritis
836 5006 897 5061 adi·
951 5010 1128 5082 elecmosynis
1156 5009 1327 5065 subveniant.
1353 5009 1468 5065 Proinde
1496 5010 1748 5069 omnibusbcnefa·

101 5098 180 5171 pisci,
195 5096 273 5152 firma
287 5095 364 5151 vobis
391 5096 419 5149 in
448 5100 606 5165 perpetuum
621 5100 648 5148 et
662 5093 765 5149 illibata
792 5111 897 5165 perma-
950 5099 1068 5155 ctoribus
1082 5100 1134 5154 tuis
1161 5106 1282 5168 quartum
1306 5105 1410 5167 partem
1437 5099 1602 5169 poenitentia
1628 5116 1685 5158 suae
1712 5118 1747 5157 ex

101 5193 192 5253 neant,
220 5183 249 5239 111
272 5182 369 5254 1111111111
382 5183 441 5238 111111
468 5181 898 5253 1110111111111111111111111111111111111
950 5206 1025 5270 parte
1039 5198 1089 5252 Dei
1113 5204 1139 5253 et
1152 5204 1304 5252 sanctorum
1322 5196 1504 5267 apostolomm
1521 5196 1589 5255 Petri
1618 5207 1645 5255 et
1671 5199 1747 5257 Pauli

102 5280 288 5355 exprimenda.
950 5292 976 5341 et
1005 5294 1094 5341 nostra
1107 5285 1268 5341 relaxamus.
1300 5285 1478 5341 Concedimus
1506 5286 1586 5342 etiam
1614 5286 1662 5343 tibi
1676 5297 1706 5344 ut
1718 5288 1747 5344 in

135 5370 272 5445 Oppidum
285 5366 410 5424 videlicet
434 5366 508 5437 quod
526 5367 622 5423 dicitur
649 5369 806 5425 Andeleium
835 5386 895 5426 cum
949 5374 1065 5431 oratorio
1080 5381 1125 5430 tuo
1154 5372 1287 5429 licentiam
1312 5374 1412 5430 habeas
1436 5373 1510 5431 ostiis
1524 5374 1623 5447 apertis
1650 5375 1745 5434 missas

100 5462 183 5530 villis,
198 5457 282 5525 silvis,
311 5457 404 5527 pratis,
429 5455 516 5527 aquis,
537 5455 649 5527 justitiis
662 5473 695 5514 ac
717 5458 894 5530 libertatibus,
947 5462 1094 5530 celebrare,
1132 5463 1238 5519 etiamsi
1262 5477 1311 5535 pro
1348 5462 1438 5534 aliquo
1466 5462 1532 5521 foris
1559 5463 1630 5523 facto
1656 5466 1745 5536 patria

135 5584 192 5660 (13)
204 5580 320 5641 Scilicet
331 5577 461 5635 dnaclati.
