3750 6000
568 210 776 285 'wtutsmss
799 215 1165 280 Maesessustmtsts
1188 216 1366 282 ιιοιιιοιιι

823 377 869 435 us
890 375 1139 434 uouss‘rusue.

131 646 134 651 ’
166 634 197 690 ln
213 629 380 689 Dorsutenei
404 643 477 701 pago
492 627 563 682 sunt
583 623 706 681 abbatia
723 639 730 679 :
746 621 950 692 cerneliensis,
963 629 990 696 Α
1005 622 1034 676 et
1048 618 1371 692 pervertitsmbitio,ut
1384 635 1431 677 res
1445 634 1519 690 quas
1529 617 1644 692 antiqui
1655 619 1711 677 vlrl
1724 616 1831 677 libera·

15 731 18 735 ·
127 717 358 779 Mildeltunenais
370 717 509 781 virorum,
525 711 742 784 Sceptoniensis
762 712 950 780 teminorum,
1004 707 1069 765 liter
1084 709 1272 767 contulerunt
1288 709 1484 777 monasteriis,
1498 709 1592 782 magis
1616 708 1830 783 dispergentur

126 814 230 883 preter
253 809 378 882 aliquas,
400 821 464 880 que
487 803 531 862 vel
556 801 676 859 omnino
709 802 876 874 destructas,
904 799 950 858 vel
1003 814 1055 869 pro
1071 798 1829 872 poesessornmingluvie,qosmlamulenturmons·

127 900 254 957 multum
268 898 428 956 imminute
443 897 522 953 sunt.
534 892 726 950 cerneliensis
737 891 890 950 exordium
909 891 951 948 itu
1003 887 1138 958 chorum,
1160 888 1322 962 hospitum,
1338 903 1497 963 egenorum
1512 888 1584 945 vitea
1602 889 1636 946 et
1650 893 1732 947 certe
1746 890 1826 949 dato·

128 989 313 1062 aoeeplmue:
332 985 515 1061 Augustinus
540 983 653 1058 primus
668 982 768 1040 doctor
787 980 949 1055 Anglornm
1002 991 1049 1033 res
1074 992 1131 1033 non
1157 977 1373 1036 fraudabuntur
1392 978 1526 1036 mercede
1550 993 1616 1049 sua,
1626 977 1757 1036 viderint
1779 979 1825 1037 isti

127 1083 192 1152 post
207 1079 338 1136 Cantium
351 1076 463 1134 Christo
474 1074 633 1144 subditum,
649 1072 948 1146 reliqussllnglorom
1002 1067 1148 1138 quomodo
1171 1083 1273 1124 sorum
1297 1066 1474 1125 intentiones
1487 1067 1559 1125 ollm
1574 1067 1784 1126 examinentur
1796 1069 1824 1125 in

125 1169 291 1242 provincias
316 1167 535 1240 pervagabatur,
552 1165 691 1235 quantum
707 1159 884 1218 Elbelberthl
904 1175 948 1217 re·
1001 1153 1098 1213 divino
1125 1155 1210 1213 libra.
1236 1156 1491 1215 Mildeltunensem
1513 1156 1666 1215 ecelesiam
1689 1157 1760 1215 lecit
1779 1173 1824 1215 rex

124 1257 336 1332 gieimperium
348 1255 585 1330 protendebatur.
597 1249 949 1319 Habebatenim,utalies
1001 1243 1187 1302 Rtbeletenue
1211 1261 1264 1318 pro
1287 1247 1387 1303 anima
1403 1245 1501 1303 fratris
1528 1245 1574 1304 sui
1594 1245 1725 1315 lldwlni,
1741 1263 1822 1318 quom

124 1347 263 1415 diximus,
274 1345 329 1404 sibi
344 1345 521 1416 subjectum,
533 1339 677 1412 quidquid
689 1338 776 1410 Angli
791 1338 947 1394 Britannia
1001 1349 1090 1406 pravo
1112 1337 1268 1409 corruptus
1293 1335 1416 1392 oonsilio
1430 1335 1534 1407 Anglis
1548 1335 1644 1406 eiecit.
1659 1335 1754 1407 Cuius
1777 1336 1824 1408 qni

31 1466 35 1481 ·
124 1428 946 1506 incolunt,pratersolosNortbanimbros.l³egumergo
999 1426 1425 1487 luerlttiniesliesnonsilui.
1448 1428 1491 1486 lbi
1521 1428 1629 1485 multae
1654 1438 1822 1487 sanctornm

126 1522 419 1596 supranominatum
446 1518 626 1589 Augustinus
654 1516 778 1574 adorsus
801 1515 947 1573 erebrise
999 1514 1671 1589 reliquiasexBritanniatrunemarinuemplse
1683 1519 1821 1591 reposuit,

125 1613 234 1670 diaboli
246 1614 352 1669 damno
364 1607 946 1682 prudisGhristianitetisaugebutnume·
998 1605 1076 1660 intur
1091 1621 1165 1676 quoe
1185 1606 1315 1664 eminent
1338 1607 1485 1679 precipue
1499 1606 1659 1665 beatissimi
1673 1607 1822 1665 Samsonis

22 1710 24 1715 '
125 1719 201 1760 rum.
218 1703 273 1760 Sed
297 1701 361 1758 loco
376 1699 426 1757 illo
449 1699 544 1756 virtus
563 1697 647 1755 hesit
665 1696 806 1753 doemonis
821 1696 946 1753 ooolluts
999 1709 1076 1760 ossa,
1094 1694 1228 1752 Dolensie
1243 1697 1393 1768 quondum
1413 1697 1627 1772 archiepiscopi
1642 1698 1820 1755 sanctissimi

11 1784 21 1799 “
121 1791 243 1861 invidia,
260 1789 310 1863 qui
334 1789 424 1845 tentis
446 1789 610 1844 animarum
638 1786 729 1843 luorie
745 1786 863 1844 doleret.
886 1787 945 1859 Ag·
997 1786 1026 1839 et
1040 1783 1126 1855 plene
1145 1784 1203 1841 Deo
1219 1785 1299 1857 digni
1315 1785 1366 1842 viri
1380 1803 1387 1841 ε
1403 1787 1488 1859 cujus
1503 1787 1623 1844 virtmes
1644 1787 1762 1862 aliquus
1778 1786 1821 1843 bio

121 1880 296 1952 gradiuntur
319 1894 387 1952 ergo
409 1879 504 1934 virum
533 1881 562 1933 et
590 1876 694 1944 sooios,
716 1875 830 1932 furiatis
859 1891 943 1931 men·
998 1872 1143 1944 referrem,
1160 1874 1821 1948 nisiqulunotaesuut,etiodigensrnmssn·

121 1970 200 2027 tibus
229 1969 342 2036 incola,
358 1973 387 2025 et
409 1967 526 2039 mugnis
562 1967 786 2023 dehonestatum
813 1964 938 2036 injuriis,
954 1964 979 2030 Β
993 1962 1820 2039 storummiraculissoribendieoccupatasmauuelssbso.

120 2059 160 2116 itu
177 2064 207 2116 ut
222 2059 310 2116 etiam
327 2057 436 2114 caudae
450 2056 605 2113 racharum
621 2055 751 2112 vestibus
764 2055 829 2127 ejus
843 2054 942 2125 ellige-
1032 2050 1207 2124 Scepbtonis
1235 2058 1281 2111 est
1301 2054 1383 2112 vieus
1405 2055 1502 2125 modo,
1518 2056 1667 2128 quondam
1684 2057 1767 2124 urbs,
1782 2056 1823 2115 lo·

122 2153 195 2216 rent,
223 2146 389 2221 impellunt,
414 2145 591 2219 propellunt,
616 2144 775 2217 expellunt.
795 2143 943 2200 Patienter
996 2140 1664 2216 cusinpraeruptomontinmsitus:vetustatis
1681 2145 1822 2203 indicium

121 2237 170 2295 ille
185 2241 213 2294 et
229 2238 359 2294 modeste
377 2236 569 2308 gandensque
584 2251 635 2306 pro
651 2234 768 2291 nomine
783 2233 852 2291 Jesu
875 2249 946 2289 con·
1000 2229 1049 2285 dat
1067 2228 1140 2302 lepis
1159 2230 1190 2288 in
1215 2231 1341 2305 capitulo
1361 2234 1629 2292 sanctimonialium
1650 2235 1823 2310 insculptus,

120 2327 272 2384 tumeliam
290 2327 361 2398 pati,
373 2332 400 2381 et
415 2341 451 2381 ns
464 2325 555 2397 magis
571 2324 746 2379 miserorum
762 2322 890 2379 irritaret
900 2322 946 2377 ln·
1000 2319 1040 2374 ile
1056 2336 1073 2375 u
1087 2319 1278 2377 vetustissimi
1295 2323 1374 2378 muri
1391 2322 1486 2380 ruinis
1496 2323 1566 2381 illuc
1581 2324 1756 2383 translatus.
1769 2332 1824 2381 sn·

120 2416 232 2471 suniam
249 2431 368 2472 excusso
384 2412 489 2486 pedum
506 2412 535 2468 io
550 2428 600 2468 eos
615 2411 743 2484 pulvere,
760 2410 845 2483 longe
860 2410 946 2483 qussi
1001 2424 1037 2465 no
1053 2410 1207 2468 [luminibus
1232 2412 1445 2470 incarnationis
1458 2414 1522 2484 880,
1539 2414 1675 2473 Eliredus
1692 2432 1744 2473 rex
1764 2417 1827 2473 iecit

120 2504 268 2562 milliariis
293 2505 386 2560 tribus
406 2501 534 2559 recessit.
550 2501 625 2557 'lum
648 2516 717 2556 vero
732 2500 944 2573 perseeutinnie
1000 2497 1197 2568 imberbem,
1210 2500 1415 2573 regnieuivrrr.
1427 2503 1469 2558 lbi
1481 2500 1821 2576 lllgllauxorltdmundi.

14 2586 22 2596 '
121 2599 233 2652 remoto
258 2594 374 2650 turbine
398 2593 427 2649 in
444 2592 572 2665 quietem
591 2606 740 2664 regressus
755 2589 856 2659 animi,
873 2589 946 2645 vidit
998 2587 1047 2660 qui
1064 2588 1116 2645 luit
1132 2606 1275 2662 pronepos
1291 2591 1380 2663 hujus
1394 2591 1517 2662 llllredi,
1531 2593 1746 2652 monesterium
1764 2611 1825 2652 sun·

121 2685 230 2741 mentis
245 2683 329 2740 oculo
344 2681 472 2739 divinam
493 2681 595 2738 adesse
618 2680 816 2753 presentium,
832 2678 946 2736 exhila·
998 2677 1211 2735 elimonielium
1230 2679 1308 2746 lecit,
1325 2679 1491 2754 ibidemque
1513 2682 1611 2739 cernis
1625 2683 1749 2740 exuvias
1763 2688 1824 2756 poet

11 2770 14 2774 ’
120 2778 242 2846 ratoque
264 2772 344 2829 vultu
370 2772 408 2826 sit
432 2771 513 2826 suis:
529 2772 623 2826 llerno
637 2773 739 2837 ceum,
750 2772 800 2841 qui
816 2773 844 2825 et
859 2768 945 2824 nobis
998 2766 1092 2822 satum
1107 2769 1261 2840 deposuit:
1278 2768 1385 2826 mulier
1399 2769 1483 2827 bonis
1499 2772 1636 2844 operibus
1652 2788 1768 2845 semper
1781 2772 1821 2829 in·

120 2861 259 2918 retribuet
273 2861 409 2933 gratiam,
422 2866 449 2915 et
461 2859 625 2915 furentibus
640 2857 699 2914 illis
714 2857 942 2913 emendatiorem
997 2859 1087 2926 tenta,
1103 2857 1210 2930 pietate
1220 2863 1249 2915 et
1263 2857 1416 2917 dulcedine
1430 2861 1561 2933 proditu,
1578 2865 1606 2918 et
1621 2865 1654 2918 ut
1664 2878 1742 2931 reos,
1753 2879 1823 2936 quos

118 2950 252 3006 infundet
266 2947 404 3005 unimam.
416 2950 489 3003 Cum
506 2947 583 3002 dioto
599 2947 779 3003 advenerunt
790 2945 832 3000 illi
844 2961 944 3018 prope·
997 2944 1091 3002 tristis
1115 2948 1259 3004 sententia
1271 2948 1407 3020 iudicum
1424 2948 1520 3022 pulum
1537 2952 1744 3022 damnaverat,
1759 2954 1820 3026 ipss

117 3039 189 3098 rutis
203 3038 362 3112 gressibus,
377 3037 444 3093 iacti
469 3040 621 3109 poscentes
635 3035 759 3102 venium,
776 3035 862 3091 fldem
879 3035 943 3106 pol·
997 3033 1110 3092 occulte
1131 3036 1307 3106 redimeret;
1323 3038 1468 3111 pretiosus
1491 3039 1630 3110 amiotus,
1648 3040 1699 3113 qui
1717 3040 1820 3099 malie·

117 3128 240 3187 licentes
269 3124 577 3193 eoem.llventue,vel
605 3125 701 3198 potius
727 3124 850 3181 verbnm
881 3125 943 3182 loco
997 3122 1079 3179 ribus
1099 3125 1249 3182 nonnullis
1264 3130 1308 3183 est
1323 3126 1388 3184 leno
1403 3127 1535 3186 solvendi
1551 3128 1684 3202 pudoris,
1701 3130 1747 3188 llli
1760 3134 1821 3188 eret

117 3218 223 3275 indidit
237 3217 422 3285 vocabulum,
440 3220 473 3272 ut
487 3218 641 3274 vocaretur
660 3213 760 3270 Cernel
776 3228 809 3269 ex
824 3214 940 3271 duobus
997 3212 1127 3285 supellex
1148 3214 1364 3284 munificentie,
1377 3221 1409 3274 ut
1427 3219 1700 3291 quemlibetosrum
1715 3225 1820 3278 vestem

118 3310 214 3367 verbis
243 3309 382 3365 Hebraico
407 3313 435 3363 et
450 3306 563 3373 Latino,
578 3307 655 3377 quod
672 3305 720 3361 llel
735 3306 812 3362 Deus
827 3275 976 3362 diceturC
996 3310 1151 3374 conspecto
1166 3306 1266 3362 stetim
1286 3306 1443 3380 largiretur
1458 3308 1579 3381 pauperi
1595 3324 1603 3364 :
1620 3310 1747 3381 speeiem
1761 3325 1822 3366 oor·

119 3398 268 3455 Hebraico.
290 3397 365 3452 Dixit
387 3395 572 3468 Augustinus
588 3393 744 3450 Dominum
767 3410 798 3450 ee
813 3409 939 3465 eernere,
995 3391 1074 3462 poris
1090 3396 1118 3448 et
1131 3393 1287 3451 artificium
1306 3412 1447 3453 manuum
1460 3398 1489 3454 in
1503 3414 1536 3454 eu
1548 3397 1619 3455 livor
1629 3414 1749 3471 quoque
1759 3399 1818 3455 lau·

118 3503 171 3543 neo
195 3486 301 3542 veritae
323 3484 451 3541 sermoni
476 3484 581 3554 abluit,
593 3484 669 3555 quod
688 3487 746 3538 tum
769 3483 827 3539 olto
842 3487 940 3540 mente
994 3482 1087 3549 daret,
1100 3498 1166 3540 oum
1178 3484 1252 3540 nibil
1264 3485 1476 3558 reprehendere
1488 3491 1595 3561 posset.
1606 3487 1648 3544 De
1660 3487 1818 3561 prophetali

117 3573 320 3646 mutetuplebe
331 3571 700 3646 untelympbatueredidit.
713 3571 786 3630 Num
796 3572 938 3630 stibidem
994 3573 1097 3644 gretia,
1113 3591 1200 3645 quum
1216 3574 1241 3631 ei
1254 3574 1333 3631 Deus
1348 3575 1499 3644 alluderet,
1511 3575 1584 3634 alius
1596 3578 1711 3634 dietum
1722 3583 1776 3645 eet,
1791 3581 1817 3635 et

115 3681 182 3723 oum
201 3665 237 3721 ud
253 3663 432 3737 baptismum
448 3664 562 3720 deesset
572 3678 657 3734 equs,
670 3662 828 3732 udjussum
842 3663 938 3735 ponti·
992 3660 1214 3733 vivensquidem
1225 3663 1613 3738 virtutumleoitoperu;eed
1625 3671 1818 3738 postmortem

116 3755 179 3812 licis
194 3771 228 3811 ex
244 3752 367 3810 occultis
378 3752 523 3809 meatibus
533 3753 597 3809 lone
610 3751 716 3824 erupit,
731 3751 781 3824 qui
793 3752 938 3825 hodieque
992 3749 1156 3809 micuerunt
1164 3752 1710 3828 miraouleeioutrhythmicequondem
1718 3757 1815 3816 cecini.

114 3847 143 3900 et
158 3843 312 3915 Augustini
328 3841 442 3910 merito,
460 3848 487 3897 et
507 3857 580 3897 usus
601 3841 647 3898 sui
662 3841 816 3897 commodo
832 3841 937 3898 incolis
992 3861 1006 3890 u
1017 3841 1090 3898 Nam
1102 3842 1250 3900 nonnullis
1260 3861 1348 3917 passa
1365 3845 1631 3902 unnlsmorborum
1643 3847 1814 3915 molestiam,

113 3929 936 3998 olerashebetur.lbisuooedentibueannis,Edwoldus
990 3929 1160 3988 delaeoslam
1188 3939 1215 3988 et
1257 3937 1406 3990 excoctum
1446 3934 1506 3991 Deo
1548 3934 1631 3991 dedit
1675 3936 1814 4001 unimam,

42 4016 47 4027 '
116 4022 205 4079 irater
216 4020 360 4077 lldmundi
373 4020 449 4092 regis
463 4024 491 4077 et
507 4019 642 4090 martyris
657 4019 745 4074 vitam
757 4018 935 4075 eremiticam
990 4018 1108 4075 iunctus
1123 4036 1191 4092 ergo
1207 4019 1272 4076 vitu
1286 4022 1344 4078 luto
1359 4022 1456 4078 beatus
1471 4023 1599 4092 exuvias,
1611 4023 1739 4081 infinitis
1759 4024 1814 4082 cle·

18 4102 25 4115 '
115 4109 177 4168 eolo
193 4126 267 4183 pene
282 4109 401 4177 cibario,
417 4114 446 4165 et
460 4125 535 4181 aqua
549 4107 639 4173 trivit,
651 4110 790 4178 pertaesus
801 4107 844 4177 (ut
859 4108 934 4164 lame
989 4125 1073 4167 mens
1093 4111 1186 4183 signis
1202 4111 1369 4168 illustrabat
1384 4111 1495 4170 Deitas.
1508 4115 1595 4186 lnops
1605 4114 1689 4172 visus
1701 4124 1728 4173 et
1739 4114 1816 4172 audi·

113 4201 168 4272 est)
185 4199 288 4256 mundi
303 4198 484 4269 deliciarum,
500 4198 578 4270 quod
596 4213 627 4252 se
642 4202 670 4252 et
695 4195 814 4251 lralrcm
834 4196 935 4253 durior
988 4207 1045 4270 tue,
1061 4200 1086 4256 ei
1103 4202 1226 4257 adorant
1239 4203 1530 4270 tumulum,eenltsti
1545 4203 1675 4260 restituti
1695 4206 1816 4277 probunt

36 4336 40 4343 .
110 4290 272 4363 excepisset
287 4289 413 4344 fortune.
438 4288 482 4345 l'it
499 4288 577 4343 enim
592 4285 775 4360 plerumque,
791 4295 821 4342 ut
835 4286 935 4342 sdver-
987 4293 1093 4346 sanctu
1122 4290 1270 4346 meritum.
1288 4291 1408 4348 Rectum
1432 4308 1565 4365 gressum
1582 4293 1670 4350 refert
1685 4295 1816 4365 domum,

111 4377 250 4435 sitatibus
275 4377 373 4434 saculi
391 4378 559 4433 admonitus
575 4392 735 4449 generosus
751 4376 878 4444 animus,
895 4376 931 4432 sd
987 4377 1038 4451 qui
1048 4379 1171 4435 secessit
1179 4378 1299 4452 loripes,
1312 4385 1409 4438 mente
1424 4389 1527 4454 captus
1539 4382 1614 4439 redit
1625 4399 1730 4453 senus,
1750 4386 1815 4442 boni

109 4467 267 4524 Dominum
283 4484 314 4524 se
325 4471 474 4523 convertat
490 4466 642 4535 attentius,
657 4466 708 4539 qui
722 4482 774 4523 neo
789 4465 862 4535 lulli,
879 4483 933 4523 neo
988 4484 1089 4526 sensus
1110 4468 1250 4540 locuples.
1269 4491 1283 4519 a
1299 4474 1338 4526 Eo
1359 4469 1414 4527 looi
1435 4472 1514 4542 jacet
1532 4472 1575 4527 vel
1595 4471 1696 4543 potius
1721 4474 1814 4546 jsonit

112 4556 211 4615 tallere
237 4557 326 4613 novit.
347 4580 361 4608 o
377 4558 412 4612 ut
427 4557 521 4629 prima
546 4556 662 4628 quidem
677 4556 770 4613 virtus
791 4561 837 4613 eet
859 4557 933 4613 bene
986 4561 1108 4614 sanetus
1123 4557 1287 4615 Edwardue
1300 4558 1505 4630 hujusmootu
1520 4576 1554 4618 ex
1571 4560 1631 4618 illio
1648 4563 1759 4636 Edguro
1770 4579 1815 4621 ne·

112 4665 164 4721 per
178 4663 209 4705 ee
223 4646 308 4716 velle,
324 4647 453 4703 secunde
468 4647 530 4720 oogi
547 4662 642 4719 paese.
660 4668 675 4697 a
690 4645 753 4702 Non
767 4647 932 4703 minuriunt
986 4664 1049 4719 pos,
1065 4663 1150 4718 quem
1166 4648 1311 4705 novercali
1330 4649 1432 4707 fraude
1447 4649 1618 4708 innocenter
1632 4667 1743 4710 ausum
1757 4669 1812 4710 cu·

110 4738 231 4807 estimo,
249 4736 405 4808 deputatur
429 4735 523 4793 meriti
547 4733 667 4804 Paulus,
683 4735 731 4806 qul
756 4735 791 4791 ud
822 4736 930 4791 bonum
986 4737 1047 4794 lum
1062 4738 1185 4810 excepit,
1206 4742 1234 4793 et
1248 4738 1343 4811 prime
1367 4738 1488 4812 quidem
1501 4741 1653 4812 sepulture
1668 4741 1712 4799 illi
1734 4743 1809 4817 apud

109 4827 223 4902 llegello
240 4829 411 4883 oosetuseet
421 4841 533 4896 supero,
544 4840 632 4896 qoem
649 4823 763 4896 Petrus,
775 4825 827 4896 qui
838 4824 931 4880 libens
984 4825 1125 4883 Wurham
1141 4827 1206 4897 luit,
1220 4827 1296 4899 quod
1310 4843 1366 4883 non
1381 4827 1465 4899 longe
1475 4845 1493 4884 e
1503 4827 1577 4898 loco,
1589 4829 1619 4884 in
1631 4846 1689 4901 qno
1700 4833 1809 4890 oocleus

108 4923 137 4975 et
151 4918 249 4975 statim
266 4915 393 4973 accurrit
406 4914 520 4971 vocanti
542 4914 673 4972 Domino.
692 4913 848 4971 lidwoldoe
868 4919 931 4985 post
985 4916 1049 4988 luit,
1065 4917 1113 4989 qui
1129 4916 1196 4973 conl
1215 4923 1344 4984 vocatur,
1356 4917 1492 4974 imminet
1518 4917 1601 4975 mori.
1617 4919 1717 4978 lacuit
1743 4938 1809 4995 ergo

107 5007 240 5078 religiose
267 5011 361 5064 uolam
383 5005 473 5061 vitam
489 5020 595 5073 magna
615 5003 779 5060 sanctitutis
795 5002 930 5074 opinione
984 5005 1024 5063 ibi
1039 5006 1165 5063 triennio
1179 5005 1377 5063 invidentibus
1398 5006 1527 5064 inimicis
1544 5013 1660 5065 mortuo
1674 5012 1811 5083 cespitem

106 5094 147 5149 ibi
163 5097 308 5168 sepultus,
322 5094 400 5151 dedit
425 5091 607 5150 occasionem
631 5091 784 5164 posteriori
799 5094 929 5165 tempore
983 5094 1232 5165 ecclesiasticum
1248 5095 1295 5153 oui
1311 5096 1375 5153 vivo
1390 5095 1558 5154 inviderant
1578 5097 1669 5154 decus
1688 5101 1811 5174 reglum.

107 5182 270 5254 lagelwaldo
287 5185 427 5257 praediviti
451 5183 575 5252 homiui,
591 5186 623 5238 ut
637 5181 801 5239 coenobium
816 5197 850 5239 eo
866 5182 929 5239 loco
983 5184 1036 5242 Sed
1053 5185 1148 5241 adluit
1161 5185 1259 5242 divino
1275 5186 1413 5257 potentis,
1429 5187 1481 5259 qui
1497 5187 1646 5243 insontem
1660 5186 1810 5262 signorum

106 5277 204 5329 sancto
228 5276 314 5330 Petro
328 5276 530 5331 construeret:
548 5288 607 5329 nun
633 5270 675 5329 ita
692 5269 806 5328 exiliter
827 5275 859 5327 ut
874 5286 928 5344 pu·
982 5271 1093 5329 levaret
1114 5271 1217 5345 gloria.
1232 5294 1248 5324 «
1265 5273 1308 5329 lbi
1335 5278 1454 5331 ostensa
1468 5274 1505 5331 de
1528 5274 1599 5331 osslo
1624 5273 1752 5349 lumina,
1773 5278 1812 5335 ibi

105 5366 194 5431 tatur,
209 5362 342 5432 quinimo
357 5362 551 5432 abundanter,
563 5361 587 5418 si
602 5360 645 5418 illi
660 5377 783 5434 quorum
796 5360 926 5428 interest,
982 5360 1104 5420 claudus
1133 5376 1267 5435 gressum
1311 5364 1487 5437 composuit,
1514 5364 1554 5421 ibi
1587 5373 1690 5425 mutus
1726 5383 1812 5442 orge-

109 5448 925 5524 noneanebulonlbussois,sedDeieervisimpertirent.
981 5466 1051 5509 num
1085 5451 1255 5523 resumpsit,
1285 5451 1327 5507 ibi
1365 5468 1486 5525 prorsus
1514 5455 1612 5512 omnis
1640 5455 1811 5515 invelstudo

108 5541 164 5600 Sed
177 5539 215 5597 its
230 5537 331 5596 omnia
345 5542 442 5596 nostro
453 5543 583 5611 tempore
597 5539 627 5596 in
641 5539 747 5613 anglia
761 5539 929 5597 immutavit
981 5539 1099 5599 sanitati
1130 5539 1227 5599 locum
1265 5541 1342 5600 lecit.
1371 5540 1500 5615 Sparsus
1531 5561 1632 5603 rumor
1671 5561 1726 5619 per
1752 5549 1809 5605 tn·
