3750 6000
162 238 213 295 'iil
377 296 381 305 ,
647 243 835 311 pannorum
855 254 961 312 ROMAE
981 254 1009 313 S.
1032 255 1132 311 PE'l'lil
1151 254 1331 313 canumet.
1769 259 1823 315 732

165 366 277 439 pmpriu
296 381 343 422 ore
361 367 529 439 jusserimus.
554 370 713 445 Quicunque
738 378 820 451 igitar
843 381 1007 454 prusam-A
1060 382 1229 456 Egub'ilvins
1249 382 1388 456 presbyter
1401 392 1428 440 et
1440 383 1595 440 cerdinalis.

166 454 200 510 tis
214 456 333 511 mandeti
347 456 462 513 violator
472 459 611 528 exstiterit,
634 464 668 520 sit
682 470 835 534 anathema,
852 478 879 524 et
893 470 964 543 ignis
1058 472 1117 544 Ego
1134 472 1303 527 Burmannus
1317 471 1469 529 cardinalis.

166 543 205 599 illi
229 553 394 616 proeperatur
416 546 443 600 in
467 556 609 606 eternum.
630 553 858 614 conservantibus
875 567 965 615 autem
1056 561 1115 633 Ego
1132 560 1239 616 llucbus
1253 559 1305 616 SS.
1325 559 1434 616 Adriani
1448 558 1559 617 etllarii
1572 559 1717 619 cardinalis
1738 567 1824 633 atque

165 631 200 686 sit
214 648 267 703 pex
283 639 310 688 et
323 633 399 704 quies
420 637 526 691 Domini
552 640 634 695 nostri
657 642 718 699 lesu
744 646 852 711 curisti,
869 654 963 718 quote·
1021 647 1159 707 marones.

168 735 219 774 nus
233 727 260 777 et
272 721 317 777 bic
331 722 447 778 fructum
460 723 540 782 bonae
553 729 667 785 actionis
679 733 838 805 percipiant,
854 744 880 790 et
894 734 966 804 apud
1056 739 1117 811 Ego
1141 736 1315 809 Pandulpbus
1336 737 1465 795 maeones
1488 737 1632 795 cardinalis
1653 738 1704 798 SS.
1720 739 1824 813 1111)·-

167 806 315 865 ‹listrictum
328 811 448 882 judicem
464 815 572 885 premit
596 825 704 877 aternae
724 821 962 894 pacisinreniant.
1020 843 1080 883 rum
1096 827 1201 883 Cosmee
1215 834 1242 881 et
1255 826 1394 884 Damiuni.

169 900 266 955 Amen.
1057 916 1116 987 ligo
1131 915 1248 971 loannes
1258 914 1342 986 judex
1357 916 1508 974 [leuterius.

204 987 264 1060 Ego
279 989 423 1046 anacletus
436 991 582 1051 Catbolirae
596 995 727 1055 Ecclesiae
740 1001 892 1073 episeopus.
1058 1005 1120 1077 ligo
1133 1001 1261 1073 Quirinus
1274 1004 1435 1062 Benedictus
1445 1005 1545 1076 judea.

206 1076 265 1151 ligo
280 1081 448 1137 crescentius
464 1084 603 1156 presbyter
616 1086 641 1141 el
655 1089 811 1146 cardinalis.
1056 1093 1154 1150 Datum
1171 1093 1325 1159 Beneventi,
1341 1110 1390 1167 per
1410 1110 1518 1150 manum
1543 1094 1658 1152 Matthaei
1676 1094 1825 1153 cardinalis

206 1166 268 1238 ligo
282 1168 450 1235 Benedictus,
467 1172 604 1244 presbyter
617 1183 645 1231 et
657 1177 809 1234 cardinalis.
1022 1198 1055 1239 ac
1069 1180 1217 1254 presbyteri
1233 1190 1258 1237 et
1273 1182 1436 1242 cancellarii.
1460 1200 1500 1240 atr
1523 1183 1584 1239 Kal.
1607 1184 1711 1254 April..
1726 1184 1823 1255 ponti·

206 1255 266 1328 ligo
279 1258 417 1313 Amandus
427 1260 572 1317 cardinalis
591 1279 695 1321 necnon
710 1275 736 1322 et
751 1267 889 1341 presbyter
901 1284 966 1324 san·
1021 1279 1096 1328 catus
1112 1269 1221 1327 Domini
1246 1271 1330 1327 nostri
1353 1272 1473 1329 tnacleti
1497 1272 1609 1330 secundi
1632 1289 1820 1346 paprean....

169 1350 221 1399 etae
236 1345 356 1401 aeclesiae
371 1347 491 1408 Sabinae.

172 1519 1819 1589 ω

838 1731 915 1777 tutto
928 1732 1036 1778 11011111
1050 1733 1161 1777 ttcxtttt

740 1889 1253 2043 BENEDlCTl

342 2173 547 2270 ROMAE
595 2182 926 2276 acetustAE
971 2185 1038 2278 S.
1091 2187 1290 2276 PETlll
1335 2184 1652 2278 canumet

902 2384 1088 2489 LlBEll

295 2610 379 2833 ll
419 2613 925 2844 tlltttltttttt
964 2617 1215 2841 llllll
1262 2615 1503 2840 llllll
1539 2616 1691 2838 ltlt

896 2977 931 3019 11·
945 2976 1098 3023 PRAECIPUE

526 3139 800 3206 APOSTOLICAE
820 3143 1051 3207 DlGNlTATIS
1072 3144 1123 3207 ΕΤ
1144 3143 1291 3208 TOTIUS
1313 3142 1465 3218 CURIAE,

241 3296 283 3354 at
299 3297 458 3356 Gnidonem
471 3299 506 3356 de
521 3299 652 3368 carullo,
669 3306 738 3359 tune
752 3302 965 3361 cordlootemS.
982 3303 1077 3370 lieret.
1093 3303 1142 3379 qut
1155 3303 1333 3376 postmodum
1347 3305 1445 3374 foetor
1461 3305 1505 3358 ert
1522 3300 1691 3358 teterrima
1708 3302 1745 3357 ll.

384 3475 467 3545 (Ilum
480 3477 636 3546 Monimou,
652 3480 775 3536 Hereum
791 3479 933 3548 llotirum,
950 3487 1016 3535 tom.
1033 3479 1067 3545 rt,
1084 3496 1114 3552 p.
1136 3483 1196 3536 118.
1214 3479 1325 3536 butetlae
1341 3478 1429 3536 Paris.
1449 3480 1528 3544 rtet,
1545 3480 1605 3549 4⁰.)

212 3756 237 3810 1.
255 3755 406 3829 Perspicuae
419 3760 572 3818 seientlaret
588 3763 730 3835 profundae
739 3765 971 3837 sapientiaemagl·
985 3775 1012 3835 Β
1026 3762 1118 3819 dentis
1138 3779 1155 3819 e
1178 3778 1223 3818 me
1246 3761 1349 3818 lamnlo
1375 3769 1464 3819 restro
1493 3761 1650 3832 opusculum
1680 3769 1823 3834 expetere,

172 3849 228 3899 stro
247 3843 370 3902 Gutuurtt
385 3850 424 3919 (l)
439 3850 643 3919 occisurum,
667 3853 759 3909 diuino
783 3862 849 3910 nutu
870 3860 969 3909 sunctae
1023 3852 1138 3922 qualiter
1169 3853 1226 3909 Deo
1260 3853 1367 3908 favente
1406 3850 1525 3907 domnus
1566 3849 1729 3922 apostoliens
1762 3867 1825 3907 curn

174 3930 305 3989 Romanae
326 3935 452 3994 Ecclesiae
475 3940 632 4011 presbytem
654 3940 784 3996 cardinali
808 3941 851 3996 tit.
879 3939 969 3997 Sancti
1023 3940 1176 4007 euristeus,
1205 3948 1231 3996 et
1250 3950 1305 3997 tota
1332 3941 1454 3996 Romana
1482 3938 1600 3995 Ecclesia
1626 3938 1653 3992 in
1681 3939 1827 4013 precipuis

175 4018 267 4084 ilorci,
300 4023 486 4093 Beneutcrun
511 4028 585 4084 Becti
610 4028 681 4085 Petri
704 4028 818 4100 apostoli
842 4028 970 4101 indignus
1022 4029 1237 4086 solemnitatibus
1258 4038 1287 4086 et
1313 4027 1477 4101 quotidianis
1501 4026 1598 4084 officiis
1619 4027 1708 4084 valeat
1726 4045 1757 4084 se
1778 4045 1826 4084 re-

172 4109 318 4167 canonicus
340 4120 366 4169 et
389 4114 483 4173 llomoe
506 4117 634 4173 Ecclesiae
659 4125 760 4186 centor,
787 4117 889 4173 intimae
903 4117 970 4174 dila-
1023 4136 1098 4193 gere,
1126 4125 1206 4191 prout
1233 4119 1329 4174 melius
1367 4117 1433 4172 mibi
1462 4116 1535 4172 Deus
1562 4116 1732 4181 concesserit,
1763 4117 1826 4174 lieet

174 4197 271 4254 ctionis
306 4199 441 4270 affectum,
480 4212 508 4261 et
537 4205 607 4261 inter
635 4214 789 4262 sanctorum
822 4206 970 4262 antistitum
1023 4207 1058 4262 sit
1088 4207 1181 4271 ardua.
1215 4215 1242 4262 et
1272 4205 1363 4262 efficio
1401 4204 1573 4277 pmlessiunis
1605 4221 1658 4260 nun
1691 4204 1822 4276 indebita,

173 4287 283 4360 agmina
297 4305 425 4347 coronam
439 4292 700 4349 immarcessibilem.
1024 4295 1159 4352 elucidare
1183 4295 1337 4370 aggrediar.
1367 4294 1420 4351 Sed
1444 4294 1597 4349 mirandum
1617 4292 1695 4349 uelde
1715 4302 1756 4350 est
1776 4311 1826 4350 cur

208 4376 313 4434 Dirinae
340 4379 446 4450 pietatis
475 4381 676 4450 misericordie,
708 4383 784 4439 Pater
810 4382 969 4449 reverende,
1024 4402 1041 4441 a
1067 4401 1111 4440 rue
1135 4384 1228 4449 idiota,
1257 4393 1284 4440 et
1312 4383 1388 4455 quasi
1421 4383 1519 4438 nullius
1545 4382 1673 4445 scientiae.
1703 4382 1824 4454 quaeritis

174 4479 224 4535 pro
247 4482 315 4522 meet
339 4469 425 4524 tenuis
444 4469 563 4526 scientiae
587 4470 689 4525 viribus
711 4471 857 4527 immensas
871 4471 971 4543 gratias
1024 4473 1138 4546 aperire,
1168 4489 1227 4543 quae
1256 4473 1283 4527 in
1310 4475 1441 4543 apotheca
1463 4471 1552 4528 cordis
1570 4487 1623 4526 nun
1643 4471 1730 4528 habeo
1750 4488 1823 4528 anu-

174 4569 237 4626 ago.
255 4556 382 4627 quoniam
407 4565 503 4614 restrae
525 4559 619 4615 salutis
639 4576 732 4615 curam
754 4567 779 4616 et
799 4559 971 4616 ecclesiastici
1024 4563 1111 4619 cleare
1127 4578 1188 4633 quae
1203 4561 1365 4633 investigere
1390 4576 1443 4616 noo
1469 4560 1565 4630 vale0;
1591 4559 1736 4633 propinare
1761 4576 1823 4633 quae

176 4642 278 4699 ordinis
300 4646 506 4703 sollicitudinem
534 4664 582 4706 vus
605 4650 705 4705 babere
726 4666 870 4707 concerno.
896 4649 970 4706 llnde
1024 4650 1176 4706 sitibundus
1200 4651 1328 4722 pincerne
1355 4649 1463 4705 lraurire
1487 4647 1600 4704 evubis
1619 4647 1719 4721 gestio.
1754 4647 1823 4719 Quis

174 4747 303 4806 magnam
318 4733 366 4790 Dei
383 4737 594 4795 misericordiam
614 4745 639 4794 et
660 4738 846 4809 multiplicium
861 4754 970 4795 suarum
1025 4740 1097 4794 enim
1113 4755 1222 4794 noscere
1237 4747 1324 4810 potest
1345 4738 1407 4809 quid
1430 4744 1493 4811 agat
1516 4737 1566 4793 llos
1588 4736 1675 4808 campi
1695 4736 1823 4792 etlilium

174 4822 376 4880 miserationum
404 4826 541 4898 copiosam
576 4826 724 4884 bonitatem
755 4828 892 4884 humiliter
916 4828 970 4882 im·
1024 4827 1199 4894 convallium,
1237 4828 1301 4882 dum
1330 4834 1436 4882 memes
1468 4825 1662 4898 transgreditur
1687 4834 1713 4881 ct
1740 4827 1825 4882 colles

173 4911 260 4982 pluro,
276 4920 417 4985 quiaoenus,
432 4915 459 4970 in
475 4918 525 4972 boc
540 4924 595 4971 tam
610 4915 684 4972 bono
703 4916 851 4989 pmposito‚
869 4933 967 4988 usque·
1027 4917 1149 4978 transilit.
1175 4915 1225 4971 nisi
1250 4932 1329 4987 quem
1358 4922 1473 4970 torrente
1497 4914 1641 4985 voluptatis
1663 4929 1719 4969 sure
1742 4922 1825 4986 peta-

173 4999 237 5055 dum
253 5001 310 5075 ipse
325 5003 414 5059 veniet
429 5004 463 5059 ed
478 5003 643 5061 mouendum
659 5005 693 5059 de
708 5005 972 5061 lueosuoeendele·
1024 5006 1063 5061 ait
1087 5013 1113 5061 et
1132 5005 1229 5060 domus
1258 5020 1318 5060 suae
1346 5002 1466 5058 ubertate
1493 5002 1660 5058 inebriavit?
1681 5001 1827 5059 Verumta-

172 5086 261 5157 brurn,
286 5106 335 5146 vos
357 5092 557 5150 corroborando
580 5092 709 5149 stabiliat.
735 5091 867 5148 Ceterum
890 5109 1098 5193 superorum,
1114 5101 1144 5149 ut
1170 5091 1246 5161 duxi,
1281 5099 1370 5148 vestra
1401 5091 1545 5147 dilectione
1572 5097 1599 5146 et
1631 5089 1737 5147 assidua
1764 5091 1828 5162 pul-

170 5177 327 5246 pctitionom
354 5181 526 5238 ecclesiastici
551 5181 653 5237 ordinis
673 5182 753 5237 tutius
765 5182 839 5248 anni,
855 5189 882 5237 et
896 5198 969 5254 prae-
1025 5183 1129 5239 satione
1144 5186 1304 5249 commotus,
1329 5181 1402 5250 quod
1424 5180 1457 5235 de
1480 5179 1613 5251 dignitate
1627 5178 1741 5236 llomani
1755 5197 1829 5253 pon·

173 5263 251 5336 cipue
270 5268 426 5337 apostolice
449 5270 587 5343 dignitatis
606 5278 635 5325 et
656 5269 736 5326 tutius
753 5270 845 5339 curiae,
861 5270 894 5326 de
917 5286 971 5343 qua
1025 5269 1116 5340 tiiieis,
1140 5278 1167 5326 et
1189 5272 1405 5342 presbyterorum
1429 5267 1617 5331 cardinalium.
1642 5275 1670 5323 et
1691 5267 1827 5326 diacono·

171 5352 272 5425 placuit
301 5362 396 5412 restrae
424 5357 518 5414 illustri
544 5358 684 5431 epirote
707 5366 735 5415 et
760 5358 880 5433 egregiae
902 5375 970 5430 pru-
1024 5374 1096 5425 rum,
1124 5367 1338 5428 ceterorumque
1363 5357 1488 5413 ordinum
1515 5355 1606 5427 curie,
1630 5371 1681 5414 nec
1707 5372 1762 5414 nun
1788 5356 1825 5414 de

168 5524 504 5658 aalmffior
520 5530 572 5590 luit
592 5534 638 5591 btc
658 5532 729 5590 bear
750 5541 813 5593 ante
837 5550 938 5592 mrum
963 5534 1043 5605 itta,
1067 5548 1121 5606 quo
1141 5533 1231 5592 Guido
1255 5535 1306 5593 irts
1326 5534 1361 5592 ad
1383 5531 1574 5608 mentiamur
1593 5540 1749 5607 monetes
1768 5541 1821 5595 eet.
