3750 6000
99 268 134 324 ild

480 389 525 442 tv.

103 499 143 556 lat
154 496 320 556 lotharium
336 511 438 568 repam.
449 526 481 535 -
493 495 665 550 Electlonem
685 509 767 549 suom
786 490 900 547 canoni-

138 603 198 644 cum
211 591 239 644 el
254 587 436 657 illegitimum
452 583 591 639 Artncleti
611 585 724 637 narret.
744 579 901 652 archiepis·

138 691 238 749 copem
247 675 444 731 Ravennatem
453 674 604 728 mittereac
612 672 647 727 ud
655 672 739 727 illum
748 669 898 741 sipnificut.

329 791 421 861 (huno
438 790 516 855 1130,
533 788 594 843 llaii
610 792 637 844 ll
649 786 672 857 .)

282 901 392 970 [hausu
413 900 527 964 conell,
555 897 630 963 XXI,
651 896 725 968 lla]

140 1009 330 1064 lnuocrrurrus
341 1007 496 1077 episcopus,
508 1021 604 1061 serras
618 1019 758 1059 serrorum
779 1002 840 1069 Dei,
856 1003 900 1058 di-

102 1097 173 1155 lecto
189 1097 246 1152 dlio
261 1097 306 1161 L„
322 1095 421 1151 illustri
435 1103 461 1150 et
485 1094 606 1165 glorioso
628 1093 813 1148 Romanorum
830 1092 899 1165 regi,

106 1187 258 1242 salutemet
270 1184 447 1255 apostolicam
462 1182 693 1238 benedictionem.

141 1273 219 1343 Quod
235 1272 395 1328 excellentia
416 1271 562 1327 nobilitatis
584 1279 638 1326 tuac
659 1271 781 1326 studiosa
805 1279 830 1325 et
845 1271 900 1324 ler-

105 1380 173 1420 vens
187 1363 216 1418 in
231 1361 360 1418 fidelitate
376 1362 405 1416 lt.
422 1361 493 1415 Petri
509 1376 619 1430 semper
641 1360 739 1416 exstitit
764 1368 790 1414 ct
803 1360 901 1414 derota

104 1456 348 1516 divinaebouitatis
367 1456 455 1529 gratia
480 1470 628 1526 personam
653 1463 727 1510 tuam
752 1454 902 1510 honoribus

106 1546 404 1618 decoratissimam
426 1544 614 1600 defensionem
636 1561 692 1600 suec
714 1544 853 1611 Ecclesia,
876 1551 902 1598 et
943 1536 951 1544 '

105 1644 203 1692 statum
218 1634 329 1708 imperii
349 1632 551 1689 reformandum
575 1633 609 1688 ad
631 1633 708 1707 regni
731 1631 838 1704 lastigie
853 1648 901 1687 su·

724 252 932 313 INNOCENTII
950 252 975 308 11
993 249 1093 306 PAPAE

916 379 943 441 Α
958 377 1073 449 poribus
1090 375 1144 431 tuis
1158 374 1255 429 babeat
1285 374 1405 431 Ecclesia
1425 373 1558 429 bonorem
1579 386 1667 433 suum,
1683 377 1709 424 et
1724 367 1752 422 in

1716 244 1759 320 hd⁴
1775 315 1780 322 Ι

956 482 1020 536 rege
1035 480 1084 520 suo
1099 464 1211 530 laetatur,
1230 472 1255 518 et
1271 463 1297 518 in
1313 463 1400 533 gloria
1415 471 1457 516 tua
1468 461 1563 515 floreat
1574 458 1751 529 etglorietur.

955 555 1119 610 Etaltentur
1133 553 1160 607 iu
1171 551 1267 606 diebus
1282 553 1336 606 tuis
1351 550 1494 616 Catholici,
1511 556 1536 604 et
1562 547 1755 619 opprimentur

956 639 1082 705 baeretici,
1100 646 1127 693 ut
1143 654 1258 708 regnum
1274 646 1345 691 tuum
1362 638 1433 691 Deus
1448 634 1560 702 exaltet,
1576 641 1603 688 el
1627 631 1754 687 inimicos

956 737 1017 784 tuos
1032 728 1083 783 sub
1094 728 1208 798 pedibus
1225 727 1276 781 tuis
1292 725 1425 779 hurnilict.
1443 723 1482 778 hd
1497 724 1556 778 haee
1568 719 1754 776 venerabilem

957 818 1066 873 fratrem
1085 825 1209 871 nostrum
1225 815 1364 886 praelatum
1390 814 1424 868 G.
1447 811 1683 880 archiepiscopum
1701 818 1755 865 tuae

956 906 1052 978 gloriae
1080 905 1209 960 attentius
1233 903 1468 964 commendamus,
1497 912 1627 970 rogantes
1652 906 1681 952 ut
1702 912 1754 969 pro

954 994 1030 1051 sedis
1054 994 1210 1066 apostoliea
1226 991 1383 1051 reverentia
1411 1006 1473 1043 enm
1495 989 1613 1058 benigne
1636 985 1755 1057 recipies

956 1092 983 1141 et
998 1085 1110 1138 honeste
1126 1090 1284 1153 pertractes.
1311 1079 1492 1148 Omnipotens
1516 1077 1648 1132 Dominus
1671 1074 1752 1131 iuco-

956 1172 1056 1226 lumem
1084 1179 1120 1237 te,
1146 1171 1182 1225 lili
1210 1168 1379 1232 clrarissinre,
1408 1165 1550 1230 custodiat,
1572 1172 1599 1218 et
1621 1162 1753 1219 Ecclesiae

956 1261 1015 1315 suae
1028 1259 1101 1316 curis
1121 1259 1238 1312 lideliter
1259 1257 1406 1328 invigilare
1424 1255 1568 1311 concedat.
1595 1251 1752 1307 Gloriosam

957 1348 1039 1404 filiam
1056 1356 1175 1403 nostram
1209 1348 1239 1402 ll.
1270 1343 1435 1418 [Richczam]
1464 1343 1589 1414 reginam
1610 1358 1640 1394 ex
1658 1347 1753 1395 nostra

955 1446 1032 1509 parte
1048 1438 1145 1492 devote
1161 1436 1271 1500 salutes,
1289 1448 1404 1504 eamque
1419 1447 1468 1502 pro
1481 1429 1657 1501 suscipienda
1668 1427 1755 1498 impe·

955 1526 1030 1581 rialis
1052 1523 1248 1581 benedictionis
1272 1521 1439 1594 plenitudine
1464 1535 1517 1574 una
1540 1528 1627 1574 tecum
1653 1518 1686 1572 ed
1703 1531 1754 1571 nos

956 1615 1048 1670 venire
1062 1614 1218 1668 inritamus.

104 1723 238 1791 blimavit,
265 1722 507 1797 praedecessorque
531 1730 625 1778 noster
652 1721 739 1778 lelieis
765 1720 902 1776 memoriae
917 1739 943 1798 13
996 1706 1095 1759 Ullum
1112 1701 1312 1758 Tllsssllbffl'iffl
1331 1718 1345 1754 V
1362 1699 1404 1754 Μ·
1424 1697 1496 1753 Mill·

104 1828 175 1886 papa
188 1812 222 1869 Η.
239 1813 311 1885 quod
326 1820 352 1869 te
360 1827 411 1884 per
429 1810 539 1866 multam
564 1811 704 1866 utilitatem
718 1810 833 1866 credidit
847 1811 901 1866 Ec-

106 1901 198 1960 clesiae
214 1900 394 1973 profuturam,
431 1900 593 1956 electionem
616 1899 650 1955 de
670 1906 696 1954 te
713 1900 747 1954 ab
765 1899 901 1970 archiepi-

107 1981 211 2063 scopis,
223 1989 369 2062 episeopis,
386 2004 419 2046 ae
444 1989 523 2063 regni
544 1988 712 2060 principibus
733 1987 836 2044 iactam
851 2004 901 2060 pro

105 2079 208 2135 unitata
217 2076 351 2135 Ecclesiae
365 2084 392 2133 et
406 2077 484 2152 regni
506 2076 699 2134 inviolabiliter
713 2078 902 2134 conservanda

106 2169 263 2225 auctoritate
276 2165 425 2240 apostoliea
447 2164 625 2231 confirmavit,
645 2173 671 2221 et
688 2182 739 2238 pro
753 2166 903 2238 imperialis

105 2255 246 2329 dignitatis
259 2254 426 2327 plenitudine
448 2255 623 2326 suscipienda
647 2270 696 2327 per
718 2256 846 2313 dilectum
868 2255 902 2309 lr-

103 2344 169 2401 lium
183 2351 307 2403 nostrum
323 2344 356 2401 o.
371 2343 547 2419 [Gerardum]
571 2353 673 2400 sanctae
696 2345 826 2401 Romanae
848 2346 901 2401 Ec·

104 2433 196 2491 alesia
209 2432 399 2506 presbyterum
413 2431 580 2488 cardinalem
596 2440 622 2487 te
636 2433 776 2489 adsedem
789 2442 902 2505 aposto-

103 2521 185 2579 licam
201 2521 334 2578 evocarit.
361 2520 422 2588 Quo
441 2520 569 2575 nimirum
590 2522 714 2577 humanae
740 2522 902 2577 conditionis

104 2617 244 2682 exempto,
268 2610 341 2682 quod
369 2624 422 2682 ego
448 2609 547 2679 dignus
576 2624 630 2664 uon
655 2609 703 2678 lui,
728 2612 848 2682 episcopi
877 2619 903 2666 et

105 2698 236 2755 Catholici
251 2696 411 2755 cardinales
421 2713 464 2754 me
479 2696 544 2754 licet
558 2697 684 2766 invitum,
701 2706 727 2755 et
743 2701 903 2757 renitentem

104 2781 297 2844 inhumanum
313 2784 468 2858 pontificem
482 2785 647 2842 unanimiter
664 2789 813 2857 elegerunt.
830 2788 901 2859 Qui-

104 2877 166 2945 bus,
182 2883 211 2932 nt
225 2883 289 2932 aute
304 2876 391 2931 Deum
406 2875 512 2946 loquar,
530 2875 604 2931 nullo
618 2876 776 2933 ambitionis
788 2879 900 2943 honore,
935 2888 941 2900 “

103 2966 177 3022 nulla
187 2964 299 3023 omnino
313 2965 527 3037 presumptione
541 2979 682 3021 assensum
702 2967 840 3038 praebens,
853 2968 901 3023 sed

1324 1799 1359 1855 V.

956 1894 1002 1949 Art
1017 1891 1252 1962 archiepiscopos,
1268 1891 1419 1961 episcopos,
1437 1887 1549 1942 allutea
1562 1889 1590 1941 et
1611 1885 1756 1957 principer

1062 1997 1112 2053 per
1127 1994 1245 2051 repausa
1263 1979 1447 2034 Teutonicum
1462 1975 1644 2031 constitutos.

1184 2076 1273 2142 (Aurio
1290 2075 1368 2140 ttae,
1383 2073 1449 2127 Jun.
1468 2072 1524 2139 20.)

955 2174 1107 2249 [Philippus
1121 2173 1218 2239 laras,
1234 2173 1355 2243 Repesta
1369 2174 1474 2244 pontis.
1493 2171 1574 2226 Horra.
1590 2187 1617 2241 p.
1643 2170 1706 2234 acl,
1723 2183 1756 2221 et

1127 2262 1221 2318 codice
1232 2261 1341 2332 capituli
1358 2258 1580 2331 olomucensis]

993 2364 1196 2422 l'enerabilibus
1213 2363 1352 2429 iratribus,
1379 2361 1602 2431 archiepiscopis,
1619 2358 1758 2430 episeopis

956 2447 1093 2502 etdilectis
1110 2442 1174 2498 liliis
1189 2444 1334 2498 abbatibus
1350 2450 1376 2499 et
1392 2441 1559 2513 principibus
1577 2456 1625 2512 per
1638 2454 1756 2512 regnum

956 2535 1132 2590 Teutonicum
1148 2532 1311 2600 constitutis,
1326 2532 1440 2586 salutem
1464 2538 1489 2585 et
1513 2529 1693 2601 apostolicam
1710 2527 1758 2582 be·

957 2623 1152 2679 sedictionem.

994 2722 1091 2778 Divina
1120 2721 1219 2777 laetum
1243 2719 1422 2791 dispositione
1450 2719 1560 2773 minime
1589 2717 1756 2780 dubitamus,

956 2808 1030 2879 quod
1059 2807 1188 2861 dilectum
1219 2805 1302 2860 lilium
1327 2814 1446 2860 nostrum
1474 2803 1638 2865 lotharium,
1669 2801 1757 2858 virum

956 2895 1048 2966 utique
1064 2895 1232 2950 catholicum
1261 2902 1286 2949 et
1307 2893 1420 2962 justitiae
1447 2891 1589 2957 cultorem,
1606 2890 1633 2945 in
1661 2905 1757 2961 regern

957 2984 1034 3040 robis
1046 2983 1208 3038 unanimiter
1235 2982 1370 3055 elegistis.
1405 2980 1597 3036 Praedecessor
1622 2977 1759 3049 siquidem

103 3054 163 3113 ⁸⁰¹⁸
191 3061 230 3112 ²⁰²
257 3061 450 3126 mmmmm
478 3053 669 3126 ‘⁰¹585080fflm
690 3055 821 3122 limium·
846 3073 900 3114 ⁰0¹¹
918 3081 1062 3154 caestor,
1072 3071 1159 3128 felicis
1174 3071 1314 3126 memorien
1330 3085 1400 3140 papa
1422 3068 1567 3133 Honorius,
1591 3066 1759 3139 prounitate

104 3144 209 3216 absque
231 3143 309 3217 gravi
346 3142 471 3214 periculo
506 3144 717 3212 contemnenda,
747 3147 905 3216 compulsus

106 3231 274 3300 obedientia,
299 3229 420 3287 conlisus
444 3231 555 3302 insuper
581 3232 616 3287 de
640 3233 833 3304 omnipotentis
858 3235 907 3290 bei

105 3320 295 3378 misericordia
316 3319 465 3388 injunctum
486 3320 551 3374 mibi
572 3319 688 3376 odicium
715 3323 750 3377 ad
775 3325 907 3379 bonorem

105 3419 156 3477 Dei
171 3428 197 3476 et
208 3417 342 3476 Ecclesia
368 3419 498 3475 Romanae
527 3419 646 3490 suscepi.
671 3420 817 3477 Postmodo
842 3435 908 3478 rero

105 3509 201 3565 Petrus
216 3507 327 3574 monis,
344 3507 391 3580 qui
405 3517 534 3579 papatum
557 3525 573 3563 a
597 3508 687 3582 longis
711 3518 784 3566 retro
802 3519 909 3579 tempo-

105 3595 183 3653 ribus
207 3594 393 3664 adeetaverat,
426 3603 569 3667 parentum
598 3597 736 3665 violentia,
766 3600 909 3674 sanguinis

106 3685 251 3753 effusione,
280 3685 482 3742 decrostatione
511 3694 670 3742 sanctarum
698 3688 849 3760 imaginum
878 3689 909 3743 B·

108 3782 179 3838 Petri
194 3783 351 3838 cathedram
375 3775 530 3855 occuparit,
554 3792 581 3840 et
601 3783 775 3857 peregrinos,
796 3802 828 3841 ao
844 3786 909 3840 reli-

106 3871 201 3944 giosos
216 3888 349 3944 quosque,
372 3873 406 3927 ad
426 3872 614 3944 apostolorum
639 3873 731 3929 limina
754 3875 893 3929 devotioni

108 3974 193 4016 causa
213 3961 365 4030 venientes,
382 3969 477 4033 captos
492 3968 519 4017 et
544 3962 620 4017 tetris
641 3978 782 4020 carcerum
799 3963 910 4034 squelo·

110 4058 186 4115 ribus
201 4073 235 4116 ac
249 4058 345 4115 ferreis
357 4060 472 4116 vinculis
486 4062 663 4133 mancipatos,
674 4061 754 4128 lame,
765 4062 808 4116 siti
823 4063 912 4130 diver,

110 4147 202 4217 sisque
216 4150 413 4201 tormentorum
429 4146 578 4218 perrenibus
590 4146 715 4202 cmciare
731 4162 783 4202 nou
799 4147 907 4216 desiuit

110 4232 281 4305 Sanguinem
297 4250 405 4306 quoque
416 4241 550 4300 nostrum,
562 4242 588 4288 et
603 4250 694 4289 curtim
708 4235 752 4304 qui
763 4234 908 4292 uobiscum

110 4329 173 4376 sunt
186 4321 322 4378 sitibundo
337 4330 450 4393 pectore
475 4323 686 4392 concupiscens,
707 4323 806 4394 gladiis
823 4342 907 4380 vene·

960 3161 1093 3216 Ecclesiae
1120 3154 1310 3216 conservanda
1339 3168 1365 3213 ct
1393 3166 1462 3212 statu
1490 3156 1597 3224 imperii
1616 3155 1642 3209 iu
1661 3153 1758 3209 melius

963 3250 1148 3316 reformando,
1167 3249 1239 3321 quod
1265 3264 1279 3302 a
1306 3247 1383 3302 robis
1410 3248 1444 3302 de
1473 3261 1505 3302 eo
1534 3247 1633 3300 lictum
1659 3244 1757 3309 haeret,

962 3339 1122 3395 auctoritate
1150 3337 1298 3408 apostolica
1321 3335 1506 3402 confirmarit,
1540 3335 1682 3405 ipsumque
1709 3348 1760 3403 pro

963 3427 1133 3498 suscipienda
1162 3425 1311 3497 imperialis
1348 3423 1488 3498 dignitatis
1520 3422 1687 3495 plenitudine
1710 3437 1760 3493 per

963 3515 1088 3570 dilectum
1118 3513 1202 3568 tilium
1245 3522 1377 3578 nostrum,
1416 3513 1529 3567 latorem
1568 3509 1755 3581 praesentium.

963 3602 1154 3676 G[erbardum]
1172 3611 1273 3660 saneta
1288 3603 1415 3658 Romanae
1425 3600 1556 3657 Ecclesiae
1566 3598 1760 3669 presbyterum

964 3693 1143 3759 cardinalem,
1173 3692 1208 3747 ed
1235 3691 1328 3746 sedem
1350 3689 1526 3761 apostolicam
1550 3687 1681 3744 euomuit.
1697 3685 1760 3756 Quo

965 3783 1092 3837 nimirum
1107 3784 1232 3836 humana¹
1255 3779 1418 3836 conditionis
1444 3779 1505 3848 lege
1533 3776 1615 3832 rebus
1632 3775 1760 3830 humanis

965 3881 1104 3942 exempto,
1122 3873 1193 3943 quod
1220 3869 1389 3942 [quanquam
1406 3867 1430 3939 ‘ll
1459 3882 1512 3938 ego
1525 3865 1626 3936 dignus
1640 3880 1695 3919 noa
1711 3864 1758 3929 hri,

965 3968 1087 4040 episcopi
1103 3978 1126 4023 et
1144 3966 1277 4023 Catholici
1302 3965 1455 4021 cardinales
1470 3980 1515 4018 me
1529 3963 1593 4018 licet
1606 3961 1717 4016 inritum
1735 3962 1759 4017 ei

965 4060 1125 4115 renitentem
1149 4059 1177 4113 iu
1211 4059 1364 4114 hornsnum
1400 4053 1552 4127 pontificem
1581 4051 1759 4107 communiter

963 4156 1115 4228 elegerunt.
1146 4154 1262 4223 Quibus,
1293 4160 1320 4207 ut
1349 4159 1410 4206 ante
1438 4151 1523 4206 Deum
1551 4149 1656 4220 loquar,
1686 4146 1761 4202 nulla

963 4244 1075 4300 honoris
1100 4241 1256 4307 ambitione,
1287 4241 1359 4296 nulla
1397 4240 1508 4293 omniuo
1545 4236 1761 4308 presumptione

962 4348 1105 4388 assensum
1120 4332 1257 4402 praehens,
1284 4328 1405 4397 sedsola
1432 4335 1469 4382 tot
1493 4334 1682 4396 tantorumque
1698 4324 1762 4378 reli-

34 4460 38 4465 ·
109 4433 146 4474 no
158 4433 192 4474 ad
206 4418 373 4474 multimodis
388 4420 590 4489 pl'odilionibtls
608 4421 666 4476 llilae
683 4430 783 4477 noslrae
797 4421 1104 4508 insidid.Dgiosorum
1131 4429 1263 4493 virorum,
1291 4442 1346 4480 non
1373 4420 1572 4480 corrtemneuda
1600 4422 1762 4492 compulsus

111 4514 164 4562 tur.
182 4508 233 4564 Pro
248 4506 325 4577 cujus
351 4508 455 4564 saevitia
479 4508 693 4581 comprimenda,
716 4517 742 4565 et
765 4519 836 4566 statu
852 4519 906 4567 tarn

112 4603 243 4662 Ecclesiae
259 4619 339 4676 quarn
360 4604 466 4674 imperii
489 4606 517 4660 in
536 4605 635 4661 melius
657 4607 843 4673 raimmundo,
860 4623 910 4677 per

110 4702 256 4776 praeseutia
270 4702 381 4774 scripta,
397 4713 423 4758 et
444 4702 630 4760 venerabilem
655 4703 764 4758 fratrem
789 4712 909 4759 nostrum

111 4801 145 4859 G.
161 4799 355 4876 [Gualterium]
370 4801 554 4858 Ravennatem
573 4801 806 4873 arehiepiscopum
823 4802 910 4858 tirum

111 4889 205 4963 ulique
221 4889 390 4964 religiosum,
411 4889 581 4962 prudentem,
606 4890 781 4961 omniumque
804 4906 908 4945 morum

112 4979 256 5036 honestate
292 4978 484 5050 conspicuum,
522 4977 690 5034 excellentiae
718 4986 771 5033 tuae
813 4979 910 5035 iterato

36 5066 38 5071 ’
111 5068 285 5134 mandamus,
315 5076 447 5140 quatenus
475 5067 600 5138 proxima
627 5067 717 5123 hieme
740 5082 801 5122 eum
817 5068 908 5124 archi-

113 5158 251 5232 episeopis
258 5173 290 5213 ae
301 5157 379 5230 regui
385 5157 552 5229 principibus
560 5156 594 5212 ad
606 5164 724 5212 nostram
736 5159 907 5229 praesentiam

111 5247 208 5306 venias
236 5246 385 5318 imperialis
417 5245 558 5318 diguitatis
579 5245 785 5317 plenitudinem,
810 5262 909 5317 coepe.

112 5344 190 5393 rante
204 5335 330 5402 Domino,
347 5342 533 5406 suscepturus.
557 5334 597 5390 Sit
621 5333 723 5407 itaque,
740 5332 777 5388 nti
802 5335 908 5389 charis·

113 5435 191 5499 sime,
208 5449 322 5507 regnum
348 5438 426 5488 tuum
442 5431 607 5502 adjutorium
634 5430 711 5504 regni
733 5429 863 5492 coelestis.
880 5439 909 5486 ut

111 5542 174 5606 post
189 5533 337 5604 temporale
352 5548 478 5606 regnum,
495 5530 568 5604 quod
584 5529 737 5604 lougaerum
753 5529 800 5585 tibi
815 5529 908 5585 Domi·

111 5647 164 5690 nus
178 5630 267 5703 iaciat,
282 5646 344 5688 cum
359 5629 419 5704 ipso
433 5629 492 5687 sine
506 5627 560 5685 line
575 5627 666 5700 pessis
676 5643 793 5701 regnare
809 5642 816 5698 ;
834 5636 906 5683 tem-

966 4526 1131 4592 obedientia,
1148 4523 1269 4581 confisus
1299 4522 1408 4592 insuper
1435 4522 1467 4576 de
1492 4519 1687 4590 omnipotentis
1711 4519 1761 4573 Dei

964 4624 1165 4687 misericordia,
1181 4622 1330 4692 injunctum
1355 4619 1419 4674 mihi
1438 4619 1558 4674 ol'licium
1577 4618 1610 4671 ad
1627 4617 1760 4671 bonorem

966 4713 1017 4768 Dei
1033 4723 1059 4768 et
1074 4713 1208 4769 Ecclesiae
1222 4710 1352 4765 Romanm
1365 4707 1486 4778 sttscepi.
1502 4705 1680 4761 Postmodum
1695 4719 1761 4761 vero

967 4802 1059 4875 Pletril
1079 4801 1187 4866 Leonis,
1205 4800 1250 4870 qui
1274 4807 1400 4869 papatum
1416 4812 1431 4851 a
1456 4795 1546 4866 lorgis
1564 4803 1636 4849 retro
1652 4801 1759 4865 tempo·

964 4892 1038 4946 ribus
1067 4890 1252 4956 affectaverat,
1282 4893 1426 4958 pareutum
1456 4883 1592 4950 uiolentia,
1621 4881 1762 4954 sanguinis

965 4978 1108 5045 effasione,
1129 4976 1315 5033 destructione
1340 4989 1478 5029 sacrarum
1505 4971 1665 5043 imaginum,
1688 4971 1761 5025 beati

966 5069 1035 5124 Petri
1052 5067 1209 5124 cathedram
1225 5064 1380 5135 occuparit,
1409 5070 1435 5118 et
1464 5060 1627 5132 peregrinos
1649 5074 1683 5115 ac
1697 5059 1761 5113 reli·

964 5164 1205 5238 giososquosdam
1234 5161 1268 5216 ad
1294 5160 1477 5231 apostolorum
1503 5157 1597 5212 limina
1609 5155 1762 5212 devotionis

964 5269 1047 5309 causa
1057 5253 1206 5316 vernentes,
1224 5258 1318 5320 captos
1329 5259 1354 5303 et
1373 5248 1448 5304 tetris
1463 5245 1579 5302 carceris
1591 5245 1762 5316 sqiraloribus

963 5367 995 5407 ec
1011 5350 1105 5406 ferreis
1117 5349 1231 5405 vinculis
1247 5344 1762 5420 nrarreipetos,lame,sitirhversisque

963 5448 1161 5496 tormentorum
1181 5437 1330 5512 generibus
1353 5437 1476 5492 orricium
1497 5450 1551 5489 uon
1578 5433 1690 5488 desinit.
1711 5433 1763 5487 l‘er

962 5527 1105 5601 prasentia
1122 5528 1210 5599 itaque
1234 5525 1335 5597 scripta
1348 5533 1374 5581 et
1399 5523 1576 5583 charissimos
1596 5521 1692 5577 iratres
1708 5537 1761 5577 uo·

961 5635 1044 5683 stros.
1065 5622 1257 5697 Glerhardum]
1273 5630 1371 5679 sanctae
1391 5622 1521 5678 Romanae
1544 5618 1675 5676 Ecclesia
1692 5635 1759 5691 pre·
