3750 6000
569 226 747 287 aristote
761 227 806 285 ET
818 226 1032 287 nathinneis.
1574 231 1627 289 786

70 375 99 416 ss
126 365 153 416 et
180 357 366 416 distractiones
396 373 491 429 regum
527 356 629 427 judicio
666 362 777 410 cassata
791 354 817 414 h
831 353 931 427 cipere.
947 354 1091 412 Castellum
1115 357 1186 428 quod
1207 356 1311 429 Longis
1329 367 1449 427 uocatur,
1479 357 1623 430 prohiben-

70 466 159 514 sontra
171 459 336 514 voluntatem
357 455 463 512 abbatis
481 456 597 510 retinent
615 461 641 508 et
659 452 774 507 necdum
831 460 869 509 tes
882 453 954 524 quod
968 454 1056 510 nullus
1074 454 1219 510 advocatus
1242 455 1280 509 ibi
1303 456 1403 526 aliquid
1422 457 1474 511 sibi
1494 473 1622 528 usurpare

79 547 219 603 sententie
242 548 391 617 subjacent,
420 543 499 599 vobis
525 542 685 598 mandamus
704 557 773 612 qua-
828 558 982 621 presumat,
996 551 1044 606 sed
1058 552 1086 606 iii
1101 552 1275 624 dispositione
1288 553 1394 608 abbatis
1413 554 1623 625 omnitempore

70 641 235 697 eoseasdem
250 640 494 696 administrationes
508 646 534 692 et
547 637 619 692 bona
642 637 670 690 in
691 651 772 690 manu
827 652 1006 712 permaneam
1032 645 1172 700 ecclesiam
1189 645 1215 699 in
1231 645 1378 715 Sprimont,
1394 649 1422 701 in
1445 649 1571 714 llerram,
1593 647 1620 701 in

70 746 81 784 s
95 730 180 786 libere
195 730 330 786 dimittere
340 728 466 784 districtae
479 726 683 783 commoneatis.
695 723 773 793 Quod
826 727 965 797 Turaincs,
981 728 1009 783 in
1022 729 1208 797 liosammont,
1225 729 1253 784 in
1273 729 1368 796 Oiseis,
1394 732 1421 785 in
1445 732 1568 799 Praisdis,
1594 732 1622 786 iii

70 825 232 888 atemptares
258 817 418 884 exstiterint,
435 815 614 873 anathematis
642 829 688 869 eos
715 813 773 869 vin·
825 816 1027 889 aldendhorph,
1044 818 1071 872 in
1085 817 1236 885 amblavia,
1259 818 1287 874 in
1309 819 1431 886 Tumbis,
1447 820 1474 876 in
1496 821 1620 888 Clotena,

69 906 201 963 nnodetis.
219 907 337 963 Tuvero
360 905 442 962 frater
464 905 599 976 episcope,
627 902 772 957 Henrieum
826 905 917 961 villain
939 905 1139 962 Germiniacum
1163 914 1190 962 et
1209 907 1262 962 duo
1285 908 1441 964 molendina
1464 927 1545 980 super
1566 910 1620 964 llu-

70 1010 98 1067 pe
111 994 236 1051 similiter
253 1009 437 1062 commoneas,
452 1000 483 1049 ut
500 994 610 1048 domum
632 991 673 1063 (t)
687 991 772 1045 Erhe·
825 995 899 1050 vium
920 994 1061 1066 suppiam,
1083 996 1175 1051 villam
1192 997 1332 1066 Tumincs,
1357 998 1449 1053 viliam
1470 998 1617 1070 Spri'mont,

69 1083 147 1139 ratus
164 1082 301 1153 jamdicti
323 1081 437 1150 abbatis,
457 1096 537 1152 quam
560 1078 631 1135 infra
649 1086 771 1151 treugam
825 1084 1005 1157 Luhescnges,
1049 1083 1189 1157 Villippes,
1232 1087 1383 1151 tavernou,
1416 1086 1618 1157 llusenebaroh,

70 1170 119 1229 bus
142 1170 266 1229 videlicet
293 1187 376 1227 sacrae
391 1170 524 1226 Passionis
538 1167 677 1239 destruxit,
693 1173 720 1222 et
739 1182 771 1223 ec
824 1189 905 1244 quam
920 1171 994 1227 dedit
1003 1172 1081 1229 robis
1095 1172 1164 1228 liber
1185 1175 1267 1230 homo
1279 1173 1443 1230 Gadeiridus
1458 1176 1552 1231 villam
1567 1177 1618 1232 Ba·

70 1259 171 1317 ibonis
185 1260 302 1317 abbatiae
328 1258 438 1315 abstulit
464 1274 525 1314 cum
553 1256 706 1330 integritate
732 1271 771 1312 re·
824 1278 883 1318 cen.
910 1260 1099 1319 Ordinationes
1119 1270 1208 1318 autem
1231 1264 1402 1319 ecclesiarum
1418 1271 1444 1320 et
1464 1264 1619 1321 decimatio

70 1347 168 1419 .Quod
192 1350 214 1405 si
228 1349 301 1404 inira
314 1364 351 1405 xi
368 1348 425 1403 dies
447 1355 507 1420 post
529 1353 600 1401 tuam
622 1343 771 1401 commoni·
824 1366 872 1407 nes
885 1366 987 1417 earum,
1011 1351 1079 1406 sicut
1101 1354 1231 1407 hactenus
1249 1350 1393 1420 habuistis,
1417 1353 1496 1409 robis
1517 1355 1619 1411 nihilo-

70 1474 72 1491 .
100 1436 250 1509 adimplere
276 1436 435 1510 neglexerit,
464 1435 622 1491 canonicam
651 1434 680 1488 in
707 1450 768 1489 eum
824 1440 913 1494 minus
931 1437 1131 1505 confirmamus,
1156 1448 1301 1495 statuentes
1322 1451 1351 1496 ut
1373 1441 1399 1496 in
1421 1443 1619 1514 parochialibus

70 1524 129 1582 iam
147 1527 276 1598 proferas,
293 1535 318 1581 et
332 1541 383 1581 nec
396 1524 455 1592 iste,
472 1540 522 1579 nee
537 1523 592 1590 alii,
617 1522 652 1578 de
673 1522 770 1592 quibus
823 1528 942 1583 ecclesiis
954 1544 1020 1598 quas
1035 1528 1129 1583 tenetis
1142 1528 1231 1583 nullus
1244 1528 1386 1601 episcopus
1408 1531 1509 1602 absque
1529 1532 1617 1589 abba-

71 1613 152 1671 ictum
181 1623 230 1680 est,
256 1615 421 1678 absolvatur,
446 1613 534 1668 donec
563 1611 650 1668 eidem
677 1611 768 1666 abbati
824 1617 856 1670 tis
870 1631 982 1672 assensu
1002 1616 1188 1689 presbyterum
1211 1617 1333 1686 collocet,
1358 1618 1415 1685 sed,
1434 1619 1513 1689 iuxta
1530 1620 1618 1677 decre

70 1703 246 1760 nassamont.
266 1704 305 1758 De
320 1702 562 1775 presbyterissae
577 1699 611 1756 de
625 1700 729 1772 Longis
743 1709 767 1756 et
781 1711 809 1772 Β
824 1710 880 1759 tum
896 1704 1102 1776 predecessoris
1119 1706 1202 1760 nostri
1221 1705 1301 1763 bonae
1315 1707 1453 1764 memorias
1475 1724 1553 1780 papae
1573 1710 1620 1766 Ur·

83 1799 111 1848 et
124 1792 194 1864 aliis,
215 1792 260 1864 qui
283 1792 403 1862 praelatis
426 1789 673 1857 excommunicatis,
692 1789 762 1845 sicut
815 1792 887 1861 bani,
903 1792 1023 1865 episcopi
1055 1794 1191 1866 parochiae
1214 1810 1306 1850 curam
1331 1811 1391 1851 cum
1420 1794 1527 1853 abbatis
1554 1815 1619 1855 con·

70 1895 132 1950 nus,
147 1881 349 1938 communicare
363 1886 537 1952 praesumunt,
564 1878 695 1949 justitiam
724 1877 762 1934 fa·
811 1898 895 1942 sensu
908 1881 1041 1938 sacerdoti
1055 1885 1232 1951 committant,
1254 1890 1284 1938 ut
1307 1884 1442 1954 ejusmodi
1467 1886 1620 1945 sacerdotes

814 1971 849 2027 de
871 1969 959 2042 plebis
984 1971 1092 2041 quidem
1121 1987 1184 2028 cura
1210 1972 1338 2045 episcopo
1351 1975 1483 2030 rationem
1496 1975 1619 2048 reddant,

70 2074 99 2115 m
112 2058 238 2116 Laterani
253 2075 270 2115 ι
286 2058 400 2115 Kalend.
411 2056 546 2114 ianuarii.
816 2058 908 2115 abbati
923 2075 988 2116 rero
1003 2075 1052 2132 pro
1065 2061 1146 2116 rebus
1159 2061 1353 2133 temporalibus
1367 2062 1401 2118 ad
1423 2065 1616 2120 monasterium

323 2175 398 2231 XXI¹
816 2147 1011 2219 pertinentibus
1024 2148 1144 2205 debitam
1158 2149 1354 2219 subjectionem
1378 2150 1533 2207 exhibeant.
1554 2153 1618 2209 Pro-

70 2210 149 2335 ,σάω
161 2263 284 2320 wibaldo
296 2264 388 2320 abban·
402 2279 614 2320 concessum„
630 2260 763 2317 pomp„
816 2236 942 2292 bibemus
968 2253 1075 2308 quoque
1101 2244 1131 2291 nt
1155 2236 1183 2292 in
1211 2239 1393 2310 possessiones
1415 2239 1500 2312 ipsius
1523 2256 1615 2298 mona-

70 2335 258 2392 istobuteuse
273 2335 325 2390 aab
336 2336 410 2390 aedis
425 2335 579 2406 apostoliea
589 2333 763 2405 protectione
816 2325 889 2381 sterii
911 2325 1000 2381 nuilus
1021 2325 1149 2395 initiam,
1173 2325 1216 2382 vel
1235 2327 1388 2396 majoriam,
1404 2336 1449 2383 ent
1473 2329 1616 2386 villicatio·

70 2405 76 2488 i
100 2404 763 2479 'tacirariutttiurprtrtteptaetimmunitates
817 2430 880 2469 nem
900 2415 1079 2482 heminaria),
1102 2431 1150 2470 seu
1174 2414 1245 2470 feodi
1267 2416 1328 2486 jum
1352 2432 1401 2488 per
1420 2418 1616 2476 successionem

70 2480 160 2533 W·
819 2509 937 2572 teneant,
962 2502 1009 2559 sed
1033 2504 1060 2557 in
1083 2509 1214 2576 potestate
1237 2503 1343 2560 abbatis
1360 2504 1393 2561 sit
1413 2505 1547 2573 ordinare,
1576 2513 1612 2575 et,

197 2567 294 2691 (Anffi
304 2569 312 2616 ⁴
323 2565 383 2691 ἵζειν
399 2563 537 2692 baiam
817 2607 877 2646 cum
892 2598 1072 2663 opportunum
1088 2591 1245 2665 cognoverit
1269 2594 1422 2661 immutare,
1445 2595 1615 2651 securitatem

240 2635 264 2735 Ῑ,
295 2653 334 2692 Μ
353 2652 400 2701 ⁸⁸⁹
445 2639 495 2708 ²²¹
701 2719 750 2777 D.
818 2681 899 2735 etiam
927 2687 955 2735 et
975 2679 1127 2737 libertatem
1153 2680 1317 2737 incircuitu
1345 2682 1428 2755 ipsius
1457 2685 1613 2741 monasterii

70 2737 374 2870 '‘Eiuswepmpug’
398 2741 501 2867 {⁰va
530 2739 677 2868 Ἥκω.
727 2738 762 2788 ffl'
817 2769 888 2824 inira
915 2768 1033 2842 leugam,
1066 2770 1135 2826 sicut
1162 2787 1178 2826 a
1201 2771 1312 2843 regibus
1337 2788 1384 2828 seu
1406 2772 1614 2844 imperatoribus

134 2830 158 2868 ¹⁸
224 2829 324 2869 ”m
370 2822 396 2868 m
418 2830 503 2868 ”⁹⁰⁵¹
532 2829 548 2868 α
586 2829 621 2868 ⁸¹
653 2826 764 2881 ejusque
816 2857 970 2914 rationabili
995 2859 1164 2929 providentia
1190 2874 1348 2915 concessum
1370 2869 1420 2928 cst,
1435 2862 1524 2917 nullus
1547 2880 1614 2935 prae·

817 2955 906 3002 sumat
929 2946 1087 3020 infringere.
1119 2945 1193 3004 ldem
1211 2965 1276 3005 raro
1291 2950 1482 3005 monasterium
1507 2951 1614 3008 tertium

776 3037 978 3130 caduceatum
996 3052 1051 3092 non
1074 3036 1181 3105 habeat,
1205 3038 1263 3108 sed,
1287 3037 1367 3108 juxta
1389 3040 1526 3111 antiquam
1554 3056 1615 3096 con·

817 3126 995 3193 suetudinem,
1016 3123 1083 3181 duos
1108 3133 1221 3190 tantum,
1239 3142 1353 3196 quorum
1375 3128 1479 3198 primus
1497 3128 1612 3184 advoca·

818 3216 882 3270 tiam
896 3230 957 3270 cum
976 3214 1066 3270 banno
1091 3214 1122 3269 ie
1142 3231 1222 3270 rnaau
1244 3232 1339 3287 regum
1359 3217 1402 3272 rel
1420 3216 1612 3289 imperatorum

817 3303 939 3375 accipiat,
956 3304 1023 3358 alter
1036 3311 1125 3359 autem
1150 3303 1195 3374 qui
1218 3302 1252 3359 de
1275 3320 1356 3359 manu
1380 3304 1463 3375 primi
1490 3306 1613 3363 advocati

816 3392 975 3448 beneficium
993 3392 1136 3465 acceperit,
1152 3393 1270 3449 bannum
1293 3410 1309 3449 a
1331 3394 1441 3467 regibus
1463 3396 1506 3451 rel
1527 3395 1612 3467 impe·

815 3482 949 3537 ratoribus
962 3482 1085 3553 accipiat,
1100 3498 1150 3538 nec
1165 3483 1241 3539 liceat
1257 3484 1296 3538 eis
1308 3483 1335 3538 in
1347 3483 1561 3556 possessionibus
1569 3485 1613 3541 rel

815 3570 937 3642 personis
953 3572 1115 3627 monasterio
1133 3571 1328 3644 pertinentibus
1351 3572 1476 3645 hospitia,
1502 3574 1611 3647 placita,

815 3658 959 3727 precarias,
979 3660 1133 3714 exactiones
1147 3660 1246 3726 faeere,
1262 3677 1316 3716 non
1337 3662 1485 3731 palefridos
1506 3662 1610 3730 tollere,

815 3761 869 3801 non
883 3744 968 3814 freda,
979 3762 1033 3802 non
1043 3747 1246 3816 redhibitiones,
1255 3765 1311 3804 non
1321 3751 1539 3819 consuetudines,
1551 3768 1612 3822 qum

71 3876 125 3947 wi,
140 3877 198 3934 Deo
222 3884 340 3943 auem,
370 3893 484 3948 praeesse
511 3875 687 3948 dignosceris,
711 3874 761 3930 sub
815 3841 926 3931 mortuae
954 3851 1049 3890 manus
1076 3835 1158 3908 vulgo
1187 3837 1365 3908 appellantur,
1394 3839 1512 3911 exigere,
1552 3840 1609 3908 sed,

70 3966 135 4022 Petri
164 3973 191 4021 et
215 3973 305 4022 nostra
342 3966 494 4036 prolatione
531 3964 701 4036 suscipimus,
735 3971 762 4018 et
814 3921 923 4021 witin
940 3922 1048 4022 smmis
1068 3939 1164 4022 regum
1187 3925 1230 3979 vel
1249 3924 1610 4024 iwpemlqmmmnfinemr‘

70 4054 103 4110 fis
126 4054 217 4125 scripu
239 4053 384 4127 privilegio
405 4053 615 4128 communimus,
639 4059 760 4107 stamen·
814 4009 848 4064 ad
862 4027 905 4080 ius
918 4017 944 4065 et
964 4011 1159 4067 ordinationem
1183 4012 1288 4067 abbatis
1309 4022 1468 4083 pertineant.
1494 4016 1611 4072 lliniste·

79 4159 251 4215 quamunque
279 4141 462 4215 possessiones
497 4158 662 4212 quaeeunque
689 4141 761 4197 bona
814 4097 1007 4166 rialesautem,
1022 4116 1083 4154 cum
1100 4100 1134 4155 ad
1157 4101 1223 4156 testa
1247 4103 1402 4158 monasterii
1425 4105 1610 4172 convenerint,

70 4231 255 4289 nonasterium
280 4184 509 4302 inpraesentiarum
529 4232 600 4301 juste
627 4238 653 4286 et
675 4246 759 4286 cano-
814 4187 917 4241 ”uuum
932 4189 1134 4289 ὅθῖγὴίυᾞαυῑ
1148 4197 1253 4288 pff⁸u¹¹¹¹
1272 4191 1465 4292 θξῑῧῑξῃῑιῦῑὸῑ
1481 4199 1610 4264 ‘tutulum

70 4320 165 4386 ‘sidet'
193 4327 238 4376 ,up
263 4320 291 4374 in
314 4319 431 4374 futurum
453 4319 626 4375 concessione
647 4317 758 4390 pomifl-
814 4274 899 4331 abbas
929 4278 1123 4334 rationabiliter
1153 4294 1192 4333 eis
1218 4279 1366 4351 providerit
1397 4280 1608 4351 inpendendum.

110 4408 137 4421 „
409 4409 414 4419 .
453 4408 459 4418 ,
624 4408 629 4418 .
814 4364 953 4422 Addentes
975 4367 1056 4423 etiam
1071 4368 1227 4425 auctoritate
1252 4370 1400 4439 apostolica
1426 4370 1609 4426 interdicimus

70 4416 192 4484 “nme
208 4424 302 4482 regum
317 4409 359 4464 vel
375 4424 537 4480 prmmpum'
548 4406 756 4463 ⁰b¹³t¹⁰⁰⁰fid⁰'
770 4437 796 4498 D
811 4460 841 4508 ut
854 4453 963 4510 abbatia
977 4454 1035 4527 ipsa
1049 4456 1115 4511 nulli
1129 4457 1155 4510 in
1176 4455 1336 4513 beneficium
1355 4458 1398 4515 rel
1419 4459 1609 4515 concambium

70 4513 110 4599 ξω
131 4498 192 4554 ⁸5³⁵
208 4497 287 4597 jum?
308 4496 404 4596 mdis?
426 4497 484 4552 ¹³⁰⁰
507 4496 643 4596 pmpstw’.
664 4497 762 4568 pm
815 4540 892 4597 detur
917 4558 966 4600 nec
980 4560 996 4600 a
1010 4544 1078 4601 laico
1092 4561 1209 4617 unquam
1220 4554 1331 4619 regatur
1356 4547 1494 4605 neeliceat
1507 4548 1598 4604 abbati

70 4603 86 4652 r,
115 4584 195 4642 firma
217 4585 295 4641 iobis
321 4593 469 4655 vestrisque
500 4584 699 4641 successoribus
736 4594 763 4640 et
854 4631 859 4642 .
894 4586 901 4608 ’
1331 4587 1339 4611 ¹
1602 4590 1609 4616 ι

82 4681 269 4748 permaneam·
292 4674 322 4729 pn
343 4673 440 4743 quibus
460 4675 518 4729 haee
538 4674 655 4744 propriis
679 4673 761 4728 duxi·
816 4648 859 4701 qur
875 4648 924 4703 pro
939 4639 1059 4704 tempore
1075 4634 1163 4701 suerit,
1179 4636 1361 4704 possessiones
1378 4637 1421 4692 rel
1436 4636 1509 4692 bona
1526 4637 1611 4708 ipsius

70 4762 219 4835 aprimenda
247 4761 406 4819 vocabulis:
437 4761 661 4818 blalmundan'um
682 4763 762 4818 ride·
815 4720 966 4777 i⁰s⁰⁰dum
993 4723 1035 4777 vel
1063 4723 1091 4822 in.
1119 4723 1217 4797 pignus
1244 4724 1324 4780 anoni
1347 4725 1421 4792 (Μ’
1448 4742 1500 4825 ,ῃθο
1521 4726 1609 4826 ‚Ullam

70 4849 117 4907 md
149 4850 217 4906 sicut
246 4850 280 4906 ab
309 4851 385 4906 inmo
417 4849 579 4906 fundationis
601 4866 656 4906 Μ
680 4849 763 4908 fuisso
815 4813 1232 4879 prorsuscommutatronomrel
1251 4814 1400 4884 quamlibet
1420 4815 1610 4870 alienationem

816 4899 918 4969 absque
944 4901 1080 4955 communi
1109 4901 1218 4971 capituli
1242 4904 1355 4958 consilio
1375 4903 1473 4959 exinde
1503 4903 1604 4960 iacere.

816 4987 938 5044 Obeunto
966 5004 1030 5044 vero
1058 4997 1084 5045 te
1111 5005 1183 5046 nuno
1209 4990 1330 5061 ejusdem
1354 4992 1405 5048 loci
1429 4992 1537 5060 abbate,
1567 4992 1611 5050 rel

815 5084 920 5133 tuomm
949 5079 1068 5150 quolibet
1090 5095 1283 5147 successorum,
1313 5080 1402 5137 nullus
1428 5081 1466 5137 ibi
1493 5081 1613 5153 qualibet

71 5204 223 5280 providerit
250 5205 441 5260 benedicantur
468 5212 495 5259 et
518 5205 685 5273 ordinentur,
712 5221 764 5262 neo
816 5166 996 5267 ⁵f¹br⁰pfl⁰¹ii⁸
1022 5168 1118 5223 astutia
1139 5168 1187 5269 fel
1210 5168 1338 5269 &⁶⁰⁶⁸
1359 5170 1612 5271 &mmmmm

818 5255 897 5312 liceat
911 5255 988 5313 robis
1008 5271 1146 5313 communi
1167 5257 1279 5314 oonsrbo
1294 5258 1336 5314 iel
1351 5266 1435 5331 partis
1452 5261 1558 5316 consilii
1572 5276 1612 5316 sa-

70 5300 124 5359 m
137 5301 377 5359 ¹⁰⁰⁰S¹⁸bu¹⁰¹¹³i⁸
391 5301 485 5367 ⁸bbu'
502 5301 547 5374 qui
572 5317 621 5372 pm
641 5310 763 5374 “mmm
819 5343 913 5412 uioris,
937 5344 1084 5401 secundum
1105 5345 1155 5401 Dei
1182 5345 1306 5402 timorem
1329 5353 1355 5403 et
1377 5348 1450 5404 beati
1477 5348 1613 5405 Benedicti

77 5407 190 5508 “mr
221 5399 375 5508 ⁰⁰¹⁰¹¹ief¹⁵i
403 5399 608 5472 mhiepi⁸⁰⁰p⁰
631 5399 763 5508 ,⁰b0dien'
820 5432 962 5507 Regulam,
999 5432 1102 5507 absque
1136 5433 1217 5491 ullius
1238 5434 1459 5508 mnuadiotione,
1488 5436 1614 5494 abbatem

70 5504 218 5566 mittere,
236 5497 281 5554 sel
297 5513 448 5554 ammarum
463 5514 555 5554 curam
570 5497 606 5554 ab
629 5511 688 5570 ipso
702 5513 764 5554 sus·

70 5618 161 5680 ratu
172 5618 272 5679 dicim
283 5619 511 5680 crematurus.

70 2917 103 2968 rs,
122 2909 175 2956 hm
196 2903 373 2974 praeseiitibus
395 2918 476 2972 quam
500 2902 594 2957 suturis
612 2901 763 2974 regularem

70 2989 191 3062 professis
205 2991 232 3046 in
247 2998 417 3062 perpetuum.

70 3078 147 3135 italici
169 3079 363 3135 moderaminis
386 3079 536 3135 clementiae
560 3078 686 3135 conuenit
701 3076 758 3132 reli·

71 3165 185 3241 diligere
199 3175 226 3223 et
254 3184 347 3224 eorum
371 3169 430 3223 loca
454 3169 498 3239 pia
525 3168 688 3239 protectione
707 3183 764 3220 mu·

70 3254 177 3329 ἥςιιιιιιι
199 3272 316 3328 namque
335 3265 361 3311 et
378 3256 509 3311 honestati
525 3256 689 3312 conueniens
703 3270 761 3309 esse

70 3344 146 3412 citur,
180 3352 210 3400 nt
237 3345 282 3415 qui
306 3345 340 3400 ad
365 3345 542 3400 Ecclesiarum
568 3345 689 3418 regimen
721 3360 762 3398 as-

75 3448 177 3501 sumus,
195 3449 241 3489 eas
256 3439 282 3488 et
304 3450 319 3488 a
341 3449 484 3503 pravorum
505 3433 645 3488 hominum
670 3430 762 3504 nequi·

70 3537 162 3588 amur,
190 3528 217 3576 et
242 3522 482 3593 apostolicaesedis
497 3521 646 3593 patrocinio
665 3520 761 3576 lovea-

70 3610 220 3684 iapropter,
243 3611 340 3666 dilecte
368 3610 395 3665 in
419 3610 536 3665 Domino
565 3608 602 3663 fili
631 3607 762 3664 Wibotde

77 3699 130 3755 tuis
149 3699 229 3769 justis
242 3698 468 3770 postulationibus
482 3697 574 3753 debita
595 3697 761 3770 benignitate

84 3788 269 3861 impartientes
283 3804 437 3855 assensum,
452 3787 612 3844 stabulense
632 3793 762 3841 monaste-

70 4940 141 5007 :itur,
164 4956 272 5012 semper
295 4939 429 4995 subditum
459 4940 493 4995 sit
520 4939 673 4995 Stabulensi
701 4940 761 4996 ioco

70 5027 190 5085 lmodum
218 5028 287 5083 cella
315 5028 487 5093 monasterio,
525 5027 652 5083 monachi
695 5042 761 5084 iero

70 5117 113 5174 oci
136 5117 281 5172 Stabulaus
306 5116 501 5186 professionem
531 5115 639 5186 iaciant,
669 5124 696 5173 et
715 5117 761 5172 ubi
