3750 6000
187 233 255 290 taos
656 232 839 292 WILLEthl
856 233 1180 295 aiaamabnvatvsts
1199 234 1364 294 llONhClll
1722 184 1725 189 Ι
1771 241 1827 299 titt

245 359 409 433 Bonipooiits
423 361 503 418 tosto
517 360 726 434 archiepiscopo
740 352 930 419 borobnnioe.
1001 359 1114 429 Adam,
1144 370 1172 419 ct
1185 360 1377 432 deliniendam,
1406 361 1480 418 irati-i
1493 369 1585 420 nosue
1612 362 1745 436 episeopo
1773 362 1829 420 Lai·

223 464 239 538 ἓ
265 466 327 523 296.
352 467 450 523 ihbsil
464 467 512 522 ‘ad
536 467 611 525 omni
643 467 795 525 Christiano
823 477 852 525 ut
879 485 914 525 ex
941 468 987 525 illa
1041 451 1135 508 ss⁸¹¹⁰⁰
1149 450 1344 508 fflfflffllfflffl·
1370 451 1437 509 ¹¹⁰¹¹¹
1451 450 1504 507 ⁸15
1518 451 1669 526 ¹¹080fi¹¹mi
1686 450 1722 508 de
1737 450 1831 510 (Μ’

191 554 297 612 civitate
319 557 491 613 Dorobernia
510 556 613 629 aliquid
638 558 783 625 minuatur,
804 565 851 614 aut
872 558 899 613 in
913 556 987 615 aliud
1039 541 1131 598 ”endi
1151 541 1198 597 ¹1²⁰
1212 557 1273 613 ΨΜ
1293 540 1364 596 5⁰²2?
1383 541 1620 613 villielmum
1634 540 1832 597 Eblmssffl

189 651 306 700 mutetur
327 661 400 701 nunc
414 646 457 700 vel
480 646 582 701 laturis
596 647 766 717 temporibus
775 662 861 718 quasa
876 647 987 719 praede·
1040 637 1068 687 θῑ
1094 630 1251 702 ‘limitum
1267 630 1524 686 D⁰l⁰⁸00⁸¹l0⁰⁸0¹¹¹
1552 630 1586 685 (¹⁰
1602 628 1757 701 Ρθῗῑῑῦθθῑῑ
1784 631 1832 701 (⁹⁸)

189 749 295 789 cem
317 741 410 790 „ogero
424 732 535 791 domino
556 750 627 807 pm
643 735 776 808 Gregorio
798 742 897 791 „mm
913 742 984 802 guni,
1040 718 1167 776 dioecesis
1179 733 1274 775 eornm
1289 726 1339 786 est,
1355 717 1473 773 tirmiter
1486 717 1657 792 injungendo
1667 718 1834 774 commando

189 837 299 894 quoquo
323 822 405 879 modo
425 839 468 879 reg
483 824 609 880 humgnae
626 831 790 895 quassantur
806 838 814 879 g
834 823 883 879 sed
896 823 987 897 mflsslb
1039 807 1137 875 Vlmlffl,
1154 815 1183 864 ill
1201 806 1272 865 halle
1285 822 1395 864 ssusam
1413 805 1626 879 diligenllSSlmfl
1640 806 1835 879 perquisitione

191 928 227 969 aa
255 911 415 969 auctoritate
438 911 512 968 beati
539 914 612 968 Petri
641 914 826 985 apostulorum
857 912 986 986 principis
1039 904 1194 969 timisti·
1211 895 1327 966 ⁰²J¹¹⁸l⁰
1342 895 1581 952 fiss⁰d⁰¹⁰f¹¹¹l⁰⁰²·
1598 896 1629 950 ¹¹¹
1644 895 1738 950 “⁰⁸5⁸
1753 903 1833 951 “mem

188 1001 215 1056 id
231 1001 317 1072 ipsum
339 1000 527 1073 precipientes
549 999 697 1070 firmamus,
719 1009 749 1058 ut
769 1002 799 1058 iu
815 1001 987 1060 Dorobernla
1040 985 1237 1058 Wlmlindss
1250 994 1278 1041 0²
1291 983 1451 1041 defifllffldss
1465 985 1501 1039 “⁸
1511 984 1563 1039 Sibi
1574 992 1679 1040 ⁰⁰⁵²?ae
1690 992 1718 1040 0¹
1732 991 1833 1056 ῬΜ

188 1089 295 1146 civitate
315 1105 425 1160 semper
448 1091 475 1146 in
495 1100 633 1163 postemm
656 1090 881 1164 metropolitanus
904 1091 987 1147 totius
1039 1075 1099 1132 ¹1⁰oe
1113 1074 1280 1133 ²⁰⁰l0fi¹⁸fi⁸
1293 1074 1381 1131 licem
1400 1072 1534 1141 dedimus,
1564 1071 1741 1145 “lanicium
1762 1071 1834 1129 Μ’

186 1178 331 1236 primuni&
362 1179 439 1236 1000„
473 1180 622 1243 mmmm
656 1196 805 1254 omnaque
839 1179 986 1252 propium
1035 1164 1267 1236 justitiadiotants
1282 1162 1513 1227 determinaverit,
1529 1162 1608 1232 quasi
1623 1162 1833 1231 innostrapra·

184 1268 262 1340 regni
277 1268 437 1340 auglorum,
463 1272 492 1323 ut
505 1269 608 1340 praeiati
633 1269 685 1326 loci
704 1270 918 1342 metropolitana
936 1285 985 1327 ω.
1038 1253 1126 1311 aenda
1140 1253 1294 1320 delinitum,
1311 1251 1441 1323 deinceps
1463 1249 1574 1306 firmum
1599 1258 1626 1307 et
1649 1249 1833 1307 indissolubile

183 1356 274 1413 clesiae
288 1357 478 1427 subjiciantur,
505 1357 665 1414 immutilata
688 1367 715 1415 et
732 1366 865 1430 perpetua
883 1359 986 1416 stabili·
1039 1349 1161 1399 lineatur
1175 1341 1246 1414 (9⁹)·
1268 1365 1279 1390 't

184 1453 239 1501 tate
263 1446 445 1502 decernimus.
486 1447 563 1502 llanc
590 1455 680 1503 autem
708 1447 862 1515 ecclesiam,
891 1453 987 1519 utpote
1038 1453 1676 1532 4740110„mmfflfflmcflfflmcopu,‚
1693 1478 1729 1519 ῃ
1745 1478 1832 1520 oms

183 1534 337 1607 specialiter
361 1534 552 1591 consistentem
581 1535 632 1591 sab
661 1542 793 1608 potestate
819 1544 846 1592 st
871 1535 985 1594 tuitione
1092 1555 1145 1596 siit
1160 1553 1298 1604 anisacar,
1314 1552 1531 1593 iacaiarissoro
1544 1550 1741 1592 aoaoiiaaiviia
1755 1550 1834 1592 suiti-

182 1630 284 1680 sanctia
311 1624 440 1679 itomanse
467 1624 600 1690 ecclesiae,
631 1625 652 1679 si
678 1630 738 1695 quta
764 1633 876 1682 conatus
904 1625 986 1682 luerit
1092 1625 1221 1666 CllNWR·

182 1712 353 1779 imminuere,
379 1714 459 1783 eique
473 1712 507 1768 de
522 1728 661 1770 concessa
675 1715 814 1783 potestatis
825 1715 886 1784 jure
901 1715 980 1785 quic·
994 1728 1021 1790 Β
1039 1716 1179 1774 Generole
1192 1716 1345 1773 consilinm
1360 1715 1441 1787 repni
1455 1715 1610 1788 inpiorum
1621 1713 1656 1770 dr
1665 1714 1735 1785 jare
1746 1716 1775 1770 ct
1784 1714 1833 1784 pri·

182 1800 247 1873 qnid
268 1800 418 1865 abstulerit,
449 1799 555 1856 auferat
578 1817 640 1858 eum
663 1803 737 1858 Deus
760 1801 794 1858 de
817 1803 886 1859 libro
905 1803 977 1871 vitia,
1050 1809 1132 1863 motu
1148 1805 1367 1863 dorobernensis
1381 1808 1439 1861 sive
1453 1802 1672 1861 cantuariensis
1687 1802 1822 1858 eeclesia.

181 1888 303 1962 sciatque
326 1905 355 1945 se
385 1892 436 1944 sub
463 1890 645 1946 anathematis
666 1890 781 1948 vinculis
805 1907 865 1948 esse
889 1892 978 1948 noda·
1067 1913 1158 1987 ἔρρε,
1191 1936 1201 1961 ,
1231 1913 1309 1968 Anno
1336 1911 1371 1968 ab
1398 1909 1582 1966 incarnatione
1608 1905 1724 1964 Domini
1753 1907 1832 1963 „0515

180 1985 251 2034 tum.
273 2001 284 2028 i
1033 2005 1100 2060 lesu
1115 2001 1215 2060 Christi
1229 2001 1373 2058 millesimo
1387 1998 1588 2072 septuagesimo
1603 1997 1741 2063 secuudo,
1768 2010 1830 2067 pou·

233 2070 318 2139 4⁷3
335 2069 508 2126 Alexander
525 2070 737 2144 Wllltlmffl'sstl'
752 2070 923 2143 Animum·
1033 2090 1148 2147 blicatus
1180 2099 1268 2146 autem
1300 2089 1407 2146 Domini
1445 2085 1593 2144 Alexandri
1628 2100 1710 2157 papa
1746 2083 1830 2141 unda·

217 2177 306 2249 §aaa
335 2177 482 2233 vicensem
505 2178 609 2247 hiriici,
634 2179 683 2251 qui
711 2178 776 2234 olim
800 2177 979 2234 cicestrensis
1032 2180 1115 2247 simo,
1140 2179 1220 2254 regni
1231 2195 1298 2236 vero
1311 2177 1446 2234 Willelmi
1460 2175 1572 2251 gloriosi
1591 2173 1669 2247 repis
1684 2172 1830 2246 huglomu

182 2265 307 2323 ccclesiae
321 2265 410 2323 diotm
424 2275 467 2323 est
489 2267 645 2339 episcopus,
669 2266 816 2338 diligenter
834 2275 981 2326 retractati·
1032 2277 1058 2326 et
1082 2269 1158 2325 ducis
1180 2269 1399 2326 Narmannoium
1422 2273 1508 2334 sexto,
1538 2280 1570 2321 ex
1591 2271 1733 2336 praeopto
1761 2261 1830 2333 ejus·

215 2461 274 2532 (98)
290 2462 465 2519 Pertinacis.
486 2477 511 2519 c.
527 2479 563 2529 a..
577 2463 766 2535 pertinentia,
782 2479 804 2518 s.
822 2463 850 2521 d.
865 2462 896 2531 l..
912 2463 980 2522 oliti·
1033 2462 1119 2521 atatis
1147 2479 1237 2520 aureae
1264 2462 1379 2534 pristina
1406 2467 1528 2532 tempora
1550 2457 1755 2541 'coulormarat
1782 2454 1829 2512 Sed

181 2535 293 2602 nentia
309 2548 335 2588 a.
1032 2537 1087 2591 hoc
1101 2535 1181 2590 tantis
1192 2549 1254 2591 aum
1265 2532 1481 2606 promotionibus
1494 2530 1579 2595 elicit,
1596 2529 1671 2601 quod
1685 2544 1748 2584 cum
1764 2542 1830 2584 omu

216 2603 272 2676 (99)
298 2605 449 2660 Teneotur.
477 2619 502 2657 s.
519 2619 545 2660 o.
566 2601 593 2658 d.
619 2617 646 2656 ε.
667 2601 717 2672 lt,
742 2604 770 2659 in
785 2604 909 2677 margine
927 2606 936 2662 l
953 2609 979 2674 t,
1034 2606 1171 2662 lonniaci
1185 2604 1393 2675 perturbatione
1408 2603 1443 2658 sit
1459 2602 1554 2666 libera,
1575 2601 1656 2656 tantis
1672 2599 1830 2672 gaudiorum

180 2675 307 2747 Explicit
323 2674 357 2730 ds
379 2673 525 2730 Witlclmo
549 2675 656 2744 llopno.
681 2675 790 2732 Desunt
810 2677 882 2748 tapes
905 2678 981 2743 eius·
1035 2676 1220 2746 voluptatibus
1241 2677 1382 2740 evehatur,
1413 2673 1483 2730 sicut
1503 2670 1664 2729 miseranda
1679 2670 1832 2726 mortalium

181 2747 255 2805 dem,
274 2746 456 2800 continentes
476 2746 537 2814 fers
552 2762 642 2800 onom
655 2746 769 2816 solium.
796 2750 829 2802 ll.
859 2750 981 2805 continet
1033 2748 1153 2806 conditio
1168 2754 1216 2811 ast
1235 2747 1308 2804 malo
1334 2745 1439 2801 scilieet
1459 2743 1572 2800 acclinis
1589 2750 1618 2799 st
1632 2741 1724 2812 lapsui
1740 2755 1831 2813 prona,

179 2817 256 2884 leges
272 2815 465 2886 Conquestoris
482 2823 512 2870 ut
524 2816 645 2885 sequitur
661 2833 667 2869 :
1034 2819 1168 2875 intestinis
1191 2818 1273 2874 animi
1297 2816 1475 2873 seditionibus
1492 2822 1519 2869 at
1533 2828 1607 2870 caso
1621 2828 1759 2870 novorum
1774 2827 1833 2867 ino·

184 2909 195 2936 i
212 2900 336 2942 arritum
352 2900 671 2951 penitissimarum,
688 2902 864 2944 novaturus
878 2903 982 2948 conica
1034 2891 1128 2946 limina
1155 2905 1265 2958 sempor
1290 2887 1427 2943 infrendit.
1457 2885 1526 2943 Hine
1554 2900 1570 2939 a
1595 2884 1730 2955 primaevo
1746 2879 1834 2939 muudi

431 2969 466 3011 ar
481 2971 554 3013 sesa
568 2972 727 3014 incausati.
1036 2962 1173 3018 nascentis
1196 2960 1317 3023 exordio,
1346 2974 1416 3031 quos
1436 2973 1526 3012 rerum
1551 2957 1625 3010 Deus
1644 2955 1746 3010 artilex
1761 2965 1834 3023 mque

222 3054 233 3079 i
255 3041 398 3084 incisione
413 3042 500 3083 anuas
515 3042 647 3084 musonii.
1036 3030 1158 3088 libertate
1173 3031 1319 3097 ditaverat,
1341 3029 1533 3085 inobedientia
1548 3035 1638 3082 motus
1663 3026 1833 3080 intlamiiiaa·

223 3125 234 3151 i
256 3099 414 3155 Willelmua
440 3114 487 3153 rex
515 3100 682 3167 nuptorum,
707 3101 833 3158 omnibus
857 3105 892 3159 ad
913 3121 982 3176 quos
996 3091 1021 3157 C
1036 3103 1070 3159 tis
1085 3103 1175 3173 eJecit.
1200 3103 1232 3157 Et
1246 3104 1291 3183 qui
1307 3101 1369 3157 ooeli
1385 3097 1618 3178 Dominumtierre
1630 3102 1833 3178 noutpoterant,

188 3176 315 3243 scriptum
332 3174 383 3226 hoc
396 3170 534 3241 perveniet
550 3186 598 3238 per
613 3178 695 3226 totam
711 3174 854 3243 Aualiam,
869 3176 983 3233 salntem
1038 3176 1177 3231 bominum
1193 3180 1313 3228 serviunt
1328 3173 1466 3244 pravitate
1480 3169 1608 3234 distincti,
1628 3177 1765 3222 continui.-
1782 3181 1835 3221 ma·

189 3259 217 3302 et
231 3242 390 3300 amicitiem.
413 3241 514 3296 llaiido
528 3250 554 3296 et
572 3243 701 3313 praecipio
717 3253 862 3314 pertatem
878 3248 984 3320 huglisa
1039 3247 1127 3302 lorum
1139 3244 1383 3316 persecutionibus,
1396 3243 1423 3296 in
1433 3241 1695 3311 deterioraquaeque
1710 3236 1835 3309 projecti.

188 3319 326 3371 nationem
349 3314 478 3367 custodiri
502 3331 508 3366 :
530 3312 558 3369 Si
582 3313 712 3384 hiiglicns
736 3318 816 3371 homo
839 3319 986 3388 compellat
1039 3318 1072 3374 Et
1099 3316 1161 3372 licat
1186 3314 1335 3371 immeritos
1362 3312 1455 3369 divina
1481 3318 1574 3367 tamea
1599 3309 1738 3365 miseratio
1763 3314 1834 3362 tanti

189 3387 305 3458 aliquem
331 3383 526 3456 Frenoipensm
552 3399 600 3451 per
615 3383 715 3440 bellum
730 3386 764 3441 ds
780 3388 860 3455 lurto,
874 3388 917 3443 vel
932 3391 986 3446 bo·
1040 3387 1223 3460 prosequitur,
1252 3395 1279 3441 et
1302 3385 1349 3441 teli
1364 3384 1489 3440 dominos
1508 3379 1704 3437 informatione
1724 3393 1835 3449 compo·

191 3458 310 3519 nisidio,
327 3455 369 3509 vel
384 3453 474 3526 aliqua
495 3469 524 3509 re
543 3469 591 3522 pro
610 3470 663 3524 qua
682 3455 781 3513 bettuin
798 3458 854 3514 lieri
875 3460 984 3524 debeat,
1040 3459 1088 3523 nit,
1107 3474 1142 3514 ue
1157 3458 1200 3513 vel
1215 3457 1321 3530 aliquos
1336 3458 1451 3511 servitus
1466 3451 1623 3515 adnichilet,
1646 3458 1695 3506 aut
1708 3448 1836 3531 impuniti

191 3529 236 3583 vel
256 3526 389 3595 iudicium
411 3526 482 3580 inter
503 3524 571 3581 duos
596 3524 729 3593 homines,
755 3529 854 3585 habeat
878 3532 987 3601 plenam
1040 3530 1171 3586 securitas
1195 3529 1266 3585 elata
1292 3527 1449 3598 praecipitet,
1473 3539 1555 3590 repes
1578 3536 1689 3592 quoque
1711 3538 1760 3593 qui
1777 3535 1834 3592 per·

192 3599 329 3655 licentiam
345 3597 396 3653 hoc
409 3595 535 3652 laelandi.
564 3596 632 3651 Etsi
648 3598 778 3670 huglicus
793 3600 892 3656 bellum
910 3601 986 3666 nolit,
1042 3599 1174 3658 functoria
1188 3607 1303 3657 caeteros
1325 3614 1426 3670 pompa
1445 3594 1625 3666 preveniunt,
1652 3608 1687 3647 ns
1710 3599 1834 3671 potente

193 3669 362 3739 Francigena
394 3667 570 3737 compellatus
605 3666 714 3741 allegiet
746 3686 775 3726 se
804 3671 988 3743 jurejurando
1043 3670 1320 3733 tibnsinsolenscsnt,
1344 3669 1433 3724 carnis
1450 3664 1654 3722 infirmitatibus
1667 3670 1695 3718 et
1711 3664 1837 3718 humanit

194 3754 289 3798 contra
306 3755 369 3795 eum
388 3754 437 3810 ρετ
456 3746 539 3794 testes
553 3752 617 3793 suos
644 3739 792 3796 secundum
808 3745 898 3814 legem
912 3744 988 3800 Nor·
1043 3743 1188 3799 admodum
1204 3740 1410 3797 necessitatibus
1425 3739 1562 3810 expositos
1585 3734 1643 3791 utili
1660 3734 1773 3803 penitus
1786 3731 1836 3814 sol·

192 3812 323 3868 mannia.
1042 3814 1180 3870 licitudine
1208 3813 1367 3884 frequentat.
1398 3810 1502 3881 Regem
1530 3807 1629 3878 quippe
1654 3820 1710 3860 non
1741 3804 1838 3884 iaciunt

230 3903 241 3936 i
265 3884 355 3939 lrait:
376 3880 584 3952 siFraaoigene
606 3882 812 3952 compellatae
836 3883 916 3940 licum
938 3900 989 3957 ρετ
1043 3885 1117 3958 vulpi
1139 3885 1173 3940 da
1194 3880 1455 3939 fascibusiubnlosa
1472 3886 1634 3946 commenta,
1664 3875 1709 3931 vel
1729 3875 1838 3954 furentis

192 3955 294 4013 ballum
308 3953 342 4008 dc
356 3952 458 4008 eisdem
474 3951 564 4014 rebus,
583 3954 715 4025 iliiglious
728 3901 928 4025 plenalicentia
943 3956 989 4011 da·
1043 3957 1154 4011 insaniae
1177 3955 1221 4010 vel
1247 3953 1351 4008 infinita
1375 3952 1405 4022 ju
1428 3967 1483 4016 era,
1506 3950 1549 4006 vel
1569 3948 1664 4028 'amica
1690 3945 1838 4017 putredini

194 4025 284 4081 laudat
300 4039 330 4079 se
381 4022 518 4087 rbellum,
536 4024 578 4078 vol
598 4024 804 4094 perjudicium,
823 4025 989 4099 simogisai
1044 4029 1072 4083 iii
1095 4026 1318 4095 eniosaorapula.
1344 4024 1388 4078 vol
1407 3969 1444 4078 {a
1465 4022 1758 4101 lamentispaupeium
1773 4032 1837 4098 oqv-

213 4098 306 4152 laceat.
338 4039 407 4150 illesi
423 4093 576 4175 unumsit,
592 4094 688 4161 idest,
712 4096 847 4151 invalidus
881 4096 991 4152 etnolit
1043 4044 1122 4154 vulsa
1146 4095 1276 4167 pecunia.
1308 4096 1347 4151 lte
1369 4110 1412 4148 em
1439 4108 1493 4148 aon
1517 4093 1717 4170 iaciuntvcstes
1738 4086 1836 4159 Tyria·

192 4114 304 4231 Bellum,
319 4164 362 4220 vel
376 4180 430 4221 nou
452 4173 546 4236 possit,
570 4173 675 4247 quaerat
688 4165 740 4220 sibi
755 4167 872 4239 legalem
890 4167 989 4224 delen·
1044 4185 1099 4225 nou
1114 4182 1179 4224 auro
1194 4167 1285 4222 nitidae
1313 4111 1415 4228 trulias,
1439 4181 1493 4220 non
1507 4161 1585 4220 color
1601 4158 1701 4215 lroutis
1717 4158 1771 4240 vel
1785 4165 1837 4213 voti

193 4253 295 4295 sorem.
320 4238 349 4294 Si
377 4236 644 4309 stancigenaviotus
658 4234 748 4303 inerit,
775 4237 913 4309 persolvat
931 4238 990 4312 regi
1044 4240 1129 4313 regia.
1159 4238 1214 4295 Sed
1239 4254 1285 4293 rei
1306 4244 1347 4292 est
1371 4235 1418 4310 qai
1437 4235 1528 4318 posuit
1547 4240 1633 4287 metus
1647 4238 1675 4285 et
1695 4230 1751 4286 diri
1774 4228 1838 4285 malt

195 4308 338 4382 sexaginta
351 4307 463 4364 solidos.
485 4307 518 4362 Et
534 4305 557 4361 si
572 4307 703 4376 inplens
718 4307 990 4366 nolitssdeieudere
1044 4309 1171 4383 pectoris,
1200 4324 1281 4380 quem
1304 4307 1484 4364 uenambitio
1504 4306 1681 4374 impotenset
1702 4312 1839 4378 nunquan

195 4396 246 4463 per
261 4378 363 4434 bellum
374 4380 416 4435 vel
434 4393 484 4450 per
499 4378 692 4447 testimonium,
710 4377 821 4451 allegiet
835 4396 866 4436 se
880 4396 930 4453 ρετ
944 4379 990 4438 liei
1046 4381 1151 4438 stabilis
1172 4379 1249 4436 lavor
1270 4379 1347 4450 vulgi
1370 4375 1517 4450 praecipitis
1539 4381 1639 4431 movet.
1663 4371 1722 4428 llex
1738 4378 1784 4428 ast
1798 4384 1838 4453 qui

193 4449 337 4523 iudicium.
1006 4447 1032 4511 l)
1046 4469 1077 4511 se
1091 4451 1142 4507 diri
1157 4449 1274 4519 pectoris
1296 4448 1439 4505 tatoribus
1452 4452 1576 4507 evacuet.
1594 4450 1621 4499 et
1635 4442 1772 4524 prodesse
1785 4456 1839 4523 siu·

234 4543 245 4570 i
266 4519 307 4576 De
321 4515 448 4575 omuibus
470 4518 583 4592 athlegii
596 4518 677 4575 rebus
700 4536 747 4576 rex
761 4520 873 4577 instituit
887 4530 917 4578 ut
929 4524 989 4578 lla-
1043 4523 1117 4597 pulis
1131 4523 1256 4578 sollerter
1269 4519 1406 4593 invigilat,
1423 4519 1519 4592 qualos
1541 4531 1630 4586 nuper
1648 4513 1685 4569 ad
1700 4513 1839 4587 fastigium

216 4590 285 4647 licus
299 4597 399 4662 purget
412 4603 443 4643 ss
458 4589 646 4660 adjudicium.
667 4591 735 4647 Etsi
749 4593 879 4665 anglicus
892 4595 989 4667 appel·
1042 4595 1126 4665 hujus
1139 4592 1266 4650 culminis
1288 4607 1344 4647 non
1359 4591 1472 4647 ambitio
1486 4586 1631 4660 popularis,
1653 4584 1705 4640 sad
1719 4591 1840 4663 spectata

208 4670 234 4718 et
258 4660 455 4731 Francipaiiam
477 4660 512 4716 de
528 4660 688 4732 utblagsvia,
717 4670 744 4717 et
764 4663 816 4720 hoo
834 4680 915 4736 super
929 4681 991 4722 eum
1043 4666 1117 4722 iuter
1131 4663 1219 4721 bonos
1234 4662 1395 4727 moderatio,
1419 4660 1551 4734 provexit.
1577 4654 1741 4738 Necessaria
1755 4655 1839 4737 siqui·

197 4734 341 4790 inveritate
355 4730 429 4796 velit,
445 4730 573 4787 deiendat
587 4747 616 4788 ss
632 4733 726 4789 Franci
750 4747 800 4790 ena
815 4750 864 4806 per
878 4735 990 4792 belluni.
1045 4737 1108 4796 dem
1124 4743 1165 4791 est
1174 4733 1353 4791 mansuetudo
1367 4733 1494 4803 praelatis,
1505 4738 1533 4787 at
1543 4727 1688 4800 disciplina
1698 4726 1837 4796 subiectis

196 4806 231 4862 Et
246 4804 269 4860 si
279 4803 411 4876 duplicas
425 4816 480 4857 uon
494 4803 588 4859 audeat
603 4818 664 4859 eum
684 4749 801 4875 probare
815 4806 990 4876 parhelion,
1046 4809 1190 4880 Postquam
1204 4806 1277 4862 enim
1290 4805 1325 4859 ad
1338 4804 1446 4875 singula
1459 4816 1576 4873 quaque
1592 4814 1680 4879 ngas
1696 4797 1839 4879 homiuum

196 4874 322 4932 doieadat
336 4889 366 4928 se
380 4873 636 4947 Francigenaplano
648 4874 814 4944 juramento,
830 4877 993 4935 noninver·
1046 4878 1201 4950 penetravit
1221 4875 1343 4942 intentio,
1370 4883 1397 4930 et
1410 4874 1494 4930 nichil
1515 4871 1551 4927 ad
1581 4883 1739 4952 pecuniam,
1756 4878 1839 4949 visun

196 4948 294 5003 borani
309 4944 500 5001 observantiis.
1046 4958 1088 5006 ast
1102 4948 1314 5013 incommodum,
1325 4946 1409 5002 erevit
1424 4961 1441 5001 o
1462 4944 1570 5007 alsatia,
1583 4949 1668 4998 crevit
1682 4938 1840 5016 inviduaax¹

234 5041 245 5065 i
267 5017 357 5073 trau:
374 5016 476 5087 Regem
486 5015 594 5089 anglia
607 5016 739 5089 singulari
748 5016 899 5088 majestate,
913 5020 993 5095 regni
1045 5021 1147 5077 invidia
1163 5019 1265 5082 odium.
1294 5033 1327 5074 ei
1354 5017 1417 5074 odio
1439 4962 1551 5081 gellam,
1574 5010 1651 5092 nulli·
1669 5007 1752 5074 fides,
1772 5008 1840 5091 ‘nula

197 5089 240 5145 aui
267 5088 406 5144 dominum
435 5103 496 5144 eise
523 5087 674 5144 manifestae
692 5089 815 5144 vannos
828 5090 939 5146 intuitus
965 5099 993 5148 et
1046 5092 1151 5162 proluit
1164 5089 1347 5162 eleemosyna.
1376 5088 1407 5144 si
1420 5103 1474 5159 qua
1487 5096 1576 5141 tamen
1597 5088 1697 5138 nausea
1712 5081 1839 5162 bonitatis

196 5160 237 5214 sin
277 5161 366 5215 lorum
383 5157 501 5229 denique
519 5159 651 5232 manavit
674 5157 798 5216 effectus.
826 5159 906 5230 Quod
928 5177 990 5218 cuni
1044 5169 1228 5218 remanserant
1252 5161 1429 5225 monimenta,
1459 5170 1576 5214 sanxere
1591 5153 1667 5225 teges
1686 5158 1714 5207 et
1732 5147 1840 5206 vivendi

196 5230 242 5285 inc
254 5230 290 5284 ita
313 5229 479 5302 benignitate
494 5245 566 5303 repis
582 5237 610 5286 et
620 5230 690 5300 jure,
706 5230 800 5287 debita
819 5231 991 5289 subditomm
1041 5232 1321 5303 jure,ooustitueruut
1335 5231 1418 5287 urbes
1432 5238 1460 5285 at
1472 5221 1709 5303 hdarecsptacula
1721 5236 1779 5294 quo
1790 5227 1840 5277 iun

194 5298 324 5356 fidelitate
347 5303 498 5371 proveniat,
519 5302 588 5357 situs
623 5317 711 5374 usquo
729 5302 823 5373 patriae
846 5302 989 5360 conliden-
1042 5302 1120 5360 lieret
1134 5304 1204 5359 inter
1217 5302 1358 5373 improbos
1373 5299 1536 5358 innocentia.
1566 5296 1601 5353 Et
1614 5309 1684 5363 riuos
1697 5308 1760 5363 ipsa
1775 5305 1839 5373 pro·

196 5378 238 5426 tei·
264 5371 384 5438 adiuvat,
409 5379 512 5428 naturae
535 5317 675 5431 benelciis
701 5380 728 5429 et
746 5374 831 5430 maris
852 5374 989 5434 vicinitate
1043 5374 1136 5430 bitatis
1162 5374 1333 5431 hortamenta
1355 5387 1409 5428 non
1434 5371 1562 5430 excitant.
1584 5365 1681 5448 saltam
1704 5377 1839 5443 munnio·

193 5440 349 5507 conclusus,
391 5451 419 5499 ut
443 5443 504 5499 sine
529 5444 646 5514 gratuita
674 5444 846 5502 dominorum
879 5445 988 5503 lloeutia
1041 5454 1118 5502 scant
1140 5446 1175 5501 ad
1200 5461 1288 5517 poense
1311 5443 1494 5501 formidinem.
1524 5440 1589 5504 Lex,
1616 5436 1670 5492 alia
1694 5436 1838 5517 naturalis,

194 5509 286 5567 nullus
308 5513 404 5576 exitus,
432 5514 499 5569 nulli
525 5514 693 5586 relinquatur
716 5515 866 5589 ingressus.
909 5516 988 5575 Unda
1040 5531 1103 5588 quta
1124 5515 1197 5588 apud
1220 5531 1315 5572 omnes
1336 5515 1432 5572 eadem
1456 5520 1513 5577 esta
1542 5509 1594 5566 alia
1616 5504 1837 5588 consuetudinis,

196 5590 271 5638 uati
283 5582 358 5665 gend
373 5583 517 5666 securitas,
531 5591 609 5666 tanta
621 5584 758 5642 boiorum
771 5587 892 5644 omnium
906 5587 987 5659 copia
1038 5587 1067 5644 iu
1080 5601 1134 5661 qua
1157 5587 1239 5648 babet
1259 5601 1424 5660 unaquaque
1438 5583 1530 5658 patria
1544 5594 1628 5640 suum
1649 5576 1757 5651 aliqud
1775 5586 1839 5651 ptu-

194 5660 336 5722 sucoessit,
358 5660 396 5720 ut,
420 5669 444 5708 si
458 5668 532 5711 vara
545 5656 660 5712 rationis
677 5657 821 5715 honestata
834 5666 984 5729 regeretur,
1039 5659 1141 5732 prium.
1161 5682 1172 5711 i
