3772 6006
88 222 91 227 ’
116 227 168 279 131

761 230 965 290 ΙΝΝΟΟΕΝΤΙΙ
983 238 1007 292 ll
1028 236 1124 293 Pill'AE

1714 238 1765 293 tto

116 350 184 406 nica
199 350 476 408 lucamationisanno
507 353 584 422 1131,
614 353 759 411 indictione
773 370 803 426 11,
820 356 908 427 ponti-
925 360 1137 433 Aappeadieiis
1163 361 1217 417 suis
1247 381 1252 418 ι
1290 361 1432 420 aeclesiam
1470 360 1562 417 Sancti
1598 361 1705 417 blartiui
1733 362 1767 416 dc

117 438 211 494 licatns
225 440 317 495 domni
333 442 482 497 innocentii
497 444 521 498 11
536 459 607 498 0000
623 460 653 498 x.

411 558 616 613 CCCLXXXII.

120 669 303 742 l’rieilcqiem
319 689 369 745 pro
384 675 496 731 abbatia
514 676 542 731 S.
559 673 699 749 Stepltaai
719 677 910 735 Dieioaearir.

332 789 520 858 (10001139,
544 790 630 861 April.
649 792 704 861 11.)

273 886 412 958 [Pernam
427 889 541 944 Reeuec't
556 896 619 957 etc,
637 905 667 960 p.
688 889 767 962 1011]

154 1001 345 1057 Innocasrrus
360 1003 512 1074 episcopus,
542 1020 635 1059 serras
649 1020 787 1060 serrorum
803 1007 863 1074 Dei,
877 1007 916 1061 di·

116 1089 186 1145 lecte
203 1089 258 1146 11110
274 1092 408 1146 Haerere
423 1093 515 1147 abbati
529 1093 650 1149 ecclesiae
672 1093 744 1148 beati
769 1101 917 1166 protomar-

118 1179 181 1248 tyris
210 1179 349 1250 Stephani,
380 1181 492 1251 ejusque
529 1181 728 1237 suecessoribus
759 1184 918 1255 regulariter

116 1267 318 1333 substituendis,
337 1269 362 1322 in
379 1278 551 1340 perpetuum.

153 1366 353 1421 venerabilium
370 1367 489 1423 locorum
505 1384 569 1423 cura
578 1383 628 1423 nos
639 1367 766 1424 admonet
780 1368 813 1423 de
824 1383 917 1423 eorum

117 1453 205 1523 quiete
235 1462 261 1509 et
289 1456 480 1526 tranquillitate
513 1456 627 1512 sollicite
655 1456 786 1529 cogitare,
815 1463 843 1511 ut
872 1457 917 1526 qui

116 1543 208 1597 clii-'ina
221 1544 382 1614 disponente
406 1545 560 1611 elementia,
590 1545 624 1600 ad
654 1545 826 1600 eeclesiarum
841 1544 916 1616 regi-

116 1647 179 1685 men
195 1632 324 1698 assumpti
339 1649 440 1701 sumus,
463 1648 509 1688 eas
539 1640 565 1688 et
586 1649 761 1703 aprarorum
775 1634 916 1689 hominum

970 451 1066 516 Archo,
1082 467 1143 505 cum
1159 453 1309 508 caemeterie
1324 459 1351 507 et
1364 450 1532 522 appendiciis
1541 450 1595 505 suis
1613 470 1618 505 :
1634 451 1722 506 lecum
1733 453 1768 507 de

969 546 1059 593 monte
1084 540 1199 610 Cyniaco
1225 557 1286 596 cum
1315 539 1486 612 appendiciis
1512 539 1591 594 suis:
1621 540 1708 595 locum
1733 542 1767 595 de

971 627 1087 694 Francis,
1103 644 1162 684 eum
1179 630 1346 700 pertiuentiis
1359 629 1414 684 suis
1431 648 1436 684 ε
1453 629 1542 684 locuni
1567 628 1601 683 de
1622 629 1768 685 bonavalle

968 716 1072 772 lurensi
1100 734 1161 772 cnm
1191 719 1358 788 appendiciis
1391 717 1467 772 suis:
1507 717 1647 772 aeclesiam
1676 718 1767 773 Sancti

973 803 1098 860 Germani
1113 806 1146 860 de
1162 805 1290 877 Copiuco,
1304 815 1329 861 et
1343 805 1476 878 capellam
1493 805 1585 860 Sancti
1600 805 1717 861 Andreae
1731 807 1766 861 de

971 901 1122 959 Parriniaeo
1137 920 1197 958 cum
1212 904 1341 972 decimis;
1365 904 1495 975 capellam
1512 903 1618 959 Sanctae
1631 903 1722 959 blariae
1734 904 1766 958 de

971 992 1156 1048 lllarcenniaco
1171 1009 1231 1047 cunt
1260 993 1426 1048 carneteriis
1453 1000 1480 1046 et
1507 992 1582 1046 terris
1596 1008 1707 1062 eorum,
1722 992 1767 1061 jus

971 1086 1086 1134 restrum
1103 1080 1264 1136 deecclesia
1280 1082 1313 1136 cle
1331 1081 1474 1136 Scriniaeo
1488 1097 1548 1135 eum
1564 1081 1726 1146 camelario,
1743 1087 1769 1135 01

971 1168 1114 1225 medietate
1129 1168 1293 1225 decimarum
1310 1179 1335 1224 et
1351 1178 1490 1225 terrarum.
1521 1170 1646 1224 Praesenti
1662 1185 1769 1240 quoque

971 1257 1078 1312 decreto
1093 1260 1237 1324 sancimus,
1268 1267 1295 1314 ut
1323 1258 1469 1314 decedente
1497 1259 1627 1314 Gameric
1645 1259 1766 1329 ejusdem

971 1345 1022 1400 loci
1037 1347 1190 1416 praeposito,
1207 1355 1253 1402 ant
1279 1348 1339 1403 aliis
1361 1347 1534 1403 sacularibus
1545 1348 1690 1415 canonicis,
1707 1349 1768 1402 nul·

971 1433 1012 1487 lus
1027 1435 1075 1502 eis,
1093 1435 1144 1489 nisi
1157 1436 1288 1508 regularis
1302 1435 1472 1507 praepositus,
1502 1435 1644 1490 sanctiam
1659 1437 1769 1490 canoni-

972 1547 1028 1599 cus,
1044 1532 1229 1588 substituatur.
1264 1533 1386 1589 Obcuntc
1416 1548 1479 1588 rero
1509 1540 1543 1598 te,
1573 1533 1656 1602 ipsius
1670 1531 1768 1588 abbate

971 1620 1033 1685 loci,
1048 1621 1090 1675 vel
1120 1629 1224 1676 tuorum
1253 1621 1374 1691 quolibet
1399 1637 1593 1687 successorum,
1624 1621 1711 1675 nullus
1731 1621 1768 1674 ibi

116 1719 235 1789 nequitia
263 1727 396 1785 tueamur,
427 1727 454 1775 eq
481 1721 552 1775 gedig
584 1721 739 1793 apostoliae
771 1709 1112 1793 privilegiosscujuslibet
1127 1709 1306 1782 subreptionis
1334 1710 1430 1764 astutia
1458 1709 1644 1765 seuvioleatia
1658 1725 1768 1779 praepo·

116 1807 216 1879 pariter
229 1808 400 1863 roboremus.
428 1808 623 1878 Quamobrem,
646 1810 743 1866 dilecte
758 1811 785 1863 in
800 1811 916 1865 Domino

116 1894 152 1950 lili
168 1897 381 1965 Heberteabba,
409 1897 550 1967 tuisjustis
578 1897 717 1954 desideriis
746 1899 917 1970 paternabe·

116 1985 248 2057 nignitate
262 1985 433 2057 impertimur
459 2003 608 2052 assensum,
639 1995 666 2042 et
688 1987 827 2043 eeclesiam
842 1987 916 2042 beati

117 2075 322 2145 protomartiris
350 2075 490 2147 Stephani,
515 2076 568 2142 eui,
594 2084 702 2131 auctore
718 2077 784 2144 1100,
801 2090 916 2147 praesse

115 2162 293 2234 dignosceris,
319 2178 382 2218 eum
406 2164 532 2219 omnibns
559 2164 593 2219 ad
623 2181 682 2220 eam
711 2164 915 2236 pertinentibus,

116 2253 255 2322 presentis
282 2252 373 2324 scripti
402 2252 530 2325 suffragio
545 2255 754 2309 cotnmunimus.
778 2256 808 2308 ln
822 2253 917 2323 primis

116 2340 250 2410 siqnidem
275 2348 421 2396 statuentes
449 2348 478 2396 ut
505 2341 572 2397 ordo
596 2342 741 2397 canonicus
760 2342 804 2411 qni
823 2358 917 2397 secun·

115 2427 179 2482 dum
195 2428 267 2483 beati
281 2429 422 2500 Augustini
436 2429 612 2500 Regulam...
642 2432 670 2482 in
694 2430 789 2484 eadem
805 2430 918 2485 ecclesia

116 2519 239 2572 noscitur
271 2516 416 2582 institutus,
450 2517 587 2587 perpetuis
625 2517 719 2571 laturis
751 2517 918 2586 temporibus

116 2605 218 2659 ibidem
235 2605 427 2660 inviolabiliter
451 2605 617 2659 observetur.
648 2603 830 2674 Quascumque
844 2621 917 2674 prae-

114 2701 187 2748 terea
201 2693 397 2762 possessiones,
415 2709 582 2762 quaecunque
607 2692 688 2758 bona,
712 2692 784 2746 idem
802 2693 875 2748 loeus
890 2692 918 2747 in

118 2781 288 2846 casamentis,
314 2782 400 2845 terris,
425 2781 555 2848 ecclesiis,
581 2781 703 2851 capellis,
727 2781 805 2849 villis,
823 2782 916 2851 servis,

117 2870 232 2934 ancillis,
260 2886 307 2924 sen
340 2870 400 2924 aliis
426 2870 506 2925 rebus
535 2870 767 2941 inpresentiarum
794 2871 865 2941 juste
892 2880 919 2926 et

118 2959 247 3014 canonice
287 2958 414 3029 possidet,
444 2967 489 3014 aut
516 2959 544 3013 in
573 2967 708 3030 posterum
744 2960 918 3015 concessione

116 3046 285 3119 pontificum,
299 3048 459 3103 liberalitate
482 3064 577 3120 regum
593 3047 636 3104 vel
651 3047 814 3119 principum,
830 3048 917 3104 obla·-

114 3137 187 3191 tione
211 3134 341 3203 lldclium,
364 3152 412 3191 seu
436 3136 495 3192 aliis
517 3136 708 3207 justismodis,
725 3137 783 3192 1100
798 3137 914 3208 propitio

114 3226 212 3296 peterit
227 3225 350 3296 adipisci,
365 3224 443 3280 firma
469 3226 516 3280 tibi
545 3226 649 3295 tuisque
665 3226 872 3290 successoribus,
888 3233 916 3280 01

114 3315 216 3371 illibata
224 3322 411 3386 permaneant.
431 3314 573 3384 inquibus
588 3317 647 3369 lraee
661 3314 786 3369 duximus
799 3315 915 3386 propriis

114 3403 293 3473 exprimenda
321 3402 483 3459 vocabulis:
512 3402 639 3457 videlicet
663 3403 802 3458 matricem
827 3403 915 3458 eccle·

114 3493 182 3547 siam
198 3493 225 3546 10
240 3494 343 3548 honore
359 3491 449 3547 Sancti
462 3491 666 3562 protomartyris
689 3491 818 3562 Stephani
841 3492 916 3547 dedi-

115 3578 656 3644 00100000010000010010,101001000001
666 3579 744 3634 castri
757 3599 762 3633 :
775 3580 915 3634 eeclesiam

117 3667 149 3723 S.
164 3667 284 3723 llcdardi
295 3683 356 3722 cum
368 3667 481 3722 decimis
493 3681 499 3735 ;
517 3666 659 3722 ecclesiam
669 3667 697 3723 S.
709 3667 847 3722 blichaelis
856 3684 916 3722 cum

121 3756 275 3812 caemeterio
285 3764 311 3811 et
321 3756 443 3819 decimis,
455 3764 530 3811 extra
540 3771 646 3811 murum
657 3756 734 3810 sitam
752 3776 757 3811 ε
775 3757 916 3812 ecclesiam

116 3845 207 3901 Sancti
221 3845 317 3900 Auiani
333 3844 521 3916 aquaeductus,
544 3860 606 3900 cum
625 3846 789 3904 caemeterio.
805 3845 917 3901 decimis

116 3940 142 3987 et
150 3934 226 3990 terris
234 3935 288 3990 suis
301 3953 306 3989 :
318 3935 460 3989 eeclesiam
469 3932 560 3990 Sancti
571 3932 676 3989 lllartini
687 3933 721 3990 de
731 3933 917 4002 Quinctiniaeo

115 4038 176 4078 curn
187 4024 339 4079 caemeterio
356 4022 469 4078 decimis
479 4031 507 4078 ct
517 4023 594 4078 terris
604 4023 675 4092 suis,
692 4023 834 4079 ecelesiam
846 4026 916 4079 San·

115 4111 150 4167 eti
162 4112 278 4168 blanritii
288 4113 321 4167 de
333 4111 458 4168 Siliciaco
469 4127 530 4167 eum
541 4112 694 4166 caemeterio
705 4111 818 4166 decimis
829 4119 855 4166 et
867 4120 917 4166 ter-

114 4202 152 4256 ris
164 4202 219 4257 suis
231 4222 237 4256 :
250 4201 296 4272 jus
304 4200 374 4272 qnod
386 4199 491 4255 liabetis
500 4200 528 4255 10
538 4199 650 4256 ecelesia
662 4200 753 4255 Sancti
764 4201 871 4256 Genesii
883 4201 917 4256 dc

114 4290 242 4356 Dearilla,
258 4298 284 4344 et
298 4289 402 4361 capella
423 4289 456 4343 de
481 4288 617 4355 Stabiclis,
642 4304 703 4343 cum
724 4289 876 4344 coenreterio
892 4298 918 4345 et

114 4386 190 4447 parte
213 4378 403 4433 decimarum:
434 4376 575 4432 ecclesiam
597 4376 626 4430 S.
651 4377 758 4432 lllartini
780 4377 813 4432 dc
838 4378 916 4435 l‘ruto

971 1807 1113 1860 naturnisi
1129 1823 1208 1876 quem
1224 1807 1328 1871 iratres,
1358 1815 1403 1861 aut
1432 1807 1542 1861 fratrum
1572 1823 1634 1878 pers
1661 1807 1766 1862 consilii

969 1895 1092 1960 sanioris,
1109 1895 1255 1950 secundum
1277 1896 1326 1950 Dei
1344 1895 1478 1961 timorem,
1494 1904 1519 1950 et
1533 1895 1605 1950 beati
1627 1895 1768 1967 Augustini

970 1982 1103 2054 regulum,
1120 1982 1275 2055 eligendum
1290 1982 1465 2054 providerint.
1495 1984 1671 2039 Prolribemns
1689 1985 1769 2039 etiam

970 2087 1000 2135 ut
1013 2080 1102 2135 nullus
1115 2081 1184 2136 inira
1200 2081 1328 2136 terminos
1341 2082 1528 2149 parochiarum
1545 2082 1664 2150 cjtrsdem
1679 2081 1768 2136 ecclc-

970 2169 1027 2237 siae,
1044 2169 1196 2236 ecclesiam,
1213 2169 1345 2240 capellam
1360 2177 1407 2223 ant
1421 2169 1601 2225 caemeterium
1617 2177 1770 2224 construere

970 2259 1014 2314 rel
1042 2273 1198 2314 consecrare
1227 2265 1380 2330 praesumat.
1415 2258 1579 2327 adjicientes
1607 2258 1716 2329 insuper
1743 2266 1772 2313 ut

971 2356 1091 2427 prelata
1105 2355 1226 2412 ecelesia
1239 2356 1379 2427 regulares
1392 2355 1515 2411 canonici
1531 2356 1612 2411 libate
1628 2364 1655 2410 et
1669 2356 1772 2427 absque

971 2445 1191 2511 contradictione,
1222 2461 1314 2500 euram
1342 2452 1369 2500 et
1393 2445 1652 2500 administrationem
1691 2461 1773 2515 paro·

971 2533 1099 2588 cltialium
1129 2533 1302 2588 ecclesiarum
1330 2533 1486 2602 suscipiant,
1517 2541 1543 2587 ct
1563 2533 1769 2588 commissarum

971 2630 1023 2683 sibi
1037 2630 1186 2684 animarum
1202 2630 1281 2685 saluti
1296 2630 1413 2685 Domino
1427 2629 1584 2696 auxiliante,
1599 2631 1769 2701 provideant.

971 2717 1044 2771 Nulli
1060 2718 1140 2772 etiam
1156 2719 1347 2775 canonicorum
1375 2727 1524 2774 rostrorum
1550 2719 1656 2774 licentia
1669 2727 1770 2788 pateat,

972 2813 1033 2876 post
1046 2805 1145 2860 saetam
1160 2807 1188 2860 in
1203 2807 1297 2862 eadem
1309 2808 1420 2862 ecclesia
1432 2808 1657 2878 professionuem,
1669 2808 1772 2878 absque

971 2894 1077 2950 abbatis
1092 2894 1134 2949 rel
1149 2895 1260 2949 fratrum
1289 2895 1404 2961 licentia,
1431 2896 1493 2950 inde
1515 2895 1661 2962 discedere,
1678 2896 1722 2951 rel
1736 2897 1772 2950 ad

971 2982 1024 3038 alia
1051 2984 1110 3038 loca
1139 2983 1304 3038 transvolare
1335 3002 1340 3037 :
1377 2984 1544 3040 discedentes
1580 3001 1644 3041 rara
1683 2985 1773 3039 aullns

932 3081 956 3143 C
970 3081 1159 3152 episcoporum
1187 3081 1231 3136 rel
1253 3081 1379 3135 abbatum
1396 3083 1529 3153 suscipere
1545 3082 1651 3146 audeat,
1668 3082 1771 3137 00100-

967 3170 1061 3225 tinere.
1092 3171 1174 3225 Porro
1202 3170 1235 3224 de
1264 3169 1402 3224 laboribus
1433 3186 1500 3239 quos
1514 3171 1630 3241 propriis
1645 3171 1771 3226 manibus

968 3259 1173 3329 sumptibusque
1199 3258 1335 3329 colligitis,
1366 3274 1414 3313 seu
1442 3259 1521 3314 etiam
1546 3260 1580 3314 de
1601 3260 1771 3314 nutrimentis

968 3347 1071 3413 restris,
1084 3349 1160 3415 juxta
1175 3347 1245 3416 quod
1262 3363 1278 3400 0
1292 3346 1370 3402 nobis
1398 3347 1425 3401 iu
1446 3348 1619 3419 generalibus
1634 3357 1674 3402 est
1688 3356 1771 3403 stutu-

972 3451 1026 3498 tnm
1043 3445 1174 3506 conciliis,
1188 3461 1203 3499 0
1219 3444 1298 3498 vobis
1312 3445 1386 3517 exigi
1402 3445 1521 3501 decimas
1536 3446 1692 3501 anctoritate
1707 3463 1771 3517 apo·

970 3533 1063 3587 stolica
1077 3533 1272 3589 interdicimus.
1306 3535 1433 3589 Praesenti
1463 3550 1571 3604 quoque
1583 3534 1692 3590 decreto
1707 3551 1772 3591 san·

969 3620 1055 3675 cimus
1089 3630 1117 3676 nt
1149 3623 1374 3692 parochianorum
1419 3630 1567 3677 vestrorum
1608 3624 1771 3692 sepulturam

969 3719 1199 3788 libereltnbeatis,
1231 3720 1281 3774 nisi
1311 3720 1379 3775 sorte
1408 3721 1490 3790 aliqui
1519 3737 1610 3775 eorum
1626 3737 1655 3776 se
1670 3721 1698 3775 10
1713 3722 1773 3777 aliis

970 3807 1147 3863 decreverunt
1174 3808 1295 3863 ecelesiis
1322 3809 1439 3880 sepeliri.
1468 3810 1642 3863 Decrerimus
1662 3825 1729 3882 crgo
1744 3818 1772 3865 nt

971 3897 1035 3950 nulli
1050 3897 1141 3952 carino
1156 3897 1296 3952 hominum
1326 3897 1367 3952 las
1387 3898 1421 3952 sit
1448 3897 1603 3968 pradictum
1628 3898 1769 3953 ecclesiam

970 4002 1050 4056 snper
1071 3987 1121 4040 liae
1144 3994 1233 4040 nostra
1249 3986 1437 4041 constitutione
1471 3994 1572 4041 temere
1601 3987 1770 4057 perturbare,

971 4092 1017 4138 aut
1039 4084 1097 4152 ejus
1120 4083 1304 4153 possessiones
1328 4083 1499 4146 anlerre,rel
1517 4083 1619 4137 ablatas
1642 4084 1769 4146 retinere,

971 4172 1101 4236 ntinuere,
1126 4172 1168 4227 vel
1198 4172 1346 4226 temerariis
1374 4171 1562 4226 vexationibus
1582 4171 1705 4243 fatigare,
1723 4173 1770 4227 sed

971 4261 1062 4316 omnia
1094 4261 1199 4333 integra
1230 4268 1423 4315 conserventur
1451 4275 1555 4326 eorum,
1579 4276 1626 4329 pro
1655 4277 1770 4330 quorum

969 4349 1164 4422 gubernatione
1179 4357 1205 4404 01
1218 4350 1409 4404 sustentatione
1433 4364 1560 4404 concessa
1586 4355 1656 4415 sunt,
1676 4349 1770 4404 usibus

114 4481 175 4520 eum
190 4466 294 4537 capella
317 4465 350 4520 de
376 4465 514 4532 Fontanis,
539 4441 1135 4537 0000010010010001000111οΠ01ῃῃίιῃῡιιὶε
1156 4447 1304 4519 1110ἷῦ11111·
1330 4445 1358 4503 Si
1384 4463 1435 4516 ‘1¹¹³
1451 4447 1533 4518 igitur
1548 4447 1574 4499 5¹¹
1590 4445 1708 4500 summm
1726 4464 1769 4502 0⁰·

113 4572 205 4610 carum
222 4575 228 4610 :
245 4554 387 4609 ecelesiam
412 4553 517 4609 Sanctae
532 4553 624 4610 Mariae
646 4552 679 4608 de
707 4554 830 4609 Girnellis
852 4573 912 4611 cum

112 4645 270 4716 capellada
294 4643 428 4715 Picangis,
451 4643 604 4699 caemeterio
632 4643 707 4698 terris
732 4652 758 4699 et
777 4644 910 4701 decimis:

111 4733 296 4790 ecclesianis.
316 4732 440 4788 Florentii
470 4731 503 4787 da
531 4733 695 4801 ‘tylecastrm
725 4750 786 4788 cum
808 4735 912 4805 capella

111 4825 216 4881 Sanctae
230 4824 331 4892 ttariae,
348 4829 375 4879 01
389 4821 553 4887 caemetorio,
565 4821 687 4889 decimis,
701 4822 781 4878 terris
795 4831 821 4876 et
832 4824 911 4894 perti-

110 4922 207 4977 nentiis
220 4938 312 4976 earum
330 4940 336 4976 t
351 4919 492 4975 ecelesiam
515 4918 607 4974 Sancti
625 4918 694 4973 Petri
709 4917 743 4972 de
759 4919 909 4987 blircbello,

109 5027 170 5066 cunt
182 5011 343 5076 camelario,
355 5007 467 5066 decimis
478 5008 553 5063 terris
568 5015 594 5063 et
610 5007 778 5079 appendiciis
792 5025 884 5063 earnm
902 5029 908 5065 :

107 5098 240 5155 decimam
256 5099 289 5154 clo
318 5101 419 5165 tienec,
448 5097 582 5152 decimam
611 5095 645 5152 de
675 5097 796 5152 liureio:
820 5098 907 5153 locum

107 5188 224 5258 Capellae
239 5205 299 5258 qnae
314 5195 353 5244 est
367 5188 437 5243 inter
452 5187 633 5260 leuglerium,
662 5194 689 5242 01
717 5186 844 5242 Sanctum
863 5188 907 5241 Fi-

106 5259 218 5342 delium,
247 5293 308 5332 0000
339 5275 505 5347 appendic-iis
534 5276 611 5331 suis:
644 5275 786 5331 ecclesiam
816 5274 906 5331 Sancti

104 5365 218 5421 Autlreae
232 5365 265 5419 cle
281 5364 462 5430 (lrmcntiaeo,
479 5381 541 5418 cnm
560 5364 681 5434 capellis,
700 5364 864 5432 cartulario,
882 5373 907 5419 01

105 5462 179 5526 parte
198 5454 363 5510 decimamm
389 5469 448 5523 qnae
472 5453 666 5525 presbyteratui
691 5452 839 5524 congruit:
864 5454 906 5508 lo-

105 5561 166 5600 cum
195 5544 228 5599 de
257 5543 377 5611 Puteola,
398 5543 496 5615 locam
525 5544 559 5598 dc
595 5544 701 5599 100100
729 5543 816 5609 icam,
844 5558 906 5598 cum

104 5634 271 5708 appendiciis
298 5633 353 5689 suis
383 5651 389 5689 :
418 5633 509 5690 locum
537 5632 571 5689 dc
598 5631 685 5690 Galdo
713 5628 812 5704 dlirey,
842 5648 904 5689 curn

968 4536 1113 4591 clcsiastica
1142 4536 1310 4592 sacularisro
1340 4551 1463 4607 persona,
1489 4533 1569 4604 liujus
1595 4543 1692 4590 nostrie
1706 4552 1770 4590 con·

967 4625 1110 4681 stitutionis
1142 4626 1269 4697 pagiuam
1307 4626 1404 4691 sciens,
1449 4631 1542 4680 eontra
1574 4640 1634 4678 eam
1669 4633 1768 4680 temere

966 4715 1059 4769 venire
1076 4714 1226 4779 tentaterit,
1242 4713 1359 4769 secundo
1385 4713 1497 4768 tertiove
1519 4713 1695 4780 commonita,
1717 4714 1767 4767 nisi

965 4820 1069 4867 reatum
1093 4829 1152 4867 sum
1175 4827 1295 4884 cortgrua
1323 4811 1512 4865 emendatione
1541 4811 1696 4876 correxerit,
1718 4828 1765 4881 po-

966 4901 1067 4958 testatis
1094 4902 1254 4971 honorisque
1284 4899 1324 4954 sui
1353 4899 1484 4971 dignitate
1513 4907 1612 4964 careat,
1639 4916 1768 4971 rtertmque

964 4988 1216 5057 sedirinojudieio
1240 4987 1353 5042 existere
1383 4986 1415 5039 tle
1443 4992 1595 5057 perpetrata
1624 4984 1766 5055 iniquitate

963 5093 1119 5158 cognoscat,
1147 5092 1173 5138 et
1201 5101 1217 5137 a
1244 5082 1425 5138 saeratissimo
1453 5098 1566 5153 corpore
1587 5090 1612 5135 ct
1632 5082 1765 5153 sanguine

963 5174 1011 5230 1101
1026 5191 1056 5229 ae
1070 5173 1179 5228 Domini
1209 5172 1290 5227 nostri
1318 5172 1380 5227 lesu
1395 5170 1491 5226 Clrristi
1508 5169 1666 5235 0110001101,
1682 5177 1763 5241 atquc

962 5264 989 5318 10
1013 5272 1135 5318 extremo
1164 5262 1298 5329 ernariue,
1333 5261 1460 5314 ‹tiso-tcta
1493 5259 1633 5328 subjaccat
1660 5259 1764 5315 ultioni.

961 5364 1156 5418 Conserrantes
1170 5369 1258 5414 utitem
1275 5361 1344 5421 1000,
1358 5357 1549 5427 artinipotcntis
1578 5357 1627 5411 1101
1656 5363 1681 5410 01
1697 5357 1761 5411 bea·

962 5458 1048 5506 torum
1078 5448 1145 5504 Petri
1176 5457 1201 5503 et
1230 5448 1303 5503 Pauli
1331 5445 1514 5519 apostolorum
1543 5446 1601 5516 ejus
1630 5442 1761 5499 benedic-

960 5540 1061 5597 tionem
1094 5547 1121 5595 et
1149 5539 1265 5612 gratiam
1296 5543 1504 5608 consequentur.
1541 5537 1638 5599 Amen,
1666 5548 1758 5601 amen,

960 5645 1050 5689 amen.
