3750 6000
41 280 49 295 .
166 199 238 283 11111
648 194 825 277 wtttstttt
843 194 1176 258 nanunsntttttattsts
1193 197 1352 260 nodacttt
1496 238 1499 243 ,
1758 205 1827 262 1111

167 320 238 378 culta
252 320 438 393 interemptos,
462 322 537 380 sachi
566 320 711 394 profunda
739 320 881 388 immersit,
897 321 971 377 arhi-
985 325 1012 386 Α
1028 339 1128 392 meam,
1148 349 1159 372 ι
1177 341 1256 396 quem
1272 341 1288 382 a
1302 324 1367 391 fine,
1396 323 1487 383 nescio
1501 341 1554 398 quo
1568 321 1718 398 presagio,
1744 333 1829 383 retru-

168 415 252 466 tratus
278 425 358 481 posse
385 412 469 466 latera
497 409 672 468 homicidium
695 408 768 480 quod
790 410 972 466 commisisset
1026 412 1110 485 grado
1122 413 1226 478 dicens,
1247 413 1387 470 nitebatur
1415 414 1636 481 lentienses
1660 415 1828 472 carnutium

167 498 236 556 clarc
262 498 365 555 visibus
388 499 541 556 hominum.
574 498 629 555 Sed
658 497 767 553 divinus
792 498 841 554 ille
867 499 971 567 aculus,
1026 500 1171 558 infirmare.
1186 502 1254 558 Tum
1269 518 1331 559 uero
1347 501 1476 558 sidicino
1490 503 1594 558 lumina
1621 502 1761 571 venefica,
1780 519 1828 560 ca·

169 604 250 660 quern
264 602 364 644 arcana
383 587 504 645 cordium
533 603 588 644 nou
617 587 723 651 fallunt,
741 587 800 642 tulit
827 586 853 641 in
883 586 971 642 lucem
1026 589 1190 646 visorbibus
1205 591 1306 653 evulsa,
1329 606 1541 647 cruoreversum
1563 590 1727 663 polluerunt,
1745 614 1757 641 ι
1773 592 1830 651 lioc

169 679 300 744 insontes,
329 677 426 733 multas
454 677 491 732 ihi
521 675 632 749 largitus
659 675 804 731 sanitatum
844 676 971 747 gratias,
1026 693 1094 750 opus
1109 695 1202 734 etrum
1217 679 1416 750 quidetrahnnt
1435 680 1501 735 mihi
1524 679 1596 751 apud
1621 679 1781 737 Dominum.
1804 688 1831 737 et

169 764 259 837 quoad
272 764 353 822 sicini
369 766 512 841 commoti,
523 764 620 820 rudera
635 762 673 819 illi
688 763 860 820 tumultuario
871 764 972 835 cespite
1027 767 1072 836 qui
1100 767 1228 838 loquutur
1268 768 1339 824 mala
1376 767 1506 823 adsersus
1541 766 1663 824 animam
1697 784 1827 825 meam..

168 852 329 925 corporibus
342 854 465 924 conjectu
479 855 536 925 (t5t
551 851 716 921 effodientes,
734 851 834 908 fossam
849 851 884 908 ad
906 867 973 924 spe-
1027 855 1135 911 cruoris
1148 856 1226 929 signa
1247 864 1353 912 essunt
1383 856 1473 923 hodie,
1497 854 1692 913 immanitatem
1716 857 1830 914 mulier·

169 944 238 1000 ciem
265 942 402 1015 sepulchri
421 941 551 1015 dirigunt,
575 941 719 999 ecclesiola
732 957 814 1013 super
830 938 972 998 edificata.
1026 944 1094 1001 culae
1109 953 1135 1000 et
1149 945 1198 1000 llei
1213 945 1340 1001 ultionem
1355 945 1493 1016 spirantia.
1522 944 1715 1017 Corpusculum
1744 954 1830 1010 sancti

169 1032 315 1089 lacuerere
329 1031 367 1087 ihi
378 1047 463 1103 usque
476 1031 510 1088 ad
520 1029 973 1104 tempusregislldgari3tuucenim
1026 1032 1169 1090 celebriter
1181 1033 1285 1100 cuhtur,
1298 1050 1349 1089 uec
1362 1034 1433 1089 ullus
1448 1033 1504 1090 fere
1519 1033 1592 1090 locus
1605 1033 1634 1089 in
1647 1034 1747 1108 anglia
1775 1052 1830 1092 ma·

169 1121 279 1179 abacto
313 1119 439 1177 Oswaldo
468 1120 673 1191 archiepiscopo
699 1118 755 1189 (16)
784 1118 973 1191 wigorniensi
1023 1121 1076 1193 jori
1091 1121 1125 1177 ad
1140 1121 1238 1178 testum
1267 1122 1468 1177 adventantium
1498 1129 1640 1178 veneratur
1667 1121 1829 1195 frequentia.

168 1210 268 1278 levata,
284 1209 357 1265 etad
384 1208 538 1265 coenobium
562 1207 695 1264 liamesice
720 1206 861 1279 deportata
888 1214 971 1264 sunt:
1027 1210 1122 1283 Exigit
1137 1211 1228 1266 hocet
1241 1211 1361 1282 antiqua
1379 1211 1530 1267 sanctitatis
1553 1210 1706 1282 persuasio,
1729 1218 1757 1267 et
1782 1212 1832 1268 mi·

171 1314 205 1355 ex
219 1314 272 1370 qua
284 1297 328 1357 die
340 1297 431 1353 inultis
456 1314 485 1353 se
509 1295 647 1353 miraculis
673 1295 879 1352 manifestarunt
905 1312 973 1368 sup·
1027 1300 1178 1355 casularum
1192 1298 1288 1355 crebra
1303 1298 1446 1355 exhibitio.

172 1386 273 1460 plicum
288 1385 528 1443 vonsexoranttes.
1062 1388 1152 1460 (111.
1180 1387 1240 1444 Neo
1263 1387 1399 1443 vacabunt
1416 1386 1496 1443 laude
1525 1395 1570 1442 tua
1589 1387 1700 1461 paginas
1722 1397 1832 1456 nostrae,

205 1473 299 1548 22¹0·
315 1472 376 1531 Offfl
407 1489 455 1530 rex
483 1472 654 1538 Μθΐῢίθῐῑῑῐΰ.
678 1487 728 1542 pro
756 1469 973 1537 confirmacione.
1029 1476 1094 1533 felix
1104 1493 1180 1548 puer,
1197 1476 1253 1546 (11)
1275 1475 1399 1532 Wistane
1413 1475 1449 1531 lili
1471 1475 1623 1544 Wimundi,
1639 1473 1689 1532 filii
1699 1475 1834 1534 wihtlafii

171 1572 202 1622 nt
214 1563 338 1639 putabat,
353 1562 441 1635 regni,
457 1561 582 1617 sideullo
596 1561 703 1617 delectu
717 1560 796 1617 amici
811 1560 855 1617 uel
873 1560 974 1616 inimici
1029 1566 1104 1638 regis
1117 1566 1278 1622 Marciorum
1299 1571 1326 1619 ct
1354 1564 1510 1620 Ethcllledoe
1537 1562 1600 1621 fitiae
1619 1562 1758 1621 Chelssulfi
1788 1566 1835 1637 qui

171 1653 270 1709 multos
296 1660 422 1726 potentes
450 1650 614 1716 trucidavit}
644 1649 714 1705 inter
741 1664 810 1721 quos
852 1649 973 1723 Egelbir·
987 1677 1015 1740 B
1031 1654 1081 1709 luit
1107 1661 1219 1725 patruus
1250 1653 1398 1709 Kenelmi.
1428 1661 1464 1718 te,
1492 1653 1614 1724 inquam.
1643 1669 1698 1710 nun
1724 1653 1834 1720 tacebo,

172 1753 228 1803 tum
244 1743 299 1813 (17)
319 1757 424 1814 regem.
439 1738 570 1796 arefaciam
581 1754 638 1795 rem
653 1738 680 1793 in
704 1753 816 1810 procum
836 1736 900 1794 littae
914 1753 978 1809 ope·
1031 1758 1111 1812 quem
1123 1741 1257 1797 Bersertus
1270 1748 1403 1813 cognatus
1418 1740 1520 1797 nelarie
1544 1741 1693 1798 interemit.
1719 1742 1835 1798 Norint·

174 1837 257 1888 ratus.
272 1829 372 1886 Verum
387 1827 543 1885 illiusmors
566 1827 691 1892 innocua,
718 1823 795 1882 brevi
817 1841 902 1899 regno
931 1824 977 1881 lilii
1031 1847 1083 1902 que
1102 1830 1211 1901 posteri,
1237 1830 1259 1884 si
1284 1830 1329 1900 qui
1358 1831 1408 1885 luas
1435 1829 1525 1885 literas
1553 1830 1708 1902 cognitione
1735 1829 1837 1905 dignas

175 1916 244 1976 Offae
268 1916 396 1982 creditur,
425 1924 557 1989 utsupra
585 1914 653 1982 dixi,
678 1913 831 1970 vindicata:
859 1914 923 1985 quin
952 1921 979 1971 et
1031 1916 1165 1986 duxerint,
1180 1918 1246 1973 nihil
1260 1918 1287 1972 in
1310 1918 1401 1974 seculo
1419 1917 1518 1974 indolis
1532 1924 1585 1973 tuae
1612 1917 1750 1975 nobilitate
1771 1919 1837 1992 glo·

174 2002 605 2088 Deusadeoesidentihussignis
632 2002 801 2058 sanctitatem
825 2001 884 2073 ejus
911 2018 977 2075 pro·
1031 2006 1136 2068 riosius,
1152 2021 1205 2077 qua
1219 2005 1463 2062 irritatusinlestus
1489 2006 1563 2062 lanio
1587 2006 1646 2077 (11)
1673 2014 1700 2063 tc
1721 2003 1837 2063 mortifi-

174 2093 252 2162 didit,
265 2101 294 2149 nt
307 2092 441 2165 hodieque
454 2091 533 2147 seda
548 2090 708 2164 episcopalia
724 2095 807 2158 363
836 2089 978 2146 llerefnrdi
1031 2095 1146 2162 cererin
1163 2094 1228 2150 nilril
1250 2095 1277 2149 in
1299 2095 1358 2150 Deo
1380 2095 1493 2164 puritate
1520 2104 1565 2151 tua
1585 2094 1764 2157 innocentius.
1783 2109 1838 2165 qua

175 2182 225 2239 sub
240 2181 323 2254 ipsius
336 2181 445 2237 nomine
459 2188 639 2238 consecretur.
668 2180 726 2235 Nec
749 2178 869 2251 ineptum
897 2178 978 2236 debet
1032 2185 1159 2240 invitatus
1184 2183 1306 2239 internus
1325 2182 1425 2238 arbiter
1450 2192 1476 2239 te
1503 2181 1742 2240 honomfieaverit:
1772 2199 1837 2241 nam

176 2271 262 2331 rideri
288 2278 334 2326 aut
359 2269 538 2343 incongruum
563 2267 636 2339 quod
670 2275 854 2324 successores
883 2268 976 2334 nostri,
1032 2272 1100 2329 curlo
1128 2271 1245 2327 demissa
1279 2271 1406 2326 columna
1431 2270 1487 2340 (13)
1528 2270 1651 2334 lucilera,
1691 2270 1838 2342 densaeque

176 2359 254 2433 probi
269 2366 296 2415 et
310 2358 429 2431 religiosi
445 2357 507 2424 riri,
519 2355 561 2413 vel
576 2356 757 2413 taciturnitate
776 2357 976 2425 tolleraverunt,
1032 2360 1119 2416 noctis
1131 2359 1287 2432 dirunrpens
1301 2359 1393 2431 pallia,
1409 2358 1551 2430 prctuurtae
1565 2374 1658 2415 caveae
1680 2359 1772 2415 scelus
1786 2358 1838 2416 da·

176 2447 219 2503 tal
234 2445 392 2503 auctoritate
407 2444 610 2500 roboraverunt·
861 2523 863 2527 .
1033 2450 1107 2514 texit,
1123 2446 1257 2504 carnificis
1267 2447 1413 2517 nequitiam
1428 2445 1526 2519 argirit.
1556 2445 1730 2520 Quapropter
1757 2462 1839 2504 vene·

210 2532 615 2607 5²¹¹·Qllidd282001008)
639 2531 780 2598 Kfsselssw,
796 2531 853 2599 (19)
877 2537 978 2587 teneras
1032 2538 1124 2594 randae
1161 2536 1290 2606 reliquie,
1333 2536 1426 2592 levatae
1462 2544 1605 2607 parentum
1646 2533 1747 2602 officio,
1781 2536 1838 2593 lla·

177 2623 293 2681 aetatula
317 2636 411 2693 puero,
432 2619 516 2692 stylus
536 2620 580 2675 hic
603 2618 824 2674 comminiscetur
841 2618 979 2690 dignuin?
1032 2626 1157 2699 pandum
1179 2625 1275 2680 1002oe
1295 2633 1367 2688 snut,
1401 2631 1465 2680 tunc
1492 2624 1621 2695 temporis
1645 2623 1753 2680 famoso
1782 2623 1839 2695 (ῃ)

174 2712 252 2769 lluno
275 2716 354 2783 pater
375 2707 507 2765 Kcnulfus
532 2723 579 2762 rex
603 2706 774 2767 Marciorum.
808 2718 977 2776 septennem,
1033 2713 1197 2770 monasterio
1213 2732 1221 2781 3
1238 2728 1308 2768 nunc
1322 2721 1363 2767 est
1390 2712 1453 2768 vitta
1482 2712 1588 2769 comitis
1608 2712 1768 2782 Cestreme,
1796 2729 1840 2768 cu·

176 2793 978 2870 011801111118150101186111111111111111111111111811111111(1181111111,
1030 2802 1169 2874 jusglopit.
1183 2817 1232 2874 pro
1247 2800 1450 2856 ,situvelusmis
1464 2801 1580 2856 exoleta,
1609 2800 1688 2855 Nunc
1716 2801 1840 2858 Emba-

177 2888 246 2944 falso
257 2887 308 2942 sibi
320 2901 434 2959 regnum
445 2884 622 2956 praeetttiessss
632 2882 814 2945 fraterculum,
829 2881 978 2937 ¹⁰¹lessdt¹m
1033 2907 1106 2946 nsum
1125 2889 1269 2959 inhabitas,
1287 2889 1386 2960 dignus
1400 2889 1446 2962 qui
1460 2888 1607 2944 faventium
1632 2888 1703 2945 rutis
1729 2905 1840 2946 serenus

177 2975 308 3038 emedio,
323 2974 431 3030 satelliti
449 2972 495 3042 qui
514 2972 639 3027 alunrnus
657 2979 713 3025 erat
727 2969 937 3025 commendarit.
954 2971 980 3025 ls
1037 2979 1188 3052 indulgeas,

177 3058 721 3128 1150111111.011181111111119ΰά11111111111]
742 3056 800 3126 (2⁰)
830 3058 904 3129 quasi
932 3074 983 3114 le·
1071 3068 1163 3140 §aas
1183 3069 1222 3123 De
1236 3067 1376 3124 sanctitate
1390 3082 1485 3138 regum
1500 3064 1677 3122 Orientalium
1695 3064 1838 3123 Saxonum

178 3161 270 3208 natum
285 3152 394 3216 ducens,
423 3151 493 3205 inter
512 3147 623 3203 frutecta
642 3146 830 3203 obtruncatum
855 3146 981 3201 occuluit.
1036 3153 1838 3228 01orientaljumpnglofflmaccumulet355feru111;

178 3241 211 3297 Et
226 3241 323 3295 mirum
343 3239 426 3305 dictu,
441 3238 513 3307 (111οἀ
534 3236 616 3302 sifus·
634 3243 687 3290 11111
716 3235 802 3290 011111
829 3234 857 3289 in
886 3233 984 3306 Angli&
1036 3259 1149 3314 quorum
1172 3261 1320 3318 regnorum
1344 3243 1401 3312 (25)
1429 3243 1618 3316 genealogiam
1643 3242 1725 3313 hujus
1748 3241 1838 3311 operis

180 3329 333 3394 commissa,
378 3327 472 3381 llomae
513 3323 643 3378 divinitus
684 3322 823 3378 innotuit:
852 3322 984 3392 siquidem
1037 3328 1094 3393 (16)
1110 3325 1198 3395 primo
1223 3325 1291 3380 libro
1312 3323 1429 3379 breuiter
1449 3322 1561 3384 intexui,
1582 3321 1645 3392 quia
1673 3321 1839 3394 plenagesta

180 3416 339 3471 membrana
353 3429 435 3484 super
461 3412 545 3468 altare
573 3412 658 3467 sancti
684 3411 755 3466 Petri
783 3426 911 3481 superne,
940 3426 985 3466 co·
1037 3429 1132 3485 regum
1158 3428 1287 3480 nusquam
1313 3412 1386 3484 potui
1419 3410 1537 3481 reperire
1562 3409 1632 3481 (tt).
1659 3409 1839 3465 t'erunumaa

181 3504 274 3571 tumba
289 3502 402 3565 ferente,
426 3501 546 3572 delapsa,
575 3500 650 3556 necis
675 3507 702 3554 et
729 3499 906 3568 sepulchralis
933 3499 984 3554 loci
1036 3503 1092 3571 (18)
1108 3500 1249 3555 deaancto
1264 3498 1416 3563 lidmundo,
1432 3514 1512 3568 quem
1534 3497 1660 3553 mulum
1687 3497 1769 3553 tteuae
1787 3512 1839 3553 non

180 3590 365 3666 perordinem
391 3590 488 3656 inden3
510 3604 580 3658 quae,
606 3589 670 3659 quia
698 3588 839 3643 elementis
865 3587 985 3660 anglicis
1038 3590 1136 3662 attigit,
1153 3590 1269 3660 amplior
1282 3588 1445 3659 procudetur
1458 3587 1554 3651 oratio,
1580 3586 1625 3657 qui
1653 3585 1679 3640 in
1710 3585 1840 3643 Orientali

180 3689 238 3738 erat
258 3680 422 3751 conscripta,
451 3695 468 3735 a
495 3678 633 3745 Romanis,
665 3684 692 3732 et
721 3678 835 3733 aliarum
861 3677 983 3749 gentium
1037 3678 1138 3751 angtta
1153 3677 1332 3749 principatum
1344 3676 1427 3731 tenuit
1453 3675 1593 3731 Provincia
1613 3674 1660 3729 illa
1688 3674 1724 3730 ab
1751 3683 1840 3731 austro

181 3769 336 3827 homiuibus
357 3769 403 3840 qui
431 3767 551 3833 aderant,
583 3766 682 3822 frustra
708 3766 761 3836 legi
789 3773 900 3822 tentata.
930 3765 984 3823 Sed
1037 3775 1063 3824 et
1078 3766 1182 3822 oriente
1210 3764 1326 3837 cingitur
1348 3779 1461 3826 oceano;
1493 3763 1528 3818 ab
1556 3762 1681 3833 aquilone
1709 3762 1841 3832 paludum

179 3859 326 3915 salubriter
339 3864 366 3913 et
379 3856 408 3912 in
422 3864 543 3925 tempore
558 3855 641 3913 astitit
669 3855 780 3928 anglus,
814 3860 850 3922 et,
885 3855 984 3926 linguae
1039 3855 1141 3926 uligine
1156 3862 1181 3910 et
1195 3861 1353 3927 stagnorum
1369 3853 1458 3923 rapaci
1474 3853 1613 3925 vomgine,
1628 3866 1692 3923 quse
1701 3851 1784 3907 tn'um
1799 3851 1841 3908 rel

178 3946 347 4004 involucrum
369 3945 506 4003 hadaliter
540 3943 689 4014 Quiritibus
716 3943 857 4009 evolvens,
896 3940 986 3998 effecit
1036 3944 1117 3999 duum
1148 3942 1262 3998 millium
1277 3945 1336 4012 (11)
1370 3941 1458 4014 spatio
1494 3940 1644 4007 latitudine,
1681 3937 1842 4012 infinitaque

180 4045 210 4094 ut
224 4035 365 4108 apostolici
386 4034 499 4104 epistola
522 4033 632 4107 regibus
659 4032 754 4105 anglis
777 4031 983 4099 compatriotam
1037 4032 1215 4105 longitudine,
1252 4038 1389 4103 protensa,
1427 4028 1573 4086 incolarum
1609 4027 1666 4084 usui
1704 4029 1841 4100 piscosam

180 4137 323 4197 manyretn
338 4123 469 4180 indicaret
486 4137 493 4192 ;
508 4129 677 4194 quapropter
689 4120 821 4191 frequenti
842 4127 913 4176 coetu
938 4119 983 4173 in·
1036 4120 1159 4194 praebent
1179 4118 1382 4175 exuberantiam
1398 4135 1406 4184 3
1423 4116 1459 4172 ab
1486 4116 1625 4173 occidente
1661 4115 1776 4187 reliqua
1802 4117 1842 4173 in·

180 4215 414 4282 nocentisoorpus
433 4212 550 4266 levatum
580 4206 836 4265 winchelcumbam
862 4206 984 4265 veheba-
1037 4209 1102 4266 sulae
1119 4208 1256 4273 continua,
1286 4207 1333 4262 sed
1358 4205 1467 4261 defossa
1492 4206 1574 4261 humo
1597 4203 1632 4259 ad
1655 4202 1742 4260 instar
1770 4204 1842 4262 muri

180 4312 232 4361 tur.
248 4303 289 4358 lta
303 4301 460 4358 clericorum
477 4298 564 4355 vocali
586 4305 676 4362 cantu,
693 4305 720 4353 et
745 4297 874 4352 laicorum
902 4294 983 4351 alacri
1037 4314 1138 4370 aggere
1153 4296 1314 4367 permunita.
1340 4295 1468 4351 Pacorum
1499 4292 1617 4365 pabulis,
1646 4292 1768 4349 ferarum
1797 4309 1842 4351 ca·

181 4392 289 4465 plausu,
317 4387 487 4462 parricidalis
516 4386 627 4444 toemtna
652 4393 800 4453 commota,
830 4384 984 4440 efenestra
998 4376 1024 4439 D
1039 4385 1235 4459 pturishumns
1247 4384 1359 4457 egregia
1375 4403 1383 4450 ;
1399 4382 1529 4439 amnonis
1556 4381 1666 4447 referta,
1688 4395 1842 4456 wagrega-

182 4477 313 4536 coenaouli
354 4479 381 4533 in
410 4491 463 4547 quo
489 4474 576 4531 stabat
604 4482 683 4547 caput
711 4473 826 4538 extulit;
851 4480 886 4540 et,
916 4472 984 4528 forte
1040 4467 1157 4526 tionibus
1181 4467 1375 4524 monachorum
1410 4465 1636 4522 numerosissimis
1675 4464 1749 4521 intra
1770 4466 1842 4538 ipsas

183 4567 338 4641 psalterium
353 4581 410 4638 prae
424 4564 550 4620 manibus
576 4562 689 4627 hahens,
720 4562 922 4619 continuatione
948 4560 985 4616 le-
1038 4566 1192 4631 stagnorum
1204 4555 1303 4612 insulas
1329 4555 1475 4620 institutis;
1500 4570 1568 4628 gens
1594 4553 1656 4610 lata
1682 4560 1712 4609 et
1735 4553 1840 4628 lepida,

182 4657 279 4714 ctionis
305 4655 341 4712 ad
369 4653 503 4728 psalmum
529 4658 699 4726 peruenerat,
731 4675 742 4700 a
766 4651 837 4707 Deus
877 4648 984 4706 laudem
1039 4645 1181 4718 facetaque
1195 4644 1339 4701 festivitate
1359 4642 1485 4714 iocorum
1513 4641 1547 4699 ad
1570 4640 1746 4715 petulantiam
1780 4657 1841 4715 pro·

219 4866 276 4938 (15)
292 4866 437 4938 conjecta.
449 4880 473 4920 c.
490 4863 520 4920 d.
539 4878 577 4928 e.,
593 4863 710 4933 iniecta,
725 4877 753 4919 a.
768 4879 793 4919 a.
808 4864 831 4919 1.
1073 4856 1130 4929 (it)
1145 4856 1271 4926 Infestos
1287 4855 1373 4912 lanio.
1388 4869 1414 4910 a.
1430 4853 1458 4910 d.
1473 4870 1498 4910 e.
1515 4853 1546 4921 1.,
1558 4852 1682 4925 insectus
1697 4853 1784 4924 istra
1803 4871 1838 4923 a,

217 4942 262 5009 (16
290 4939 513 5009 rlrcftcepiscopc.
530 4951 554 4989 a.
571 4951 593 4990 s.
605 4949 629 4989 c.
644 4949 669 4989 e.
687 4938 716 4996 1.,
744 4937 881 5008 episcopo,
906 4933 986 4989 (1.-
1038 4927 1277 5000 infaustuslotrc.
1289 4942 1315 4981 e.

183 5012 263 5069 Oswa
275 5008 510 5064 dusliborucensis
523 5004 743 5077 archiepiscopus
770 5006 850 5061 simul
872 5012 899 5060 et
925 5003 984 5059 Wi·
1074 4998 1130 5066 (131
1143 5000 1288 5054 Columna.
1302 4996 1334 5051 tl.
1356 5011 1385 5052 a.
1401 4995 1438 5060 l.,
1455 4995 1594 5055 columbo.
1605 5010 1631 5050 a.
1647 5011 1669 5050 a.
1685 5011 1711 5051 a.

180 5081 335 5158 gorniensis
349 5079 493 5166 episcopus
503 5083 570 5131 erat.
1074 5070 1261 5139 (sistemate.
1277 5084 1303 5121 a.
1322 5083 1350 5123 c.
1364 5066 1393 5122 d.
1408 5083 1432 5150 e.
1450 5067 1486 5132 l.,
1502 5073 1565 5139 post
1578 5069 1686 5132 fumoso
1708 5080 1739 5122 a.
1773 5066 1841 5141 fagit

226 5155 272 5222 tr)
287 5152 458 5218 spatharium
472 5163 576 5220 nepem.
591 5145 659 5202 vide
671 5143 767 5220 gibet
779 5144 795 5219 ἓ
809 5147 853 5210 st,
864 5152 921 5201 not.
937 5147 981 5201 to.
1036 5140 1111 5197 sicut
1125 5142 1156 5195 in
1170 5140 1261 5212 priano
1276 5138 1347 5193 libro
1360 5139 1447 5193 dicat.
1738 5203 1745 5216 ι

230 5225 271 5289 tat
285 5223 427 5279 licuelmo.
444 5220 510 5274 Vide
524 5216 540 5290 ἕ
552 5221 596 5283 95,
613 5225 671 5272 not.
1072 5212 1129 5277 (ai)
1146 5213 1313 5279 Regnorum.
1329 5225 1357 5264 a.
1376 5224 1398 5262 s.
1414 5223 1439 5263 c.
1456 5206 1483 5262 d.
1499 5223 1514 5261 e
1528 5206 1629 5264 blm.
1640 5207 1769 5263 omittrn
1783 5221 1799 5263 a
1812 5209 1839 5263 1.

215 5293 271 5360 (ta)
289 5291 575 5348 leneroeoetctuloea.
587 5304 609 5344 s.
621 5303 649 5344 c.
662 5286 741 5355 de..
751 5285 978 5347 teneroeoetutm.
1083 5282 1127 5348 aa)
1142 5282 1237 5336 l’rtmo
1252 5281 1321 5336 fibro
1336 5280 1459 5336 breuiter
1472 5279 1601 5334 intensi.
1616 5277 1642 5349 g
1656 5281 1703 5343 11,
1718 5280 1766 5333 18.

214 5364 270 5432 (11)
285 5363 435 5420 Animam.
450 5375 509 5416 a.c.
523 5357 551 5414 d.
565 5375 591 5415 e.
606 5358 638 5428 l.,
653 5366 714 5432 post
727 5361 858 5416 cetimum
874 5375 897 5413 s.
914 5357 981 5431 legit
1082 5356 1128 5420 11)
1144 5352 1281 5422 Reperire.
1298 5367 1324 5406 a.
1340 5365 1367 5405 c.
1386 5349 1415 5404 d.
1429 5365 1455 5403 e.
1472 5350 1508 5411 l.,
1523 5349 1663 5414 inuenire,
1679 5363 1703 5404 s.

174 5434 220 5492 uel
235 5431 399 5490 recreandi.
1082 5423 1126 5491 28)
1142 5424 1179 5478 tta
1192 5427 1292 5480 sancto
1306 5422 1465 5478 lldmamdo.
1479 5418 1546 5476 vide
1562 5419 1576 5489 §
1590 5419 1634 5483 st,
1650 5436 1676 5474 nt
1688 5423 1710 5478 t.

188 5531 191 5535 ·
211 5503 268 5575 (11)
286 5503 419 5561 Wfstaac.
434 5501 474 5560 lle
495 5502 524 5560 S.
545 5501 671 5560 Wistano
689 5499 800 5564 consule
812 5516 879 5560 mss.
891 5497 977 5558 llari.
1080 5497 1125 5565 11)
1140 5493 1275 5550 ttiilium.
1291 5508 1315 5548 s.
1330 5507 1359 5550 e.
1373 5491 1405 5549 d.
1424 5490 1775 5562 camedonensem

170 5578 253 5651 1113,
269 5575 307 5635 Dc
321 5573 459 5648 martyrae
474 5574 503 5633 S·
517 5573 650 5632 Wiatsni.
