3772 6006
155 258 233 319 l'iO'l
608 254 809 317 tvltttitnti
833 253 1200 319 illAleESBUlliiliiSiS
1222 253 1395 318 MONAGBI
1813 251 1865 312 titi

154 391 242 448 etiam
257 389 407 462 provideat
419 388 496 445 idem
512 387 679 460 episcopus,
695 391 728 444 ut
746 386 872 461 singuiis
889 387 976 446 annis
989 392 1018 459 Α
1032 386 1259 446 westsaxonum
1271 386 1350 444 dedit
1360 383 1581 458 hujuscemodi
1601 380 1800 456 privilegium
1811 383 1867 439 iiia
1885 455 1886 458 Ἴ

154 496 223 538 euru
235 478 348 536 clericis
363 477 436 548 suis,
448 479 498 549 qui
509 477 699 533 Fonbnetum
714 481 794 546 sunt,
810 478 905 549 ipsam
915 493 978 534 me·
1031 477 1120 537 tonia
1137 493 1144 532 ε

154 566 977 638 tremsuam,(ilnstoniensemvidelicstscoiesism,ieria
1069 587 1084 617 a
1107 567 1139 622 in
1165 567 1283 623 nomine
1306 565 1424 622 Domini
1454 563 1560 621 nostri
1586 563 1670 619 Jesu
1692 560 1815 629 Christi,
1833 579 1865 636 sp

154 659 284 715 secunda
295 661 362 730 post
374 655 582 713 escensionem
598 654 715 712 Domini
730 669 797 713 oum
811 654 915 712 litenis
930 670 977 711 re·
1032 655 1199 713 cuthredus
1215 671 1264 713 rex
1278 656 1423 713 Saxonum
1435 655 1592 711 universa
1615 668 1729 725 regum
1760 653 1864 723 priam

153 750 321 819 cognoscat.
333 744 592 818 Quodsisuperbiu
605 744 725 801 iniiatus
740 760 804 801 eam
820 744 976 814 distulerit,
1031 745 1189 818 suppetitia
1204 744 1385 813 ilentwinee,
1400 744 1586 813 Baldrades,
1598 740 1862 815 cedwallaniises

155 842 184 894 et
196 837 407 908 quesuperius
422 835 499 893 dicta
511 836 723 893 etoonsrrmata
732 840 802 892 sunt
810 835 977 907 prevarica-
1031 835 1213 906 lltbelardes,
1224 833 1411 893 athelbaldes
1421 831 1728 907 regislderoiornm,
1740 832 1860 890 inriilist

154 925 238 995 verit,
255 925 424 982 mansiones
452 925 509 982 sibi
524 925 660 997 superius
677 925 823 998 delegatas
838 925 974 994 amitinis
1030 924 1060 980 ln
1076 925 1158 993 vicia,
1174 933 1201 981 at
1216 924 1247 981 in
1263 925 1352 997 egris,
1368 940 1402 981 ao
1414 923 1443 980 in
1461 921 1609 995 praediis,
1633 921 1858 994 mansisqusur·

154 1015 246 1072 abbas
272 1015 317 1073 vel
344 1013 518 1073 monachia
548 1031 723 1088 quocunque
751 1014 903 1083 voluerint,
924 1013 974 1086 qni
1025 1014 1153 1085 ioribus,
1166 1020 1197 1071 ui
1208 1022 1251 1072 ast
1262 1014 1387 1089 pristina
1398 1014 1471 1071 urbs
1487 1013 1671 1071 Glastonias
1682 1015 1855 1073 corroborata

152 1104 264 1178 paseha
278 1104 453 1162 canonicum
469 1104 594 1162 celebret
608 1104 804 1162 ecclesiastica
818 1105 849 1161 in
863 1104 976 1162 Glasto-
1029 1103 1131 1177 sicque
1159 1105 1281 1177 proprie
1310 1120 1417 1162 manus
1448 1102 1695 1174 subscriptione
1729 1103 1854 1176 murore

153 1193 248 1250 uionsi
263 1192 396 1261 ecclesie,
413 1198 463 1250 aut
477 1194 509 1250 in
523 1194 655 1250 ecclesiis
683 1193 740 1251 sibi
756 1193 908 1265 subjectis,
924 1195 976 1248 sut
1029 1194 1111 1265 signo
1126 1194 1333 1251 oonilrmatnm
1349 1193 1595 1251 bocdonativnm
1609 1191 1727 1250 stabile
1737 1193 1801 1265 jura
1811 1211 1855 1267 gra

152 1282 182 1340 ln
198 1298 298 1339 eurum
313 1282 432 1355 capeliis
442 1282 600 1355 precipiat.
616 1282 756 1355 Quisquis
773 1287 868 1339 autem
886 1282 974 1350 buius
1028 1287 1134 1340 tumet
1149 1286 1243 1340 ratum
1259 1298 1360 1356 regum
1376 1283 1593 1355 predictorum
1610 1283 1750 1339 decerno
1762 1284 1851 1351 durare,

152 1385 223 1426 mea
252 1369 460 1426 munificentie
489 1375 518 1426 et
545 1370 726 1427 liberalitatis
752 1375 973 1440 testamentum,
1028 1372 1158 1442 quandin
1178 1373 1286 1446 vertigo
1315 1370 1374 1446 poli
1400 1376 1493 1429 terras
1523 1376 1626 1444 atque
1658 1389 1777 1444 equora
1796 1372 1851 1429 drea

153 1458 255 1531 quovis
266 1458 403 1531 deinceps
419 1462 557 1530 tempore,
571 1458 671 1532 aliqua
685 1461 838 1518 occasione
852 1461 974 1533 cuiusli·
1027 1461 1132 1517 athera
1147 1461 1277 1518 siderum
1289 1461 1373 1533 iusso
1394 1461 1608 1518 moderamine
1631 1461 1746 1518 volvet.
1762 1461 1790 1518 si
1805 1463 1850 1533 guis

151 1547 201 1605 bet
216 1547 378 1619 dignitatis,
396 1545 438 1603 vei
456 1549 658 1619 professionis,
674 1548 717 1605 rel
737 1551 843 1622 gradus
857 1565 973 1622 perver·
1026 1553 1125 1605 autem
1153 1549 1243 1621 bujus
1272 1547 1527 1607 msedonsttonis
1558 1551 1852 1607 testameutnmrisu

152 1641 224 1704 tere,
238 1635 284 1692 sei
300 1636 329 1692 in
344 1636 462 1693 irritum
488 1637 632 1695 deducere
647 1639 811 1711 tenuserit,
839 1640 913 1696 scint
941 1654 973 1696 se
1028 1639 1114 1695 inerit
1132 1637 1380 1710 confringamini
1391 1654 1529 1712 grecam
1548 1639 1850 1712 padisnobiaiiengie

152 1741 217 1782 cum
233 1725 311 1782 tuda
339 1726 487 1798 proditore
510 1730 619 1784 retorna
637 1728 820 1799 conlusione,
835 1727 974 1786 edacibus
988 1723 1013 1790 B
1028 1727 1144 1800 singum
1156 1729 1298 1785 traditum
1309 1727 1623 1801 uberemqusgiebam
1635 1729 1851 1786 extrstermiaos

152 1813 344 1871 ineffabilium
377 1819 587 1874 tormentorum
627 1817 789 1889 periturum
831 1817 972 1876 ilsmmis·
1026 1816 1170 1888 prelixus.
1187 1816 1232 1874 vel
1245 1817 1384 1874 delinitos
1399 1815 1522 1886 limites,
1536 1832 1594 1874 sen
1612 1819 1849 1875 constituosiine

152 1903 267 1976 Scripta
280 1910 324 1960 est
349 1908 446 1961 autern
472 1904 563 1976 hujus
591 1907 759 1964 donationis
786 1913 813 1964 st
828 1906 973 1979 privilegii
1026 1906 1170 1974 ndimere;
1187 1906 1250 1978 ipse
1264 1905 1360 1964 socius
1376 1904 1532 1975 multatus,
1548 1906 1589 1963 sit
1605 1907 1773 1966 interualla
1787 1924 1849 1981 erga·

152 1994 265 2066 pagins,
281 2010 359 2051 enno
387 1995 545 2051 Dominiee
575 1995 787 2054 iucarnationis
814 1997 878 2066 725,
894 1996 972 2055 indi·
1026 1993 1095 2052 stuli
1114 1995 1144 2050 in
1160 2010 1236 2066 penu
1251 1996 1411 2065 demersus,
1426 1994 1638 2069 violentiaque
1653 2014 1720 2054 sna
1735 2014 1849 2071 presan·

152 2087 248 2142 ctione
262 2100 301 2151 ιν,
332 2085 387 2140 sub
416 2087 571 2157 prasentia
586 2087 643 2144 lna
659 2088 746 2160 regis,
763 2093 793 2144 et
806 2087 971 2146 Beortwsld
1027 2085 1155 2158 ptionem
1169 2084 1231 2141 inst
1245 2085 1275 2142 in
1290 2100 1394 2143 arum.
1411 2087 1517 2143 lmen.

153 2174 548 2248 iiorobernsnsispontilrcis‚
556 2179 849 2250 venerandorumque
859 2176 972 2235 antisti·
1064 2174 1149 2247 «Ego
1169 2173 1331 2231 Cutbrsdus
1347 2191 1396 2231 rex
1410 2174 1655 2234 westsaxonum
1673 2178 1798 2251 propria
1807 2196 1849 2234 ua·

151 2272 214 2321 tum
233 2264 359 2321 Danielis
374 2269 462 2337 atque
486 2265 652 2336 Fordredis,
667 2272 697 2324 et
711 2267 833 2325 allorum
849 2285 971 2341 quorum
1026 2279 1082 2319 nus
1097 2262 1313 2334 subscriptione
1320 2269 1429 2321 sancta
1438 2263 1544 2320 Crucis
1554 2265 1729 2339 designans
1737 2267 1849 2340 effigia

152 2353 272 2412 nomina
284 2353 409 2411 inierius
424 2356 611 2413 adnotantur.
1026 2358 1057 2409 ut
1072 2368 1158 2410 nomo
1171 2352 1222 2426 qui
1238 2369 1270 2411 se
1296 2358 1496 2426 regeneratum
1527 2353 1560 2411 ln
1591 2355 1721 2416 Christo
1749 2356 1849 2423 nonsit

186 2464 202 2495 a
217 2447 275 2517 Ego
287 2446 336 2501 lun
347 2459 397 2501 rea
412 2445 534 2516 propria
549 2462 656 2504 munus
670 2448 885 2522 subscriptione
897 2450 973 2509 bano
1026 2446 1186 2516 imiimi
1201 2446 1314 2499 mititte
1328 2442 1406 2500 hinc
1419 2443 1633 2502 dossssilonttm·

151 2534 337 2591 donationem
353 2537 381 2591 st
393 2532 561 2591 libertatem
573 2536 629 2592 sub
644 2535 741 2611 sigilio
751 2543 856 2596 sancte
878 2539 972 2599 crucis
1061 2554 1076 2583 «
1092 2532 1149 2605 Ego
1164 2531 1355 2590 KerOthdut
1370 2531 1527 2606 episeopus
1537 2534 1717 2610 subscripsi
1727 2540 1758 2595 ci
1770 2535 1851 2594 confir

151 2627 249 2680 ratum
265 2623 325 2679 lieri
338 2623 474 2679 decerno.
1026 2622 1117 2680 meri.

188 2735 203 2765 a
218 2713 278 2786 ligo
293 2712 469 2785 AEdsibucgs
483 2715 583 2787 ragina
598 2717 744 2774 consensi.
1067 2733 1082 2763 «
1097 2711 1219 2786 Signum
1237 2728 1343 2769 munus
1358 2711 1505 2770 dambrun
1522 2715 1648 2787 prelati
1665 2718 1747 2791 regis
1761 2721 1788 2775 st
1799 2717 1851 2773 aiis
1874 2714 1882 2749 '²

187 2823 202 2854 a
218 2802 277 2874 ligo
291 2802 452 2859 Baldredus
463 2819 513 2860 rex
523 2805 704 2863 confirmavi.
1032 2815 1097 2856 roni
1114 2799 1275 2857 multorum
1290 2800 1445 2858 nobilium.

190 2911 201 2941 ι
218 2890 277 2962 ligo
292 2890 414 2947 ldelard
431 2891 520 2949 irater
535 2895 643 2966 reginae
657 2896 803 2952 consensi.
1065 2912 1080 2941 «
1107 2891 1261 2963 Exemplar
1289 2891 1379 2963 buius
1408 2890 1574 2964 largitionis
1591 2899 1625 2951 et
1641 2896 1787 2970 privilegii
1798 2911 1850 2968 pro·

187 2977 479 3051 «Rgossorthwsldue
491 2984 717 3040 nomomensis
725 2984 973 3044 eeclesiaemhie.
1032 2979 1195 3053 mulgatnm
1220 2983 1266 3036 esi
1281 2995 1358 3036 anno
1383 2980 1605 3038 Inest-nationis
1623 2984 1747 3041 Domini
1762 2984 1848 3053 'iiiia

151 3068 301 3143 piscopos,
316 3069 374 3126 ina
389 3071 463 3144 regis
483 3071 669 3130 donationem
685 3082 712 3132 st
735 3073 898 3133 libertatem
914 3078 970 3134 sub
986 3047 1011 3115 G
1031 3069 1168 3140 proedicio
1182 3067 1327 3134 emollio,
1349 3067 1402 3124 sub
1416 3069 1574 3142 presentie
1608 3073 1691 3146 regis
1715 3072 1847 3138 cunstt

150 3156 246 3232 sigillo
275 3162 384 3217 sanotae
420 3162 516 3219 erucis
546 3164 739 3233 corroboravi,
765 3169 794 3223 ei
822 3170 972 3240 magnates
1027 3157 1240 3229 tii1⁰di³r⁰liriae
1259 3173 1365 3214 minu*
1381 3157 1598 3229 muniflvenih,
1616 3162 1720 3219 votiva
1736 3179 1797 3221 vero
1810 3161 1846 3218 de·

150 3248 343 3321 quamplures
350 3248 410 3307 alii.
423 3272 438 3302 »
1026 3250 1153 3318 votione,
1169 3249 1271 3306 sturio
1286 3265 1370 3308 sacro
1385 3252 1618 3321 commendarit,
1635 3254 1667 3311 in
1683 3254 1846 3329 lignaubasi·

421 3340 459 3397 lls
471 3341 528 3411 fine
542 3344 617 3411 regis
632 3346 701 3402 Inae.
1030 3337 1088 3397 iios
1096 3342 1126 3397 et
1135 3338 1375 3413 honorabilique
1386 3339 1490 3398 iratres
1505 3341 1602 3399 beatae
1619 3348 1774 3403 memoria
1784 3344 1846 3401 ilen-

185 3425 295 3484 Dsbinc
308 3428 461 3500 predictus
472 3446 521 3486 rex
532 3431 704 3490 inaiitterns
719 3432 808 3506 regali
823 3434 975 3508 signaculo
1029 3426 1092 3500 gilli
1109 3427 1320 3500 imbibitum
1338 3428 1510 3488 wiliufliur·

150 3515 278 3588 signatas
293 3532 407 3575 summo
419 3518 549 3589 pontifici
565 3520 680 3588 direxit,
701 3522 858 3596 inquibus
877 3526 976 3584 omnia
1066 3540 1080 3570 ‘s
1099 3519 1155 3591 580
1171 3518 1272 3575 Dflsslfll
1288 3518 1462 3592 θῑὼθῦΐῑΡΒῑ·
1480 3540 1494 3570 ”

150 3603 289 3678 predicta
299 3605 537 3677 continebantur,
545 3609 634 3665 simui
644 3626 712 3668 cum
726 3613 853 3686 quodam
866 3615 976 3689 scypho

150 3695 978 3774 aursanaaiiisdonisregelibus,supplicensutdlesio·

151 3785 282 3842 nienssm
295 3785 445 3843 ecclesiam
461 3803 527 3845 cum
545 3790 731 3862 pertinentiis
747 3791 977 3885 stlibsrtatibu1⁵
1067 3797 1150 3850 Anno
1175 3797 1325 3866 sequente,
1342 3794 1370 3850 id
1387 3802 1431 3852 cst
1454 3796 1680 3856 incarnationis
1712 3801 1844 3859 ilumiuiea

152 3875 215 3931 suls
230 3874 260 3930 in
271 3875 482 3945 protectionem
494 3881 599 3934 sancta
611 3878 748 3937 Romana
764 3881 898 3940 iicolesiae
910 3901 962 3942 sus
1029 3881 1093 3949 7¹¹5,
1111 3881 1188 3938 idem
1218 3881 1345 3939 Cuihred
1367 3883 1448 3940 dedii
1466 3884 1629 3945 cumberto
1646 3888 1754 3948 abbati
1768 3889 1814 3948 oe
1824 3904 1844 3945 it

149 3965 268 4034 ciperet,
284 3969 313 4020 ei
332 3963 427 4034 ipsam
444 3966 617 4023 auctoritaie
646 3970 806 4042 apostolica
820 3972 850 4029 in
872 3989 977 4046 perpe·
1031 3969 1844 4047 hidas3tulii,esttenesbsorgns,Seroobamuttrxnita.

150 4052 574 4112 tnumconirrmeret.iiodem
603 4066 794 4116 sutemanno
823 4064 975 4132 quoidam
1031 4061 1177 4134 Sequente
1192 4079 1268 4131 vero,
1299 4063 1391 4121 idest
1419 4064 1636 4125 incarnationis
1667 4069 1786 4129 Domini
1805 4069 1845 4125 ‘iti

151 4157 200 4200 rex
216 4141 337 4200 Romam
355 4143 544 4215 personaliter
558 4145 641 4215 adiit,
662 4147 845 4220 privilegium
862 4157 978 4225 aposto·
1031 4169 1118 4223 nuno,
1130 4169 1181 4226 ago
1192 4152 1366 4224 AEtbelbaid,
1378 4170 1429 4227 pro
1440 4154 1644 4227 redemptione
1657 4162 1770 4218 anime
1783 4176 1845 4223 mec.

148 4231 205 4291 lico
225 4231 377 4306 signaculo
403 4233 622 4292 corroboratum
647 4236 677 4292 in
694 4238 845 4295 redeundo
861 4240 978 4300 iilssto·
1032 4243 1189 4299 Tumberto
1204 4259 1233 4298 rx
1248 4259 1341 4301 annos
1356 4243 1536 4316 presidenti,
1552 4248 1583 4302 et
1610 4247 1738 4307 lamilia
1759 4249 1845 4322 quain

149 4323 773 4396 uiamasportavitiiiposteniterumuum
789 4329 978 4405 AEtbsiburga
1033 4330 1211 4388 monasterio
1236 4331 1451 4407 Glnetingubiry
1484 4332 1561 4390 iideli
1592 4337 1652 4395 ileo
1680 4339 1846 4398 famulantur

149 4411 979 4488 regineuxoresua,instinctuvidelicstajusdem.Romam
994 4397 1018 4463 Ῑ)
1032 4419 1181 4492 obsequio,
1198 4419 1319 4495 largitus
1340 4438 1405 4479 sum
1434 4422 1526 4496 pretio
1540 4439 1612 4482 cccc
1640 4428 1806 4488 solidorum
1827 4442 1847 4484 rr

151 4500 233 4558 abiit.
254 4500 296 4556 ibi
312 4517 347 4558 ne
363 4503 561 4560 conversionis
580 4520 640 4560 sua
652 4520 791 4578 pompam
808 4508 924 4580 laceret,
944 4515 977 4569 ut
1031 4507 1126 4578 hidas,
1144 4509 1260 4567 duobus
1274 4508 1305 4566 in
1322 4511 1394 4569 locis
1407 4511 1509 4584 Jetelig
1529 4519 1556 4570 et
1572 4512 1778 4594 bradanlegh.

150 4587 244 4648 solius
265 4588 314 4646 iisi
342 4590 470 4661 piscaret
495 4590 600 4661 oculis,
617 4593 727 4651 amicto
750 4595 864 4668 plebeio
879 4602 974 4658 tectus

150 4677 227 4738 cium
243 4679 398 4736 consenuit
413 4697 422 4751 ς
437 4681 554 4738 demum
572 4681 648 4739 vium
663 4684 805 4742 universe
816 4687 914 4746 cernis
930 4688 976 4747 in·
1308 4660 1350 4714 θ’
1364 4657 1456 4714 mm
1469 4657 1578 4716 “blm

151 4785 279 4845 gressus,
291 4785 348 4826 non
361 4769 424 4828 sine
435 4769 557 4844 magnis,
570 4775 603 4828 nt
612 4774 793 4847 accepimus,
812 4776 975 4839 miraculis.
1065 4786 1151 4839 Anno
1165 4783 1219 4838 754
1231 4781 1399 4857 sigebertus
1411 4784 1500 4858 pretio
1510 4800 1520 4841 r
1530 4785 1781 4852 solidorumauri
1796 4806 1847 4851 cor-

416 4861 454 4918 iis
470 4860 591 4932 cengille
605 4862 710 4920 uirtute.
1032 4872 1120 4929 cessit
1134 4871 1233 4928 Ticam
1248 4872 1357 4943 abbati,
1372 4876 1401 4930 et
1420 4873 1573 4932 monacbis
1588 4876 1621 4934 ln
1638 4881 1721 4941 urbe
1735 4883 1846 4942 olata·

186 4952 328 5011 AEtbirido
344 4951 439 5009 abbati
463 4953 605 5010 successit
619 4954 759 5027 cengille,
779 4974 857 5015 anno
879 4960 975 5017 Domi·
1031 4961 1846 5037 gensinmdegentibus,xxrrbidsslni’ollit.1demstisa

151 5041 223 5099 nica
238 5041 452 5100 iucarnationis
466 5042 529 5098 729.
541 5041 661 5100 lideiard
675 5061 827 5103 successor
842 5050 978 5106 insoon·
1032 5051 1132 5107 'Picum
1150 5067 1173 5107 rr
1190 5050 1283 5120 hidas,
1300 5070 1364 5126 qua
1380 5054 1410 5110 in
1425 5055 1600 5114 occidentali
1612 5066 1703 5130 parte
1727 5065 1803 5123 iilius
1815 5077 1848 5119 re

152 5129 240 5186 caesii
256 5131 382 5203 inmitia,
399 5148 460 5202 que
486 5131 516 5187 in
533 5133 707 5189 monasterio
732 5133 976 5210 Ginstlngebisusi
1032 5143 1211 5211 manserant,
1227 5142 1320 5213 pretio
1335 5143 1425 5216 regio,
1442 5143 1553 5203 scilicet
1569 5163 1587 5202 r.
1603 5149 1725 5212 solidos
1739 5151 1848 5218 auriat

150 5219 346 5291 omnipotenti
376 5222 446 5290 beo,
475 5224 531 5279 sub
557 5221 689 5296 religioso
717 5224 820 5283 abbate
848 5225 977 5300 Gangillo
1032 5227 1849 5304 eodemrcgecomperavlt,uteiernaessethareditas

154 5306 348 5378 tumulantur,
360 5309 390 5365 in
405 5309 541 5368 stabilem
565 5312 781 5384 possessionem
796 5332 831 5372 nx
846 5316 932 5373 hides
947 5316 977 5373 in
1033 5319 1201 5374 monasterii
1215 5318 1556 5397 Gtsstonrs.1)ehnequt
1567 5333 1596 5383 st
1607 5345 1636 5385 vr
1648 5333 1849 5392 annisGiasie
1882 5316 1885 5331 '

153 5394 316 5466 i’oionholt,
336 5403 365 5455 et
385 5398 414 5454 in
428 5399 528 5458 'locrio
543 5419 570 5458 x.
587 5403 713 5478 Eiusque
724 5422 797 5463 uxor
808 5407 978 5480 Fredogipa,
1032 5409 1088 5468 nias
1104 5411 1216 5483 praiuit
1233 5413 1368 5485 superius
1379 5418 1578 5491 praeoccupavi
1591 5421 1710 5499 diuers,
1726 5422 1850 5501 quaracl-

155 5487 326 5545 lirnnantuu
342 5504 359 5545 r
378 5488 475 5547 hidas.
1031 5498 1101 5557 licet
1116 5499 1254 5572 reliquias
1269 5502 1395 5561 ecclesia
1411 5504 1541 5564 attulerit
1557 5524 1564 5578 ;
1594 5510 1648 5569 ubi
1679 5516 1849 5591 sepulturas

348 5578 533 5681 Pristieptom
553 5581 685 5685 Gattredr‘
698 5586 781 5656 rega.
1031 5604 1098 5647 cum
1112 5589 1362 5665 sociisacceperit,
1374 5595 1563 5659 testatuciroo
1578 5599 1773 5681 epitaphium
1783 5603 1849 5685 quoi

184 5672 273 5731 Auno
292 5668 454 5731 ilomrnrcs
468 5667 682 5759 incarnationis
701 5673 767 5749 stt,
782 5673 910 5735 cnthred
925 5691 975 5737 rex
1029 5676 1123 5752 legere
1136 5693 1195 5739 uon
1209 5679 1320 5755 neglexi
1336 5697 1345 5743 r

1241 3671 1282 3725 De
1297 3669 1348 3725 lire
1361 3676 1388 3724 st
1407 3667 1653 3742 iicltcmbeorge.
