3750 6000
57 245 105 299 111
635 239 813 296 aristone
834 236 1115 298 stabiliuntur.

1660 244 1714 301 112
1778 296 1781 301 ,

58 372 164 424 unctae
180 368 325 426 memorias
337 366 437 425 Leonis
450 366 576 439 ixpapae
589 365 746 433 didicimus,
759 363 862 420 nobilis
875 363 903 423 A
918 363 1065 437 quidquam
1076 382 1109 422 ex
1119 366 1171 432 his,
1185 383 1247 439 quae
1258 367 1315 439 jam
1328 367 1418 426 dictus
1428 367 1618 441 praedecessor
1626 376 1721 427 noster

58 464 199 536 qmndam
222 467 263 522 vir
278 466 441 540 blangoldus
454 464 488 521 de
507 465 622 530 werde,
644 461 798 520 devotionis
819 462 864 516 in-

59 554 135 617 tuitu,
159 555 354 611 monasterium
370 556 398 610 iu
412 563 504 611 castro
527 570 577 610 sno
602 551 761 616 construxit,
791 551 863 622 quud

59 641 88 697 Β.
113 643 201 699 Petro
231 644 422 715 apostolurum
441 642 557 714 principi
585 640 714 707 offerens,
745 639 807 696 iecit
835 639 862 694 in

57 731 166 788 bonore
176 740 280 789 sanam
294 742 323 789 et
339 733 455 789 vivillare
463 732 557 789 Crucis
568 748 617 804 per
627 745 725 786 manus
737 729 862 798 eiusdem

60 820 174 876 bornuni
189 820 328 892 pontilicis
343 822 511 888 consecrari,
536 818 757 877 sanctimoniales
780 817 861 875 lemi-

918 453 972 509 leo
988 454 1127 511 incidam
1146 454 1261 512 firmavit
1281 457 1426 526 Ecclesiae,
1451 475 1545 530 quaeve
1566 459 1720 532 inpresen-

918 543 1017 598 tiarum
1032 545 1164 600 canonice
1180 547 1437 615 possessarum
1461 548 1581 603 futurum
1600 565 1719 607 conoes-

918 632 995 687 sione
1010 632 1178 704 pontificum,
1193 634 1339 706 largitione
1359 636 1554 707 imporatorum
1581 637 1625 693 vel
1645 637 1719 709 prin-

917 721 1018 791 cipum,
1039 721 1176 779 oblatione
1201 724 1333 792 ildelium,
1364 741 1412 781 seu
1436 725 1496 780 aliis
1511 726 1592 795 justis·
1615 726 1715 795 modis,

916 817 1061 879 praestante
1076 811 1192 868 Domino
1206 813 1330 884 poteritis
1345 814 1471 885 adipisci,
1486 813 1562 869 firma
1584 814 1664 871 vobis
1686 814 1715 870 in

59 925 104 964 uas
119 910 228 966 ibidem
245 911 302 968 neo
313 910 593 968 servitumsjnquuq,
917 907 1076 970 perpetuum
1091 908 1117 955 et
1131 901 1237 957 illibata
1252 912 1406 959 serventur.
1422 904 1464 960 ild
1476 904 1610 973 judicium
1624 911 1717 960 autem

88 1006 209 1064 Factum
224 1017 267 1065 est
278 1018 369 1066 autem
384 1017 413 1065 nt
428 1008 525 1066 eodem
540 1007 667 1065 coenobio
680 1023 734 1080 per
748 1021 861 1077 operam
916 988 988 1059 C⁰0<¹
1008 991 1204 1045 m⁰⁰⁸⁸l³f511m
1233 999 1355 1046 vestium
1378 993 1446 1061 iuris
1464 993 1494 1047 Β·
1525 993 1715 1058 Paestanum

59 1112 208 1167 pravorum
223 1098 365 1155 homiuum
381 1099 490 1170 dirupto
510 1107 594 1169 atque
618 1097 768 1163 devastato,
792 1095 862 1151 alter
915 1092 1026 1175 {fllium
1041 1078 1157 1175 ⁸1¹¹C¹¹¹l⁸
1170 1079 1258 1146 “finib
1280 1081 1544 1154 ¹¹⁰bl⁸i¹1⁰⁸lfisque
1571 1096 1714 1138 ⁵⁰000850·

59 1184 236 1256 hungoldus,
248 1188 310 1256 jam
326 1188 390 1245 dicti
403 1187 502 1243 nobilis
510 1187 561 1242 viri
570 1185 649 1255 filins,
661 1186 696 1240 ab
711 1183 861 1256 apostolica
915 1166 991 1221 ”hus
1005 1167 1178 1237 19180118118·

59 1274 120 1330 sade
149 1275 282 1343 obtinuit,
310 1285 340 1333 nt
364 1277 417 1332 sibi
444 1276 553 1333 licentia
581 1275 758 1347 praeberetur,
788 1273 860 1329 idem
951 1256 979 1311 Sl
1004 1272 1055 1327 qna
1078 1256 1575 1331 18111111]ΡθὸῑθῐῡῐῦθθθῙθδῑθὲῑῑθθ
1600 1260 1713 1316 saefflll·

58 1364 260 1420 mmmm
274 1366 310 1421 ,d
333 1365 387 1421 ,ΗΕ
409 1365 469 1422 1οω
492 1364 652 1430 mussare,
682 1378 714 1419 ,ὓ
737 1378 786 1434 pe,
809 1362 861 1418 boc
914 1345 1124 1416 risvepersona,
1141 1347 1213 1402 hane
1237 1356 1337 1404 nostrae
1359 1348 1556 1405 constitutionis
1584 1349 1713 1421 paginam

56 1451 130 1520 jum
153 1452 249 1521 ipsum
275 1459 399 1510 mmm
431 1455 458 1509 qn
481 1454 593 1524 manige
623 1461 707 1509 gem.
738 1450 862 1507 sundgpp
916 1433 1016 1500 sciens,
1046 1442 1139 1490 contra
1166 1452 1228 1492 eam
1249 1444 1352 1493 temere
1373 1437 1467 1493 venire
1495 1438 1648 1505 tentaverit,
1673 1453 1715 1494 se·

58 1541 217 1611 emim,
234 1550 262 1598 Β,
289 1543 510 1600 „nggimonqueg
530 1543 569 1598 lbi
593 1541 627 1597 ag
648 1541 698 1597 pei
724 1540 862 1596 sepvjqum
915 1524 1006 1578 cundo
1032 1524 1145 1580 tertiove
1170 1527 1347 1590 commonita,
1373 1526 1396 1581 si
1425 1542 1480 1582 non
1502 1534 1607 1582 reatum
1634 1542 1713 1582 suum

57 1629 213 1702 gepqu,
233 1631 342 1701 Quibus
357 1633 451 1704 mique
465 1640 520 1688 qam
545 1631 679 1704 rengione
700 1645 784 1702 quam
808 1645 861 1684 nu.
916 1611 1100 1668 satisfactione
1114 1616 1412 1687 congruacorrexerit,
1429 1616 1570 1686 potestatis
1586 1615 1714 1672 honoris·

55 1735 129 1776 wo
142 1720 387 1790 decrescentibus,
403 1721 499 1776 „rpus
522 1719 685 1793 hugoldus
706 1718 861 1790 πάθω.
877 1719 904 1780 Β
918 1717 971 1772 qne
986 1701 1028 1756 sui
1050 1702 1182 1775 dignitate
1195 1712 1296 1770 careat,
1311 1721 1440 1775 reamque
1455 1722 1485 1760 se
1500 1704 1592 1760 divino
1613 1703 1716 1773 jndicio

57 1824 144 1866 sorem
171 1817 305 1865 nostrum
333 1810 454 1883 egregiae
480 1808 679 1866 recordationis
704 1807 863 1864 Pascbalem
919 1791 1036 1847 0¹l⁵¹0f0
1052 1791 1086 1847 de
1101 1800 1258 1863 willelmi
1272 1794 1412 1866 iniquum
1427 1800 1624 1866 00ii¹¹⁰⁸⁰⁸b⁰¹
1638 1807 1655 1847 ⁸
1670 1809 1718 1849 ⁸⁸·

55 1922 150 1978 ψῃ
167 1906 314 1964 humiliar
325 1909 401 1974 adiit,
418 1916 446 1964 e,
460 1916 497 1976 m,
513 1907 616 1963 amous
644 1905 863 1962 „nctimoniapp
919 1879 1071 1943 cratissima
1084 1897 1202 1953 corpore
1216 1890 1243 1938 et
1256 1884 1392 1954 sanguiue
1407 1883 1457 1939 Dei
1467 1890 1493 1938 et
1508 1883 1616 1939 Domini
1631 1882 1717 1938 nostri

56 1996 112 2063 bns,
135 1996 165 2053 in
188 1998 292 2054 eodem
313 1997 375 2054 loco
398 1998 527 2053 monachi
545 2005 713 2069 ponerentur
740 1994 860 2067 expetiit.

56 2085 133 2156 Cujus
148 2087 280 2158 petitioni
302 2089 440 2143 Romanus
463 2085 586 2158 pontifex
608 2085 727 2157 benigne
747 2098 863 2141 consen·

55 2175 92 2242 sit,
109 2184 139 2232 et
153 2175 318 2241 Gebhardo,
334 2176 470 2248 qnondam
494 2174 695 2231 constantiensi
719 2173 859 2244 episcopo,

57 2273 114 2321 tnnc
127 2265 296 2337 apostoliam
310 2266 385 2321 sedis
406 2266 507 2338 legato,
531 2280 581 2337 per
602 2278 651 2319 sua
666 2263 767 2334 scripta
781 2277 860 2317 man-

57 2353 138 2420 darit,
161 2361 193 2409 nt
215 2352 346 2411 videlicet
370 2354 405 2409 de
420 2353 491 2411 celia
516 2353 609 2410 Sancti
629 2351 710 2407 Blasii
733 2350 861 2407 monachi

60 2450 274 2510 enumerentur,
291 2451 317 2499 et
330 2443 358 2497 in
377 2443 475 2498 eodem
496 2440 661 2498 nronasterio
683 2450 859 2511 ponerentur.

62 2530 134 2600 Quod
163 2547 229 2589 cnm
252 2531 382 2604 praelatas
407 2531 555 2603 episcopus
581 2529 761 2601 implevisset,
786 2527 860 2583 idem

63 2619 132 2676 locus
157 2624 214 2676 tam
236 2621 265 2676 in
289 2620 485 2694 temporalibus
507 2634 589 2692 quam
608 2619 637 2674 in
661 2617 858 2690 spiritualibus,

65 2709 115 2767 lleo
127 2710 226 2783 gratim
239 2711 304 2779 siut,
320 2710 466 2782 plurimum
481 2715 673 2783 augmentatus
687 2714 739 2765 est.

92 2815 170 2885 Quod
184 2815 278 2890 igitur,
294 2815 396 2873 dilecte
415 2814 453 2870 iili
476 2814 592 2872 niardus
616 2812 714 2879 abbas,
738 2827 756 2867 a
778 2810 858 2869 nobis

69 2912 195 2971 lumiliter
216 2913 359 2986 postulasti
388 2921 418 2968 ut
439 2912 511 2968 idem
535 2912 700 2973 coenobium,
731 2910 776 2967 eui
799 2910 858 2966 Deo

71 3011 166 3059 mctore
180 3002 325 3074 presides,
342 3002 501 3074 apostolicae
516 3003 591 3058 sedis
606 3000 753 3074 privilegio
768 2999 857 3055 muni·

72 3106 158 3147 remus.
168 3093 238 3159 Nos,
250 3107 366 3165 qnorum
381 3091 518 3163 precipua
533 3091 648 3147 interest
659 3090 731 3157 loon,
748 3105 810 3162 qnae
819 3088 855 3144 ad
870 3073 897 3142 G

71 3178 105 3248 ins
116 3190 215 3238 uncte
228 3183 359 3239 liomanae
370 3180 503 3238 Ecclesia
516 3179 662 3252 pertinent,
689 3179 803 3252 diligere
825 3192 858 3234 ac

73 3267 161 3337 iorem,
176 3270 343 3337 interventu,
358 3270 452 3327 dilecti
466 3269 514 3326 titii
529 3269 616 3328 nostri
630 3269 720 3343 quarti
735 3267 858 3339 blangol·

74 3356 103 3426 di,
116 3359 229 3416 illustris
243 3359 306 3429 viri,
332 3360 385 3415 tuis
406 3360 553 3416 desideriis
576 3359 743 3433 benignitate
766 3355 857 3412 debita

73 3445 185 3504 muman
198 3448 386 3506 annuendum.
401 3450 454 3505 Per
467 3448 611 3521 presentis
626 3447 718 3520 itaque
744 3443 857 3518 privile-

73 3536 259 3612 gilpaginam,
294 3538 457 3594 auctoritate
480 3537 629 3610 apostolica
656 3536 800 3592 statuimus
826 3542 856 3591 ut

70 3623 130 3682 nem
149 3627 317 3696 coenobinm,
342 3626 377 3681 ab
398 3627 465 3699 ipsis
496 3625 685 3682 laudatoribus
704 3627 734 3681 B.
775 3626 858 3682 Petro

69 3713 186 3786 mutum,
201 3715 343 3788 perpetuis
357 3715 530 3786 temporibus
546 3715 599 3770 sub
613 3722 714 3772 sanctae
728 3715 858 3772 Romanae

67 3801 187 3860 Mamas
200 3804 286 3860 tutela
299 3803 442 3870 consistat,
467 3811 495 3859 et
516 3803 586 3859 ordo
608 3803 786 3870 monasticus,
812 3802 859 3875 qui

66 3902 206 3958 mudum
220 3901 293 3958 beati
307 3902 444 3958 Benedicti
468 3900 611 3975 lleguiam,
637 3916 688 3972 per
706 3901 764 3970 jam
786 3899 855 3956 dila·

62 3998 124 4048 sum
134 3992 375 4064 predecessorem
394 3999 515 4048 nostrum
523 3990 627 4048 ibidem
643 3990 767 4047 noscitur
780 3989 860 4046 insti·

62 4081 250 4154 hinaabaqne
260 4096 344 4137 sexus
354 4080 486 4137 varietate
494 4097 544 4137 seu
556 4080 704 4136 mutatione
717 4080 746 4134 in
756 4078 854 4134 eodem

62 4167 358 4243 louoirreiragabiliter
371 4170 541 4226 observetur.
570 4169 748 4225 Prohibemus
774 4168 855 4224 etiam

63 4259 272 4332 ndioecsaanus
290 4258 436 4331 episcopus
456 4258 485 4313 in
508 4256 605 4314 eodem
629 4256 691 4315 loeo
714 4256 781 4313 nibil
802 4271 855 4313 an-

61 4346 114 4405 teat
127 4347 183 4404 n‘bi
196 4347 350 4415 vindicare,
367 4350 487 4420 exceptis
501 4346 755 4405 consecrationibus
780 4346 853 4401 alta·

916 1968 981 2024 Jesu
996 1969 1096 2025 Christi
1111 1970 1201 2026 aliena
1215 1969 1271 2038 hat,
1294 1980 1374 2043 atque
1398 1972 1426 2027 in
1449 1980 1573 2027 extremo
1593 1970 1719 2027 examine

917 2056 1049 2115 districtae
1072 2060 1212 2128 subjaceat
1234 2058 1344 2115 ultioni.
1378 2060 1487 2116 Cunctis
1514 2069 1604 2116 autem
1630 2059 1719 2116 uident

917 2145 978 2204 loco
1002 2162 1052 2202 sna
1077 2148 1139 2216 jura
1166 2148 1339 2204 servantibus
1367 2149 1401 2203 sit
1425 2165 1477 2221 pax
1501 2148 1610 2205 Domini
1634 2146 1720 2204 nostri

916 2235 981 2290 lesu
996 2235 1106 2303 Christi,
1123 2243 1258 2308 quatenns
1276 2245 1301 2292 et
1316 2237 1359 2292 bic
1375 2236 1491 2293 fructum
1507 2237 1586 2293 bonae
1599 2235 1716 2292 actionis

916 2324 1086 2396 percipiant,
1118 2332 1145 2381 et
1172 2326 1243 2396 apud
1272 2325 1425 2381 districtum
1454 2325 1577 2382 iudicem
1605 2329 1718 2396 praemie

916 2420 1026 2470 aeternae
1041 2413 1116 2485 pacis
1131 2414 1279 2469 inveniant.
1300 2417 1397 2480 Amen,
1413 2431 1501 2470 amen.

950 2501 1011 2572 ligo
1023 2500 1198 2557 lnnoeentins
1213 2501 1360 2558 Catholicae
1375 2502 1505 2558 Ecclesiae
1520 2502 1678 2573 episcopus.

951 2589 1012 2662 Ego
1027 2590 1190 2646 Guillelmus
1206 2591 1390 2646 Praenestinus
1405 2591 1561 2662 episcopus.

951 2674 1010 2748 Ego
1025 2673 1170 2731 Gerendus
1182 2675 1325 2747 presbyter
1339 2675 1486 2734 cardinalis
1497 2675 1567 2731 tituli
1582 2675 1611 2731 S.
1620 2673 1715 2732 Crucis

914 2761 942 2818 in
957 2763 1139 2821 Hierusalem.

950 2852 1049 2909 Datum
1062 2854 1130 2909 Pisis
1139 2870 1304 2926 permannm
1315 2853 1574 2926 hymerici,sanctae
1582 2855 1713 2910 Romarm

914 2941 1045 2999 Ecclesiae
1060 2943 1169 2999 diaconi
1184 2944 1331 3000 cardinalis
1345 2951 1373 2999 et
1386 2943 1551 3010 cancellarii,
1567 2959 1618 2999 xru
1643 2942 1709 2999 lial.

913 3031 987 3097 Julii,
1002 3032 1152 3090 indictione
1167 3049 1218 3089 xrn
1233 3034 1301 3106 (leq.
1333 3036 1403 3103 riv),
1430 3032 1630 3090 iucarnationis
1654 3033 1713 3088 Do·

912 3120 1018 3178 minicae
1033 3135 1105 3177 anno
1122 3125 1201 3191 tiso,
1216 3121 1388 3195 pontificatus
1403 3120 1496 3177 domni
1520 3119 1672 3177 innocentii
1687 3120 1712 3176 ll

912 3225 990 3283 papae
1000 3226 1072 3267 anno
1086 3227 1138 3267 vn.

1260 3308 1366 3365 CXCII.

912 3407 1092 3465 Sententiam
1108 3410 1199 3465 iatum
1213 3408 1246 3465 de
1255 3410 1449 3466 controuersia
1464 3407 1670 3464 canonicorum
1682 3408 1712 3466 S.

949 3506 1107 3563 Alexandri
1121 3511 1149 3563 et
1164 3507 1194 3563 S.
1227 3507 1367 3563 Vincentii
1385 3506 1582 3576 bergomatem
1607 3504 1714 3561 titteris

948 3603 1109 3672 confirmet.
1119 3604 1128 3641 ³

1142 3704 1230 3773 (duno
1245 3702 1324 3767 ttae,
1340 3702 1402 3759 lun.
1419 3705 1473 3772 to.)

1054 3799 1202 3869 [Uasacen
1225 3801 1310 3857 ltctin
1325 3816 1416 3868 secra,
1433 3802 1479 3869 IV,
1491 3800 1572 3875 tes]

948 3907 1137 3963 lunocnrrrrns
1152 3907 1311 3978 episcopus.
1328 3923 1424 3962 servus
1439 3923 1579 3964 servorum
1595 3907 1655 3975 Dei,
1672 3907 1713 3963 di·

911 3995 984 4052 leoto
1000 3995 1054 4050 tutio
1072 3996 1165 4050 Panno
1189 3995 1345 4065 praeposito,
1376 4003 1401 4050 et
1426 3995 1552 4051 iratribus
1583 3995 1713 4052 ticclesiae

911 4080 939 4136 S.
955 4079 1103 4135 Alexandri
1119 4078 1254 4151 Pergami,
1266 4087 1331 4146 tam,
1347 4079 1526 4150 praesentibns
1540 4096 1622 4152 quarn
1635 4078 1711 4134 lutu-

910 4168 949 4225 ris
962 4169 988 4223 in
1003 4170 1035 4223 P.
1055 4170 1088 4224 P.
1107 4169 1146 4223 ll.

946 4256 1059 4313 Justitim
1073 4273 1104 4313 ac
1120 4256 1232 4312 rationis
1246 4256 1313 4313 ordo
1327 4257 1424 4314 suadet
1435 4265 1464 4313 ut
1476 4256 1708 4330 quemadmodum

911 4348 1003 4403 Patres
1017 4361 1146 4402 vocamur
1160 4345 1187 4400 in
1204 4346 1324 4412 nomine,
1341 4345 1379 4402 ita
1395 4346 1476 4402 etiam
1496 4345 1711 4417 comprobemur

62 4438 123 4493 inm
136 4437 182 4494 rai
199 4436 390 4504 eeclesiarum,
406 4435 624 4493 ordinationibus
646 4436 850 4501 monachorum,
865 4431 893 4498 Ι)
907 4438 934 4491 iu
944 4434 1111 4508 operatione.
1126 4434 1161 4490 Et
1176 4434 1246 4490 sicut
1257 4450 1288 4491 aa
1304 4452 1364 4508 quae
1377 4435 1411 4490 ad
1423 4451 1519 4508 pacem
1530 4435 1709 4492 suntJerusa·

64 4540 103 4582 ssu
115 4526 201 4583 etiam
215 4524 391 4593 clericorum,
406 4524 601 4582 aitanseuhmc
610 4524 757 4591 ipsavobis
767 4524 855 4597 gratis

64 4614 163 4671 amne
186 4613 330 4671 exactione
352 4613 395 4672 rel
417 4615 548 4688 pravitate
573 4613 703 4672 exhibere
724 4613 851 4671 voluerit.

63 4703 180 4777 ttuqmn
195 4719 388 4776 quemcunque
409 4704 557 4761 malueritis
580 4704 748 4762 Catholioum
767 4703 853 4760 adea·

63 4791 263 4861 transistitem,
287 4792 323 4848 ab
342 4793 449 4861 endem
475 4809 536 4866 qnae
549 4793 584 4849 ad
599 4793 754 4866 spiritualia
769 4792 852 4865 perti·

61 4891 127 4950 aeut,
161 4880 328 4954 suscepturi.
356 4880 529 4953 Sepulturem
553 4895 663 4955 quoquc
687 4881 771 4953 ipsius
799 4881 852 4938 loci

59 4967 167 5028 liberam
182 4969 245 5028 iore
257 4970 442 5038 decernimus,
458 4978 488 5026 nt
502 4970 630 5028 videlicet
643 4985 748 5038 eorum,
761 4971 808 5044 qni
822 4987 852 5027 sc

58 5056 104 5118 ite
122 5059 241 5133 sepeliri
258 5059 479 5127 deliberaverint,
505 5060 642 5117 devotioni
665 5074 699 5117 ac
717 5075 852 5132 supremas

58 5149 194 5214 manati,
209 5148 263 5204 nisi
279 5146 349 5204 sorte
363 5150 590 5206 excommunicati
606 5149 669 5216 sint,
692 5148 784 5204 nullus
798 5150 850 5205 ob·

58 5238 136 5308 sstat,
150 5238 233 5294 ulva
246 5237 376 5294 nimirum
387 5237 490 5308 justitia
503 5237 624 5295 matricis
639 5238 785 5294 Ecclesia.

83 5341 266 5400 Decernimns
281 5340 366 5413 igitur
380 5349 409 5397 ut
434 5341 502 5396 nulli
522 5342 635 5398 omnino
659 5341 801 5398 hominum
819 5341 852 5397 li-

909 4525 962 4582 lem
978 4539 1154 4596 summopere
1168 4521 1290 4580 stabilire
1304 4524 1445 4591 debemus,
1462 4524 1497 4581 ita
1521 4524 1708 4592 nihilomiuus,

909 4614 932 4670 si
961 4611 1070 4686 quando
1097 4612 1167 4667 inter
1201 4621 1392 4670 sacrosanctas
1424 4613 1563 4671 Ecclesiae
1598 4613 1711 4687 querela

907 4702 1062 4769 emerserit,
1091 4717 1126 4756 ne
1153 4700 1223 4758 forte
1252 4701 1278 4756 in
1307 4701 1442 4758 infinitum
1466 4701 1639 4768 extendatur,
1657 4701 1708 4758 scd

907 4792 997 4864 potius
1012 4790 1185 4864 conquiescat
1196 4807 1309 4847 necesse
1331 4799 1382 4857 est,
1399 4798 1427 4845 ut
1447 4807 1509 4847 eam
1524 4790 1620 4847 ordine
1631 4789 1707 4859 judi·

905 4881 991 4938 ciario
1015 4880 1140 4937 celeriter
1163 4881 1354 4936 terminemus.
1376 4881 1435 4936 lloc
1462 4877 1586 4950 proiecto
1609 4877 1708 4934 intuitu

906 4969 1088 5042 prosedendo
1102 4967 1251 5034 discordia,
1272 4984 1334 5040 ques
1349 4968 1493 5035 intervos,
1510 4974 1537 5023 et
1557 4967 1705 5024 canonicos

905 5059 934 5114 S.
954 5056 1090 5114 Vincentii
1106 5057 1226 5113 noscitur
1239 5056 1349 5129 agitata,
1367 5057 1432 5111 dnm
1454 5057 1518 5113 olim
1541 5056 1570 5112 in
1594 5056 1707 5130 longo·

906 5147 1010 5203 bardiae
1020 5146 1141 5217 partibus
1156 5162 1291 5213 essemus,
1307 5159 1370 5201 oum
1385 5146 1514 5202 iratribus
1535 5145 1637 5203 nostris
1652 5161 1707 5202 sae-

905 5236 965 5308 pius
980 5235 1175 5291 laboravimus.
1192 5237 1265 5290 inter
1284 5244 1382 5291 caetera
1407 5235 1552 5306 siqnidem,
1571 5252 1632 5306 qum
1653 5242 1708 5291 tam

906 5326 941 5381 de
950 5325 1103 5396 capellanis
1118 5324 1299 5380 ecclesiarum
1314 5326 1346 5379 S.
1365 5325 1528 5391 Salinatoris,
1541 5325 1569 5381 S.
1581 5326 1705 5397 agathae,

58 5441 118 5499 mat,
133 5429 369 5503 portionemligni
384 5429 502 5487 vivificae
514 5431 603 5489 erucis
626 5448 688 5503 qnae
710 5432 738 5486 in
753 5431 852 5488 eodem
908 5415 936 5470 S·
952 5412 1074 5477 ³⁰lf¹¹²l⁸2
1101 5413 1130 5468 S·
1155 5413 1254 5477 Glstlffl·
1269 5414 1297 5469 S·
1310 5414 1411 5486 vigilii,
1426 5423 1506 5486 ³¹i¹¹0
1522 5414 1556 5469 ‘¹⁰
1570 5412 1707 5483 1031111811·

58 5516 111 5579 ltao
123 5518 274 5578 madias
286 5534 349 5577 esse
359 5519 492 5586 ereditur,
519 5536 570 5592 pro
592 5521 673 5592 cnjus
689 5522 793 5577 honore
806 5538 851 5578 ue·
910 5514 953 5568 tiis
964 5511 1186 5578 criminosorum,
1209 5528 1290 5584 qnam
1311 5513 1393 5568 etiem
1416 5513 1451 5569 du
1475 5513 1661 5578 fidelitatibus,
1682 5517 1711 5566 at

61 5616 139 5667 maus
151 5607 317 5669 coenobmm
333 5609 435 5669 fadum
446 5615 501 5678 eat,
526 5608 626 5667 exinde
648 5625 786 5677 amovere,
814 5611 857 5668 vel
911 5608 1073 5684 quibusdam
1087 5607 1148 5665 aliis
1164 5617 1262 5667 vestrae
1283 5608 1416 5667 Ecclesiae
1437 5609 1576 5680 pertinere
1601 5604 1711 5662 lateba-
