3750 6000
58 236 105 287 303

648 232 823 287 El‘lSTOLAE
848 231 893 287 Et
913 232 1124 289 Ptttvnmut.

1664 234 1716 287 306

57 357 215 428 proximam
232 356 410 414 Pentecostes
424 357 623 414 solemnitatem
638 356 749 413 obedire
765 356 857 412 trater·
872 357 901 419 A
917 358 1054 430 episcopo,
1071 358 1094 413 si
1123 357 1233 430 quidem
1260 357 1377 427 gratiam
1394 363 1476 429 atquo
1492 356 1712 412 communionem

57 446 128 503 nitati
144 454 202 502 ture
218 447 427 519 contempserit,
444 447 604 502 sententiam
620 460 712 519 quam,
727 445 755 500 in
770 445 859 517 ipsum

57 535 249 590 rationabilem
279 535 478 608 promulgabis,
517 535 670 606 apostolica
689 535 859 602 auctoritate,

57 632 141 678 mmm
158 624 343 679 babebimus.
364 624 505 689 Pru-terea,
523 624 607 679 trater
623 623 812 687 dilectissime,
833 632 859 679 te

56 714 242 786 presentibus
259 713 357 768 litteris
381 713 510 767 duximus
538 712 778 776 commonendum,
795 727 860 781 rpua-

54 809 390 872 teauspersonanttuam
419 801 528 856 studeas
556 816 714 873 preparare,
737 808 765 855 ut
794 815 858 855 cum

54 891 179 946 nuntium
210 899 337 947 nostrum
353 891 505 961 acceperis,
521 891 551 944 li.
569 890 643 944 Petri
658 889 797 945 servitium
812 903 859 944 va·

54 980 105 1036 less
121 995 274 1036 exercere.
290 978 392 1035 Stolam
408 979 444 1034 ob
456 979 564 1051 insigne
580 977 734 1033 dilectionis
744 978 778 1033 de
788 975 859 1033 collo

54 1077 147 1124 nostru
163 1077 347 1138 assumptam,
364 1084 414 1138 per
430 1067 545 1124 dilectos
560 1065 629 1122 titios
646 1074 765 1136 nostros,
782 1067 814 1122 tt.
829 1074 859 1122 ut

55 1167 86 1221 G.
104 1166 188 1221 viros
207 1164 363 1221 industrios
377 1165 480 1237 tibique
509 1166 634 1230 devotos,
668 1164 791 1219 charitati
804 1170 858 1218 tuae

55 1254 277 1322 transmittimus,
306 1261 336 1309 ut
350 1253 478 1310 videlicet
495 1252 530 1309 ad
549 1254 685 1309 honorem
705 1252 755 1309 ilci
774 1259 801 1308 ct
821 1253 853 1307 ll.

56 1345 122 1399 l‘etri
139 1343 329 1400 reverentiam
353 1342 495 1416 nostrique
511 1342 682 1410 memoriam,
699 1357 733 1398 ca
747 1341 857 1397 assidue

56 1433 219 1503 perfruaris.

85 1522 158 1577 Data
176 1520 251 1577 Pisis
265 1535 314 1576 xrrr
329 1519 446 1577 Kalend.
462 1519 592 1577 Februar.

338 1646 580 1705 cctvt-cctvd.

57 1771 852 1845 PririlcqiumpromonurterioSanctiPctrillclliceasia.

297 1872 385 1935 (dano
400 1872 479 1936 1131,
494 1870 559 1924 lan.
579 1869 618 1938 3.)

175 1967 320 2040 inuasere,
336 1967 453 2022 Austris
464 1967 623 2030 illustrata,
645 1981 673 2036 p.
691 1965 730 2032 Β.)

82 2065 280 2120 laxocaxarus
295 2063 451 2135 episcopus,
472 2079 569 2118 servus
584 2078 727 2119 servorum
743 2062 803 2128 Dei,
819 2061 856 2118 di·

56 2152 119 2210 lecto
134 2153 193 2208 tilio
224 2153 438 2207 Haacrrrrvsarno
467 2151 561 2206 abbati
587 2151 747 2207 monasterii
762 2151 854 2207 Sancti

57 2242 120 2297 Petri
135 2242 173 2298 de
188 2242 312 2298 bledelilr
326 2242 441 2314 ejusque
468 2240 679 2297 successoribus
694 2238 855 2311 regulariter

57 2329 253 2385 substituendis
267 2329 294 2384 ia
309 2337 482 2400 perpetuum.

85 2425 259 2496 apostolicae
276 2424 350 2480 sedis
365 2425 419 2492 cui,
433 2423 581 2495 dipoaents
608 2423 734 2490 Domino,
758 2421 853 2494 prast-

59 2514 160 2578 tlemus,
177 2512 340 2570 auctoritate
355 2512 554 2583 compellimur,
564 2519 596 2565 ut
606 2511 772 2567 venerabilia
783 2510 853 2576 loca,

58 2603 209 2674 praesertim
227 2618 288 2672 quaa
302 2601 374 2657 beati
389 2601 461 2656 Petri
472 2601 544 2671 juris
559 2600 689 2666 existunt,
713 2608 794 2671 atque
807 2615 856 2671 per

59 2702 164 2749 unctas
178 2690 247 2746 inibi
276 2690 392 2746 Domine
423 2689 618 2745 lamiltaritates
646 2687 800 2759 diligamus,
829 2695 856 2743 et

59 2798 149 2838 eorurn
165 2779 252 2852 quieti
269 2789 295 2834 et
309 2778 415 2835 utilitati
429 2778 583 2845 salubriter,
609 2777 759 2833 auxiliante
786 2777 854 2843 Deo,

60 2870 203 2940 providere
225 2883 367 2924 caremus.
392 2867 476 2935 liujus
495 2868 586 2936 itaque
615 2864 724 2920 rationis
748 2864 855 2927 intuitu,

58 2958 149 3014 dilecte
164 2958 194 3012 ia
208 2955 327 3012 Domino
343 2955 379 3010 lili
395 2954 585 3012 llerchiulride
598 2954 696 3020 abbas,
706 2953 760 3008 tuis
776 2952 857 3008 ratio

62 3045 192 3103 rabilibus
231 3045 462 3116 postulationibus
483 3051 644 3110 annuentes,
684 3041 757 3098 beati
784 3040 855 3097 Petri

63 3145 264 3211 musterium,
280 3143 323 3199 cui
337 3143 430 3199 divina
445 3141 615 3213 providentia
629 3140 767 3212 praesides,
784 3140 857 3213 quod

63 3234 144 3306 atique
160 3233 278 3289 illustria
293 3232 335 3287 vir
357 3231 505 3302 luipoldus
528 3231 654 3286 marchio
668 3245 684 3285 a
699 3229 858 3301 parentibus

65 3322 111 3379 ruis
125 3322 153 3377 in
166 3321 297 3386 bledliclr,
313 3320 340 3376 iu
355 3320 484 3392 parocbia
496 3317 649 3376 l‘atuvicasi
660 3326 855 3383 constructum,

68 3419 88 3464 et
99 3412 149 3466 sub
163 3416 324 3483 patronatus
344 3409 386 3464 sui
401 3409 466 3478 J'urc
494 3422 666 3479 possessum,
686 3413 788 3463 sauctae
802 3405 856 3461 llo·

70 3514 148 3555 naam
162 3497 302 3556 Ecclesia
316 3497 423 3561 obtulit,
440 3497 499 3566 ejus
512 3495 624 3552 tuitione
644 3502 775 3567 perpetua
789 3509 856 3549 con·

70 3586 202 3643 lonearium
219 3587 255 3643 ad
270 3588 357 3642 instar
370 3585 608 3657 predecessorum
619 3592 774 3639 nostrorum
784 3597 856 3639 reco

70 3684 144 3742 ende
163 3685 306 3742 memoriae
334 3683 474 3740 Pascbalis
502 3691 528 3738 et
544 3681 642 3753 (latiali
671 3681 854 3738 llonranorum

68 3775 226 3843 pontificum.
238 3773 398 3846 apostolicae
408 3771 482 3828 sedis
491 3768 852 3843 privilegiucommunimus;

68 3869 202 3920 statuentes
228 3871 258 3919 ut
285 3876 461 3934 quascunque
479 3860 670 3932 possessiones
684 3873 854 3931 quecunque

67 3960 155 4029 pradia
168 3961 228 4016 sive
241 3958 373 4017 ecclesias
386 3973 448 4015 curu
467 3956 637 4014 decimarum
667 3953 853 4011 oblationibus

66 4049 173 4117 predicti
189 4047 332 4121 principes
351 4046 510 4117 luipoldus,
528 4054 553 4102 ct
569 4053 647 4117 pater
661 4043 720 4113 ejus
741 4041 852 4114 Luipol-

65 4134 112 4203 las,
126 4153 159 4194 ac
172 4136 267 4193 caeteri
282 4142 411 4208 parentes
424 4135 495 4206 ejus,
509 4150 558 4190 seu
574 4133 621 4189 alii
637 4129 731 4188 fideles
745 4131 852 4200 dejure

63 4225 265 4297 propinantem
281 4224 408 4282 cutnobio
427 4221 608 4290 contulerunt,
639 4219 739 4276 sivein
755 4228 853 4291 poste·

62 4336 111 4379 taur
141 4321 237 4379 ollerri
263 4320 421 4395 contigerit,
449 4319 498 4375 tibi
512 4319 617 4391 tuisque
645 4315 851 4374 successoribus

913 447 1167 517 apostolicaesedis
1188 445 1325 509 babuerit,
1361 445 1428 500 etsi
1450 461 1480 500 ca
1496 446 1580 515 gratis
1607 461 1638 501 ac
1653 446 1712 502 sinc

916 536 1049 607 pravitate
1068 535 1159 608 aliqua
1187 534 1304 590 volucrit
1320 533 1452 589 exhibere
1470 551 1476 598 ;
1493 533 1611 605 alioquin
1628 551 1709 605 quem

914 622 1062 679 malueritis
1074 623 1241 680 Catlrolicrrm
1252 621 1356 678 adeatis
1367 621 1572 693 antistitemqrri
1584 621 1711 676 nimirum

914 713 1070 783 apostolicru
1089 713 1162 768 sedis
1177 710 1259 767 lullus
1287 711 1456 777 auctoritate,
1473 711 1544 783 quod
1560 710 1712 781 postulatur

914 810 1063 882 indulgeat.
1080 810 1174 866 laicos
1184 826 1249 865 sane
1260 825 1307 866 seu
1322 809 1435 865 clericos
1450 810 1613 865 saecularem
1630 810 1711 865 vitam

913 909 1035 970 agentes,
1051 901 1154 971 absque
1169 898 1250 953 ullius
1265 898 1386 970 episcopi
1402 899 1443 954 rel
1453 899 1593 970 prepositi
1604 904 1712 954 contra·

913 988 1031 1043 dictione
1046 989 1080 1041 ad
1095 987 1303 1044 conversionem
1319 988 1488 1058 suscipiendi
1504 987 1641 1042 licentiam
1659 990 1710 1042 lra-

913 1076 1009 1132 beatis.
1029 1077 1202 1147 Sepulturam
1218 1091 1328 1148 quoque
1343 1075 1428 1147 ipsius
1443 1076 1495 1133 loci
1519 1076 1633 1131 liberam
1649 1092 1710 1131 orn·

913 1175 976 1230 nino
991 1191 1054 1230 csse
1071 1173 1254 1239 decernimus,
1276 1181 1305 1229 ut
1324 1173 1452 1230 videlicet
1471 1189 1566 1229 eorum
1585 1174 1631 1246 qui
1655 1173 1711 1228 illic

911 1263 1022 1335 sepeliri
1038 1262 1260 1329 desideraverint,
1277 1262 1416 1319 devotioni
1431 1270 1458 1318 et
1472 1273 1599 1318 extremae
1615 1263 1711 1317 volun-

911 1353 958 1409 tati
974 1352 1025 1407 nisi
1040 1351 1110 1408 lecte
1124 1351 1352 1409 excommunicati
1366 1352 1430 1418 sint,
1461 1351 1550 1406 nullus
1577 1350 1705 1405 obsistat.

911 1443 1067 1498 advocatus
1081 1450 1173 1497 autem
1191 1441 1318 1513 ejusdem
1338 1440 1391 1497 loci
1423 1440 1572 1512 luipoldus
1586 1439 1708 1497 marchio

911 1549 1032 1607 maneat,
1071 1539 1114 1596 rel
1128 1539 1188 1610 ejus
1214 1541 1313 1607 boercs,
1334 1538 1489 1611 quicunque
1512 1538 1539 1593 ia
1568 1545 1707 1609 posterum

911 1628 1224 1685 marchiamobtinuerit.
1239 1630 1432 1683 Verumtamen
1443 1643 1531 1700 neque
1543 1626 1607 1693 illis,
1619 1643 1708 1697 neque

868 1711 895 1775 B
910 1718 990 1773 alicui
1005 1733 1116 1789 prorsus
1131 1717 1270 1772 bominum
1285 1717 1365 1773 liceat
1389 1717 1416 1772 iu
1431 1717 1527 1774 eodem
1542 1715 1709 1771 monasterio

909 1807 953 1863 vel
968 1808 994 1861 in
1015 1806 1093 1862 bonis
1112 1808 1169 1874 ejus
1184 1806 1334 1878 quidquam
1358 1806 1405 1861 tibi
1436 1813 1539 1862 temere
1557 1805 1707 1873 vindicare,

909 1903 956 1951 aut
969 1896 1030 1968 ejus
1045 1894 1234 1967 possessiones
1249 1893 1369 1964 auterre,
1390 1894 1433 1951 vel
1452 1895 1557 1950 ablatas
1580 1894 1707 1961 retinere,

909 1984 1042 2053 minuere,
1062 1991 1105 2038 aut
1121 1981 1257 2055 aliquibus
1277 1983 1477 2049 vexationibus,
1507 1983 1633 2056 fatigare,
1659 1983 1708 2039 sed

910 2081 1075 2153 omniaque
1090 2079 1324 2151 inpresentiarum
1353 2080 1426 2136 idem
1454 2080 1609 2136 coenobium
1631 2079 1709 2152 juste

910 2178 935 2227 et
949 2170 1070 2243 legitime
1085 2169 1267 2240 possidet,aut
1283 2168 1310 2223 in
1325 2168 1444 2224 laturum
1455 2168 1632 2225 concessione
1645 2183 1709 2238 pon·

910 2259 1021 2323 tisrcum,
1039 2257 1183 2330 largitione
1203 2273 1298 2329 regum
1318 2257 1361 2312 vel
1381 2257 1546 2329 principum,
1568 2255 1707 2312 oblatione

909 2347 1039 2413 fidelium,
1061 2363 1108 2402 seu
1137 2347 1199 2401 aliis
1224 2345 1307 2417 justis
1335 2345 1433 2413 modis,
1463 2346 1610 2401 auxiliante
1639 2345 1708 2412 Deo,

908 2445 1008 2519 poterit
1035 2444 1158 2516 adipisci,
1198 2443 1302 2516 integra
1331 2451 1357 2499 et
1384 2443 1485 2498 illibata
1509 2450 1709 2500 conserventur

909 2550 1015 2601 eorum,
1032 2549 1082 2605 pro
1097 2547 1212 2604 quorum
1227 2532 1426 2588 sustentatione
1450 2540 1477 2587 et
1504 2531 1707 2604 gubernatione
1810 2585 1813 2589 .

909 2636 1042 2681 concessa
1055 2629 1126 2688 sunt,
1143 2619 1237 2675 usibus
1252 2620 1415 2675 omnimodis
1429 2619 1578 2691 prolatura.
1608 2619 1648 2674 dd
1661 2619 1708 2673 in-

909 2711 1010 2767 dicium
1030 2718 1120 2766 autern
1135 2717 1269 2780 perceptae
1295 2708 1412 2778 hujusa
1435 2708 1559 2765 llomana
1586 2705 1708 2763 Ecclesia

909 2800 1050 2868 libertatis,
1077 2798 1156 2855 nobis
1184 2797 1337 2868 nostrisque
1361 2796 1568 2853 successoribus
1595 2811 1706 2852 aureum

910 2905 993 2944 unum
1007 2888 1086 2943 annis
1111 2886 1230 2960 singulis
1244 2885 1419 2958 persolvetis.
1440 2886 1541 2958 Siqua
1569 2885 1652 2957 igitur
1681 2884 1708 2939 in

910 2995 1052 3059 posterum
1081 2984 1264 3042 ecclesiastica
1288 2983 1462 3040 saecularisve
1482 3000 1609 3055 persona,
1639 2983 1709 3038 banc

871 3068 896 3133 C
912 3085 1012 3132 nostrae
1027 3073 1227 3131 constitutionis
1255 3072 1382 3145 paginam
1412 3073 1513 3140 sciens,
1529 3080 1628 3130 contra
1644 3085 1707 3127 eam

912 3173 1014 3221 temere
1028 3162 1122 3219 venire
1137 3161 1279 3217 tentaverit
1295 3178 1303 3224 ;
1320 3161 1342 3216 si
1356 3161 1475 3216 secundo
1496 3162 1612 3218 tertiove
1628 3176 1708 3217 corn-

910 3253 1026 3316 monita,
1057 3260 1158 3307 reatum
1184 3265 1261 3305 suurn
1290 3264 1411 3319 congrua
1437 3248 1624 3305 satisfactione
1653 3267 1708 3308 non

910 3340 1109 3407 emendaverit,
1140 3339 1281 3410 potcstatis
1308 3336 1476 3409 honorisque
1503 3337 1544 3392 sui
1575 3337 1709 3409 dignitate

910 3437 1013 3493 car-ent,
1029 3443 1160 3499 reamque
1188 3443 1218 3483 se
1233 3426 1325 3482 divino
1338 3425 1440 3495 judicio
1455 3425 1571 3482 existere
1592 3427 1627 3482 de
1642 3445 1707 3500 per-

910 3524 1016 3589 petrata
1030 3516 1168 3588 iniquitate
1182 3522 1340 3588 cognoscat,
1360 3523 1387 3570 et
1401 3530 1416 3569 a
1431 3513 1617 3572 sacratissimo
1641 3531 1707 3573 cor·

908 3629 974 3684 pore
989 3629 1021 3669 ac
1036 3613 1169 3685 sanguine
1187 3612 1238 3667 Dei
1253 3621 1279 3668 et
1294 3611 1402 3668 Domini
1417 3611 1605 3683 Redemptoris
1619 3613 1707 3669 nostri

908 3703 972 3758 Jesu
987 3701 1086 3758 Christi
1107 3701 1197 3756 aliena
1217 3699 1273 3765 liat,
1289 3708 1372 3772 atque
1385 3700 1414 3754 in
1429 3709 1552 3756 extremo
1581 3702 1705 3758 examine

908 3791 1037 3847 districtae
1066 3788 1162 3845 ultioni
1176 3789 1326 3857 subjaceat.
1359 3788 1468 3845 Cunctis
1496 3797 1588 3847 autem
1616 3791 1705 3847 eidem

908 3888 968 3946 loco
980 3890 1041 3958 jura
1054 3903 1104 3943 sua
1118 3886 1289 3942 servantibus
1303 3886 1339 3940 sit
1350 3901 1405 3957 pax
1416 3887 1524 3942 Domini
1542 3887 1630 3943 nostri
1640 3890 1705 3945 Jesu

907 3978 1019 4045 Christi,
1046 3983 1180 4049 quatenus
1208 3981 1233 4031 et
1263 3974 1308 4031 bic
1336 3974 1453 4030 tructam
1483 3975 1562 4032 bonae
1588 3977 1703 4033 actionis

906 4065 1072 4138 percipiant,
1099 4071 1127 4121 et
1152 4063 1225 4135 apud
1252 4062 1405 4119 districtum
1442 4062 1562 4131 iudicem
1592 4065 1702 4136 premia

906 4162 1016 4212 aeteruae
1030 4152 1107 4226 pacis
1122 4151 1272 4208 inveniant.
1288 4152 1385 4216 amen,
1400 4165 1490 4219 amca,
1504 4167 1593 4207 amen.

942 4253 1041 4308 Datum
1057 4250 1126 4306 Pisis
1154 4265 1202 4322 per
1215 4264 1325 4304 manum
1352 4247 1499 4303 llunnerici
1527 4256 1628 4305 sancte
1642 4249 1700 4305 lto-

905 4356 994 4397 manue
1010 4339 1144 4397 Ecclesiae
1168 4338 1276 4395 diaconi
1301 4345 1329 4394 et
1354 4334 1518 4403 cancellarii,
1550 4353 1578 4392 ra
1606 4338 1700 4394 Nonas

62 4412 195 4481 mm
208 4405 848 4483 ¹⁰fflmp⁸ssi⁰²¹⁰b⁰s⁸¹¹¹⁰⁸·obeun‘evewoe
862 4416 888 4478 D
903 4430 1039 4492 tannarii,
1055 4427 1148 4484 indict.
1165 4444 1219 4495 arv,
1241 4426 1437 4484 lucamationis
1451 4425 1600 4482 Dominicis
1627 4441 1700 4483 anno

60 4513 123 4558 naas
136 4500 197 4570 sjrrs
213 4499 267 4556 loci
279 4499 389 4563 abbate,
408 4497 574 4554 veltuorum
593 4494 714 4568 quolibet
734 4508 848 4550 succes-

60 4603 152 4655 sorum,
167 4587 263 4644 nullus
277 4587 324 4642 tibi
338 4585 461 4660 qualibet
487 4582 671 4656 subreptionis
688 4582 787 4638 astutia
800 4597 849 4639 seu

58 4674 453 4749 mammaemammal
482 4690 565 4746 quem
583 4674 682 4729 iratres
709 4670 849 4728 communi

56 4779 199 4831 mseusu,
210 4765 254 4820 val
263 4763 376 4820 imtrum
383 4762 558 4835 parscoasilii
565 4760 691 4824 sanioris.
700 4760 850 4817 secuudum

55 4862 98 4920 oet
111 4865 244 4921 timorem
253 4870 280 4917 et
289 4861 365 4917 licati
378 4860 515 4916 llenerlioti
525 4857 669 4932 Regulam,
679 4857 850 4930 providerint

52 4960 220 5035 eligendam.
235 4959 346 5013 Electus
364 4963 454 5014 autem
471 4957 506 5012 ad
522 4956 678 5012 Romanum
692 4954 848 5026 pontilicem

51 5052 133 5106 renim
145 5047 364 5105 consecrandus,
379 5047 464 5103 Porro
478 5043 748 5101 circummanentium
762 5043 848 5099 abba-

48 5147 99 5196 tam
113 5134 361 5207 subirejudicium
376 5151 430 5192 noa
444 5133 592 5205 cogamini,
601 5132 729 5191 aisilorte
742 5131 849 5189 illorum

47 5238 89 5311 qui
102 5237 142 5294 ad
154 5237 203 5308 jus
218 5241 245 5290 ct
260 5232 455 5306 proprietatem
464 5230 539 5287 sedis
549 5230 704 5303 apostolice
715 5230 851 5302 pertinent

45 5342 102 5384 curn
116 5322 318 5383 ecclesiastice
332 5319 505 5379 necessitatis
515 5334 598 5376 causa
612 5318 747 5390 exegerit.
764 5317 847 5374 Cbri·

45 5431 113 5485 ana,
146 5413 241 5471 eleum
257 5418 397 5478 sanctum,
419 5408 642 5466 consecrationes
661 5406 786 5462 altarium
802 5423 850 5462 seu

46 5512 235 5579 basilicarum,
244 5508 432 5566 ordinationes
441 5507 635 5564 monachorum
647 5503 692 5577 qui
707 5502 742 5559 ad
757 5519 851 5561 sacros

46 5603 159 5663 adnm
172 5598 278 5659 merim
289 5595 483 5675 promovendi,
504 5609 520 5651 a
541 5591 695 5652 Patariensi
710 5591 851 5666 accipietis

903 4521 983 4584 1136,
998 4516 1171 4591 pontificatus
1182 4514 1274 4572 domni
1283 4515 1432 4573 lnuocentii
1441 4516 1465 4569 11
1480 4531 1640 4588 papaeanno
1650 4532 1697 4573 ιιι.

1229 4611 1369 4669 CCLlllll.

902 4715 1173 4784 Agactemmxcrem
1180 4708 1318 4782 quondum
1327 4709 1458 4782 leopoldi
1475 4710 1699 4776 meretricalem

918 4793 1062 4863 filiuseius
1076 4792 1110 4847 de
1121 4790 1529 4862 leopoldimortscoasolatur.
1553 4790 1698 4846 decoctos

919 4874 1090 4929 llcllicerrscs
1100 4871 1290 4927 commedat.
1303 4871 1365 4927 lices
1376 4868 1455 4924 addit
1474 4883 1480 4921 :
1499 4890 1509 4914 r
1523 4869 1614 4925 laetu
1622 4871 1698 4939 peti-

919 4956 1009 5009 tiones
1024 4957 1134 5008 osrtros
1157 4950 1355 5006 clmrissimum
1376 4948 1469 5015 filium
1498 4949 1697 5020 imperatorem

918 5034 1098 5093 Lotlmrium.
1113 5048 1176 5088 curn
1194 5033 1285 5101 ipsum
1311 5044 1361 5084 rios
1378 5029 1471 5083 ridere
1487 5029 1651 5096 contigerit,
1667 5034 1703 5086 ut

923 5116 1044 5170 uestram
1053 5110 1278 5182 rolrisjustitram
1293 5111 1446 5175 conservet,
1459 5108 1579 5164 libenter
1590 5114 1618 5164 et
1627 5114 1657 5181 at
1668 5128 1700 5166 c-

921 5198 1016 5251 ctuorc
1027 5192 1197 5263 rogabimus.
1215 5214 1227 5239 a

1140 5318 1232 5385 (Anao
1249 5318 1327 5382 11³7,
1345 5316 1405 5370 Jan.
1422 5314 1463 5386 8.)

906 5416 1047 5489 {Frscrram
1065 5414 1190 5471 llcrclnm
1202 5411 1324 5471 Sebict'rs.
1349 5431 1375 5470 v.
1398 5414 1651 5484 lr'tostcraealrrurg
1666 5414 1700 5480 ll,

1025 5495 1240 5564 temeramus,
1260 5493 1361 5550 Circa.
1383 5494 1495 5562 Melite,
1512 5492 1580 5566 'llll
