3750 6000
96 178 112 189 ’
167 196 220 276 sss
636 216 820 275 unimur
837 213 1164 273 nemausensis
1181 212 1351 272 uontcar.
1765 211 1817 268 ese

166 343 239 417 lippe
263 351 426 413 serrantur;
453 358 515 400 curn
533 358 599 400 rere
620 359 655 399 ex
676 343 767 415 aliquo
788 343 860 400 inter
879 338 1046 414 exemplaria
1068 341 1192 413 superius
1215 348 1364 398 memorata
1386 337 1546 412 transumpti
1560 337 1694 405 mdenmr,
1710 352 1817 395 necess

167 431 222 472 nen
237 414 323 470 risum
339 426 381 472 est
394 416 457 470 illos
472 414 609 486 prioribus
622 429 810 470 annumerare.

203 485 271 544 Sunt
285 486 355 543 sorte
370 485 470 557 quibus
486 501 606 556 presens
619 486 701 542 editio
715 486 799 542 nimie
813 491 938 542 netarum
953 501 1036 543 onere
1050 498 1142 558 pressa
1156 482 1310 547 videbitur:
1340 481 1430 538 sedin
1453 480 1613 538 memoriam
1636 479 1817 536 revocandum

166 565 215 625 est,
230 558 303 627 quod
319 557 461 629 peculiaris
476 557 721 613 llalmesburiensis
734 557 861 612 Historias
875 571 982 628 scopus,
996 556 1025 614 in
1040 556 1132 613 meltis
1144 555 1218 623 locis,
1243 553 1380 625 quoddam
1404 551 1627 609 commentarium
1644 551 1687 607 vel
1701 553 1816 607 adnota-

166 629 266 683 tionem
280 628 316 682 ad
331 635 434 683 textum
450 627 603 684 necessarie
618 629 747 698 requirit;
768 627 878 698 fereque
906 627 972 684 nihil
987 637 1076 687 aetum
1091 626 1216 697 estquod
1232 641 1286 682 non
1312 633 1360 680 eut
1371 625 1488 681 aucuns
1515 623 1676 680 sennonem
1691 622 1815 692 elucidet,

166 706 212 755 aut
227 698 355 754 lectorem
370 715 386 754 a
399 699 478 771 gravi
494 698 585 754 labore
599 701 709 765 eximet,
730 714 816 770 opera
834 698 987 780 requirendi
1002 716 1062 770 quar
1077 714 1131 754 non
1145 713 1253 769 semper
1269 696 1303 753 ad
1317 711 1426 751 manum
1440 701 1513 751 sunt.
1532 694 1649 764 Semper
1660 700 1690 749 et
1707 693 1816 764 ubique,

165 770 346 895 assentimus,
362 785 422 896 qnge
432 769 587 894 afferuntur
600 771 633 826 iis
646 777 717 826 stam
730 778 896 843 argumentis
924 785 985 842 qun
998 771 1042 828 rel
1062 786 1078 827 e
1098 767 1333 840 contemporaneis
1353 767 1483 834 leuchus,
1498 765 1542 822 vel
1561 781 1577 821 e
1595 764 1684 837 magis
1700 764 1818 821 accessi-

186 848 383 896 rtauctorrtate
417 848 527 895 suunt.

202 911 321 966 Praevius
335 914 383 967 has
395 912 581 968 adnotationes
594 912 720 969 claudere
735 912 826 982 nequit
840 912 943 982 Editor,
959 911 1023 983 quin
1037 911 1143 968 debitas
1177 918 1246 965 rates
1260 910 1360 965 reserat
1373 908 1476 975 amicis,
1489 921 1603 978 qnorum
1616 921 1669 978 ope
1686 905 1752 962 dum
1768 907 1818 963 hoc

167 996 236 1051 opus
250 983 326 1052 prelo
339 982 532 1065 subjiciebatur
546 983 654 1053 adjutus
667 990 729 1052 est;
744 985 790 1039 sed
805 985 958 1056 presertim
979 983 1017 1038 sir
1043 982 1135 1038 llerris
1188 982 1280 1046 ieolas,
1296 982 1330 1038 G.
1346 982 1376 1037 C.
1393 983 1429 1036 ll.
1445 980 1492 1044 G..
1518 985 1545 1034 et
1570 978 1669 1034 loanni
1694 978 1816 1044 llolmes,

166 1067 224 1177 esa.
249 1053 505 1110 ununnicrttusei.
529 1054 640 1110 Tbemae
655 1054 785 1126 Philipps,
814 1056 888 1110 liert.
914 1070 968 1110 non
997 1054 1114 1110 Editoris
1140 1061 1243 1108 unum
1291 1060 1361 1107 rates
1387 1050 1498 1122 speciali
1527 1049 1609 1104 mede
1630 1048 1815 1114 srrntdebitas,

166 1139 195 1178 sa
242 1130 269 1179 et
296 1127 337 1178 An
359 1123 401 1180 lies
428 1125 568 1181 llistericae
595 1125 743 1188 societatis,
762 1141 795 1181 ee
826 1126 897 1196 qued
926 1126 1017 1208 plures
1036 1124 1147 1181 maximi
1167 1124 1244 1196 pretii
1299 1121 1518 1178 almesburiensis
1533 1136 1600 1175 mss.
1619 1119 1816 1192 benignissime

167 1194 282 1263 Editori,
301 1141 452 1251 cofiatieuis
470 1211 559 1260 eausa,
578 1196 804 1252 commodaverit.
828 1199 885 1253 Nec
900 1204 981 1252 enam
999 1212 1093 1268 aequus
1106 1208 1180 1250 esset
1198 1194 1292 1250 Editor
1318 1210 1385 1266 erga
1411 1192 1566 1249 Samuelem
1582 1190 1703 1262 bentley,
1722 1191 1744 1244 si
1766 1208 1814 1258 pu·

166 1264 238 1321 blice
252 1280 306 1322 non
321 1275 479 1338 agnosceret
492 1275 621 1338 quantum
637 1267 698 1323 huic
712 1268 788 1349 operi
801 1267 973 1324 inservierint
1015 1267 1094 1324 aritia
1107 1274 1134 1322 et
1148 1265 1289 1321 assiduitas
1340 1281 1365 1321 ee
1380 1264 1408 1319 in
1423 1262 1620 1337 typographica
1634 1261 1695 1332 ejus
1708 1261 1817 1319 officina

166 1335 260 1408 vigent
270 1350 277 1398 ;
288 1336 316 1418 ‚ii
331 1337 391 1401 seli,
406 1336 503 1408 quibus
517 1337 651 1408 ejusmodi
666 1353 756 1408 operis
768 1339 843 1410 prelo
857 1285 1020 1410 subjiciendi
1042 1354 1111 1395 onus
1138 1336 1270 1406 incubuit,
1286 1352 1302 1392 a
1321 1342 1427 1407 aequate
1440 1334 1594 1391 existimare
1609 1340 1710 1404 queunt
1723 1348 1814 1404 quan-

167 1414 223 1462 tum
238 1407 339 1463 utilitas
351 1409 514 1480 typographi
528 1409 676 1481 vigilantiae
689 1416 718 1464 et
730 1410 870 1481 sagacitati
884 1410 984 1466 debere
999 1410 1083 1483 pessit
1096 1408 1195 1465 editor.

202 1477 250 1533 llis
265 1478 497 1535 observationibus
509 1478 590 1535 finem
614 1481 651 1534 im
691 1495 755 1535 nere
769 1481 862 1550 nequit
888 1481 985 1546 editor,
1014 1481 1095 1536 tacito
1125 1479 1215 1535 fratris
1241 1479 1292 1544 sui,
1312 1476 1444 1533 willelmi
1463 1477 1564 1548 llardy,
1584 1473 1705 1539 nomine,
1725 1488 1742 1528 a
1763 1490 1818 1545 quo

166 1556 332 1604 constantem
348 1550 546 1621 pretiosamque
559 1551 586 1605 in
600 1567 650 1606 eon
664 1552 770 1606 erendis
795 1551 995 1623 manuscriptis,
1023 1551 1183 1621 mendisque
1211 1548 1380 1621 corrigendis
1394 1564 1474 1618 opem
1488 1545 1604 1631 recepit.
1623 1543 1739 1614 Quodsi
1754 1551 1815 1601 tan-

168 1625 226 1674 tum
254 1619 386 1676 auxilium
402 1622 493 1676 manui
519 1621 615 1680 atiena
643 1622 755 1679 referret
782 1630 932 1695 acceptum,
949 1623 993 1681 hie
1017 1639 1066 1696 pre
1089 1630 1162 1678 certe
1178 1629 1232 1677 tem
1259 1620 1455 1692 inadequatam
1475 1620 1643 1693 agnitionem
1669 1617 1736 1672 setis
1764 1632 1819 1673 non

166 1690 311 1747 habuisset.

1035 1765 1139 1822 Recmd
1154 1763 1246 1838 office,
1264 1764 1365 1830 lower,
1380 1761 1444 1819 liaii
1457 1766 1503 1832 22,
1519 1763 1598 1819 1811.

381 2102 460 2186 ‘²⁰'
497 2114 945 2269 EPtSTOLA
999 2111 1483 2301 AUCTORIS,

399 2397 696 2503 ROBERTO
735 2396 1005 2504 CONSULI
1044 2395 1573 2521 GLOECESTRENSL

670 2642 902 2736 eruerer
937 2642 1102 2738 neers
1137 2641 1304 2758 arere,

915 2871 1070 2937 ulcere

203 3160 320 3220 Dommo
334 3165 481 3223 venerabili
495 3166 636 3224 etiamose
650 3168 807 3241 comitilti)
819 3168 963 3238 Resanro,
980 3166 1115 3231 Alitteris
1142 3167 1249 3224 insistis.
1265 3167 1337 3238 Quid
1357 3166 1430 3240 qnod
1449 3167 1529 3225 etiam
1544 3165 1637 3224 nobba
1656 3173 1701 3223 tas
1719 3165 1819 3240 digna·

167 3247 223 3306 lilio
235 3252 317 3326 regis,
332 3254 507 3313 Wrnnsnaus
535 3257 730 3314 llelniesburiae
752 3260 901 3314 monachus
919 3274 966 3314 sa-
1019 3259 1056 3314 ris
1076 3259 1215 3323 litteratos,
1237 3273 1307 3330 quos
1326 3256 1369 3312 vel
1398 3256 1500 3312 invidia
1527 3255 1607 3311 ieme
1633 3255 1677 3312 vel
1704 3255 1822 3313 benitas

168 3338 245 3405 letes,
262 3349 297 3408 et,
314 3341 336 3396 si
349 3358 416 3413 quas
430 3345 511 3412 valet,
527 3346 671 3402 crationes.
1019 3345 1134 3403 fortuna
1163 3347 1226 3403 lecit
1243 3347 1382 3403 obscuros.
1403 3346 1473 3415 Quia
1491 3345 1564 3401 enim
1583 3352 1679 3401 namra
1696 3344 1821 3418 indulget

206 3428 293 3483 Virtus
306 3432 437 3487 clarorum
461 3431 581 3488 virerum
609 3435 675 3490 illud
696 3435 740 3492 vel
756 3435 874 3491 maxime
904 3435 965 3491 lau·
1020 3436 1082 3502 sibi,
1106 3436 1179 3507 quod
1195 3436 1255 3506 quis
1279 3434 1377 3506 prebat
1391 3435 1420 3489 iu
1437 3451 1467 3490 se
1485 3435 1544 3505 ipso
1563 3448 1617 3491 non
1635 3433 1774 3505 improbet
1791 3433 1820 3488 in

168 3514 286 3571 dandum
302 3517 328 3572 in
353 3534 383 3573 se
397 3521 576 3587 commendat,
600 3521 767 3591 quodetiam
795 3523 877 3596 lenge
890 3523 967 3596 posi·
1019 3524 1116 3593 altere,
1139 3531 1335 3581 consentaneos
1365 3523 1448 3596 igitur
1465 3522 1517 3577 sibi
1540 3537 1630 3578 mores
1647 3521 1823 3594 experiuntur

169 3611 255 3659 terum
269 3606 374 3662 animos
389 3609 424 3663 ad
438 3625 468 3665 se
482 3608 649 3683 diligendum
665 3611 778 3681 invitat;
794 3612 866 3668 unde
893 3612 966 3668 inie-
1020 3613 1047 3669 in
1063 3622 1088 3669 te
1108 3612 1226 3680 litterati,
1246 3628 1314 3683 quos
1332 3611 1398 3668 eitra
1416 3611 1579 3667 intellectum
1599 3610 1680 3665 ullius
1697 3610 1820 3667 serime-

168 3691 254 3747 riores
269 3695 439 3763 superiorum
455 3697 567 3754 virtutes
583 3698 684 3754 iaciunt
702 3714 775 3768 suas,
792 3700 855 3755 dum
871 3715 965 3755 earnem
1021 3702 1073 3759 niae
1093 3703 1227 3775 benignus
1250 3701 1359 3774 aspicis,
1375 3700 1510 3769 jocundus
1524 3699 1645 3755 admittis
1661 3701 1729 3770 (23),
1750 3697 1822 3757 iovi·

170 3780 285 3837 ederant
307 3785 430 3858 vestigia,
458 3787 492 3842 ad
520 3804 634 3858 quarum
660 3790 780 3861 aspirare
794 3805 847 3845 nen
877 3789 968 3845 valent
1022 3798 1063 3846 tus
1072 3790 1198 3846 dimittis.
1212 3791 1287 3846 Nihil
1301 3790 1382 3861 plane
1402 3789 1429 3843 in
1449 3796 1474 3843 te
1492 3788 1605 3844 mutavit
1625 3786 1741 3844 lertunae
1759 3803 1822 3843 arn·

169 3871 306 3942 exempla.
327 3873 410 3930 Porro
424 3882 509 3932 totum
532 3877 567 3932 ad
581 3878 713 3949 majerum
740 3877 877 3935 redundat
903 3879 966 3951 glo·
1020 3879 1135 3951 plitudo,
1171 3879 1221 3935 nisi
1250 3887 1279 3935 ut
1302 3894 1372 3948 pene
1399 3884 1502 3933 tantum
1527 3875 1689 3932 benefacere
1727 3892 1822 3948 posses

169 3957 248 4026 nam,
264 3960 336 4030 quod
364 3962 416 4033 ipsi
431 3971 458 4020 et
484 3965 583 4021 bonum
613 3966 724 4032 sacient,
748 3974 774 4022 et
789 3967 906 4022 minores
932 3965 967 4022 ad
1021 3976 1149 4039 quantum
1169 3967 1267 4024 velles.
1290 3967 1404 4038 suscipe
1424 3980 1501 4037 ergo,
1525 3965 1644 4020 virorum
1663 3965 1820 4033 alerissi-e,

168 4062 198 4103 se
211 4050 356 4106 amandum
371 4054 530 4110 accendunt.
557 4055 679 4109 Vestrum
693 4064 732 4111 est
745 4054 835 4127 igitur,
847 4071 864 4110 o
874 4054 965 4120 duces,
1021 4071 1100 4128 opus,
1116 4057 1143 4111 in
1163 4072 1217 4126 quo
1237 4063 1263 4112 te
1275 4054 1351 4126 quasi
1367 4069 1400 4110 ex
1415 4052 1524 4125 speculo
1539 4052 1650 4123 videas;
1667 4053 1731 4108 dnm
1742 4053 1823 4110 intel-

169 4135 191 4190 si
206 4136 345 4206 quidboni
360 4138 491 4210 lacimus;
507 4149 625 4198 vestrum
645 4142 766 4212 prolecto
793 4141 894 4214 siquid
921 4141 967 4198 di·
1022 4144 1089 4218 liget
1123 4152 1177 4201 tuae
1213 4144 1344 4200 serenitas
1379 4156 1504 4198 ascusus
1528 4148 1592 4198 ante
1611 4149 1636 4199 te
1654 4157 1821 4199 summorum

170 4241 254 4296 gnum
274 4227 406 4284 memoria
436 4230 601 4300 scribimus3
622 4241 711 4286 vestra
730 4229 862 4286 industria
890 4230 969 4288 nobis
1021 4250 1163 4306 procerum
1191 4233 1324 4289 imitatum
1349 4232 1422 4288 iacta
1448 4246 1530 4302 quarn
1555 4230 1663 4286 audires
1698 4231 1819 4286 nomina.

170 4322 209 4368 est
224 4313 397 4372 incitamento
412 4325 450 4382 ut.
471 4319 534 4387 quia
557 4319 676 4390 pericula
690 4326 778 4375 vetra
792 4319 852 4391 paci
871 4327 969 4375 nesure
1022 4323 1220 4378 continentiam
1240 4329 1329 4377 antem
1347 4321 1404 4392 (at)
1423 4319 1514 4392 operis
1541 4318 1670 4391 prologus
1687 4318 1766 4389 prinu
1785 4319 1821 4373 li·

169 4400 333 4473 impenditis,
352 4419 402 4460 ves
423 4406 540 4462 vicissim
569 4422 618 4479 per
638 4407 745 4463 labores
771 4416 876 4464 nostros
893 4408 966 4463 omni
1021 4411 1062 4466 bri
1082 4411 1211 4483 exponit;
1233 4426 1313 4482 quem
1333 4410 1356 4464 si
1384 4408 1515 4479 placuerit
1541 4408 1641 4479 legere,
1679 4407 1821 4464 materiam

169 4505 228 4546 teve
244 4491 434 4549 inclarescatis.
452 4493 518 4551 lline
532 4502 572 4550 est
586 4496 658 4567 quod
673 4495 755 4552 Gesta
782 4512 876 4569 regum
908 4499 1007 4579 itu-B
1022 4507 1106 4557 totam
1133 4499 1234 4572 poteris
1254 4499 1288 4554 de
1311 4497 1472 4568 compendio
1491 4495 1629 4569 colligere.
1650 4495 1719 4552 lllud
1738 4512 1755 4552 a
1772 4512 1822 4552 ve·

170 4579 287 4651 giorum,
303 4596 364 4650 quae
397 4598 482 4653 nuper
507 4583 590 4652 edidi,
611 4583 689 4639 vebis
720 4583 889 4656 potissimum
908 4585 966 4655 til)
1021 4599 1076 4647 stra
1089 4588 1223 4660 dignitate
1242 4587 1413 4657 impetratum
1428 4585 1521 4652 velim,
1534 4591 1563 4639 ut
1576 4599 1631 4640 non
1650 4583 1716 4640 mibi
1735 4592 1822 4640 verta·

170 4670 351 4725 consecranda
368 4670 481 4739 credidi,
496 4671 605 4727 domine
620 4672 729 4741 Cernes,
752 4673 915 4729 venerabilis
941 4682 968 4728 et
1022 4687 1064 4736 rur
1078 4678 1143 4734 vitio
1158 4676 1231 4747 qued
1254 4690 1326 4747 sape
1355 4691 1404 4746 per
1428 4689 1565 4729 excessum
1593 4672 1660 4729 alias
1686 4688 1769 4744 mam
1795 4673 1822 4728 in

168 4756 265 4812 merito
279 4757 415 4813 amabilis.
430 4759 538 4817 Nullum
571 4760 642 4817 enirn
676 4761 765 4836 magis
783 4761 861 4817 decet
878 4761 968 4818 bona·
1022 4767 1078 4838 (25)
1098 4765 1196 4839 anglia
1225 4762 1410 4836 peregrinatur
1428 4761 1564 4830 narratin;
1584 4760 1646 4817 velo
1668 4759 1742 4816 enirn
1769 4762 1822 4817 hoc

169 4860 229 4899 rum
260 4847 356 4901 aruum
395 4846 525 4904 fautorem
552 4864 610 4906 esse
638 4865 717 4921 quam
738 4858 773 4920 te,
794 4851 837 4906 cui
856 4850 969 4907 adhaesit
1021 4853 1316 4927 epusessemultarnnr
1330 4850 1501 4908 historiarum
1524 4848 1701 4915 breviarium,
1721 4865 1820 4920 queue

169 4935 379 5008 magnanimitas
406 4936 460 5005 avi,
490 4937 672 4994 munificentia
701 4939 799 5009 patrui,
826 4939 969 5012 prudentia
1021 4946 1063 5001 vis
1076 4961 1092 5001 e
1106 4943 1203 5014 uriajori
1217 4949 1293 5015 pane
1310 4940 1463 4999 vocaverim
1488 4939 1571 4995 Gesta
1596 4953 1692 5012 regem
1715 4938 1821 5011 engle-

169 5024 269 5093 patris;
290 5040 428 5096 quoscum
447 5027 560 5082 emulus
575 5026 712 5083 industriae
731 5026 904 5083 lineamentis
921 5044 968 5084 re·
1021 5050 1091 5091 rum.

172 5121 327 5181 presentes.
354 5114 420 5170 illud
448 5115 585 5188 muliare
610 5115 781 5189 gloriatura
804 5116 869 5172 lecit
895 5116 968 5189 quod

182 5311 187 5323 ⁸
206 5244 263 5324 (itt)
278 5242 417 5325 Epistola.
436 5246 467 5326 ln
481 5262 549 5303 mss.
565 5264 591 5304 e.
607 5264 633 5305 a.
649 5250 709 5305 haee
722 5247 856 5305 dedicatio
869 5248 897 5303 in
913 5247 968 5306 lius
1020 5245 1194 5303 Fila-liemon
1204 5244 1385 5326 coheredem,
1396 5241 1493 5326 quein
1509 5256 1559 5298 sue
1572 5238 1745 5298 haereditario
1756 5240 1819 5310 iure

171 5312 231 5394 lrbn
246 5322 425 5396 reuersurum
445 5332 474 5371 ut
491 5318 571 5374 cedd.
587 5335 612 5375 a.
629 5320 659 5375 lr.
679 5319 708 5375 in
727 5319 858 5392 principie
876 5319 968 5392 operis
1020 5317 1176 5375 Glocestriae
1200 5317 1283 5373 decus
1309 5315 1433 5374 ebtrnurt.

171 5383 305 5455 tegnam
319 5385 379 5441 alnis
392 5401 458 5442 vero
470 5387 508 5455 (a.
523 5405 552 5461 g.
569 5390 596 5445 h.
613 5391 630 5445 1.
658 5389 743 5447 deest.
1068 5389 1102 5444 ti
1128 5387 1333 5445 consecranda.
1348 5386 1376 5440 d.
1393 5401 1418 5442 e.
1435 5399 1443 5454 3
1460 5381 1660 5448 consectando,
1675 5397 1701 5441 c.

208 5455 630 5539 certaminumque
666 5469 722 5518 rtus
740 5460 898 5518 Glocestrtae
917 5476 967 5518 ce·
1067 5462 1101 5514 23
1128 5460 1248 5515 inuitus.
1263 5458 1292 5513 d.
1307 5473 1334 5513 e.
1351 5472 1358 5524 ;
1373 5456 1537 5540 munimus.
1552 5469 1753 5525 s3ntttnatqc.

172 5528 968 5677 thethlttlr‘tttdudtl‘ttlt
1056 5527 1655 5676 111,1,1111;ε;ὲ1111;111;ἑῑ1
