3772 6006
55 250 131 311 raet
524 247 575 310 llll
597 246 735 309 Gestis
756 246 911 311 PONTIF.
933 247 1052 311 ANGL.
1074 278 1112 296 -
1134 247 1209 311 tle.
1232 247 1286 310 Ill.
1681 250 1760 312 ttae

57 382 236 455 chiepiscopi
261 387 289 439 et
313 381 434 439 aliorum
458 382 691 439 convenientium
716 382 882 439 antistitum
897 384 924 452 Α
939 379 1761 456 episcopiscontubernalibussuaiectionislegilecisset,

57 474 158 528 sedam
173 488 279 541 meam,
291 489 378 545 quam
392 472 561 543 perdecem,
571 477 599 529 et
609 488 642 529 so
654 471 781 545 amplius
792 488 884 527 annos
939 476 1055 529 tantum
1072 489 1089 529 a
1104 469 1263 528 reverentia
1278 470 1412 526 Romanae
1428 470 1507 528 sedis
1529 471 1631 544 abluit,
1646 480 1678 529 ut
1694 490 1761 546 spo·

58 563 223 627 tenueram,
250 577 390 631 usurpare
415 558 508 616 moliti
533 568 600 616 sunt
615 577 621 615 :
637 564 666 616 et
680 559 710 615 in
738 575 801 615 meo
825 559 886 631 cpi·
937 562 1040 619 liatum
1061 562 1124 619 suis
1144 560 1291 630 omuibus,
1307 560 1521 632 comitibusque
1537 561 1565 616 in
1582 561 1696 618 diversa
1711 562 1762 618 de·
1863 582 1868 601 ¹

58 654 179 723 scopata
196 654 254 707 tres
269 651 397 722 episcopi
415 651 541 722 promoti
565 654 646 718 sunt,
663 650 730 706 licet
745 649 884 705 canonica
937 649 1341 722 ductis,beatumpontilroam
1352 648 1467 706 cuidam
1479 649 1762 720 praeiectonotabilis

58 756 117 795 non
134 740 173 795 sit
188 755 289 797 eorum
313 741 466 812 promotio.
484 739 559 806 Quid
575 743 672 795 autem
689 738 835 806 acciderit,
853 740 885 795 ut
938 740 1120 798 saevitiaviro
1132 737 1761 812 inergastulumtrudendumcommitteret:

58 829 229 886 Theodorus
245 830 449 886 sanctissimus
469 828 706 903 archiepiscopus
721 844 768 886 me
783 844 884 901 super·
939 829 1076 887 credulus
1091 830 1302 899 asserentibus,
1319 829 1433 885 decreta
1448 828 1499 884 illa
1513 833 1645 900 coempta
1660 828 1763 902 pretio,

57 918 126 976 stite
141 920 171 975 in
187 921 296 989 sedem,
315 936 403 990 quam
421 920 487 977 licet
502 919 639 993 indignus
663 919 883 991 dispensabam,
940 922 1009 995 quia
1025 921 1149 977 Romani
1165 919 1387 977 munerantibus
1402 936 1433 975 se
1448 919 1658 986 lenocinentur,
1671 923 1764 976 scata-

57 1007 170 1081 absque
191 1024 337 1065 consensu
363 1009 520 1081 cujuslibet
548 1008 676 1081 episcopi
692 1012 750 1064 tres
763 1024 817 1065 sua
831 1024 883 1063 au·
941 1013 988 1068 bat
1004 1011 1100 1069 omnis
1116 1013 1197 1068 ouria
1207 1010 1321 1082 pruritu
1330 1009 1640 1082 episcopalisinjuriae,
1651 1010 1721 1065 adeo
1734 1012 1766 1064 ut

58 1098 193 1154 ctoritate
208 1115 270 1155 mea
279 1099 443 1156 humilitate
454 1116 511 1155 non
523 1099 726 1171 acquiescente
737 1095 885 1154 ordinaret
940 1103 1039 1174 regina
1049 1100 1253 1158 chrismarium
1267 1099 1413 1172 pontificis
1424 1099 1450 1155 vi
1461 1102 1605 1155 extortum
1617 1098 1765 1171 (horresco

60 1188 213 1260 episcopos
224 1188 381 1245 inmittere
397 1190 491 1261 magis
506 1204 592 1260 quam
606 1187 733 1259 llagitare
746 1203 796 1257 pro
811 1187 886 1257 ojus·
941 1190 1079 1262 reterens)
1095 1207 1151 1246 non
1168 1189 1316 1246 dubitaret
1336 1205 1401 1246 cum
1426 1188 1556 1261 reliquiis
1570 1187 1616 1245 vel
1630 1187 1705 1244 collo
1719 1186 1765 1244 vel

57 1276 125 1332 dam
150 1277 203 1332 viri
230 1279 390 1335 reverentia
414 1279 569 1335 condecet:
586 1293 673 1352 quem
698 1277 825 1349 quidem,
851 1293 885 1333 co
939 1277 1767 1347 vehiculocircumierre;immotoanimoetvultnsacer·

59 1367 136 1439 quod
153 1367 189 1423 ab
204 1366 259 1423 hac
274 1368 439 1440 apostolicae
462 1368 643 1424 summitatis
667 1368 735 1423 sede
757 1367 885 1423 directus
940 1372 993 1426 dos
1013 1370 1123 1426 larebat
1142 1368 1277 1424 omniaet
1290 1367 1500 1424 monitionibus
1511 1367 1602 1423 sacris
1613 1382 1693 1435 suos,
1705 1365 1766 1437 qni-

58 1463 115 1526 est,
131 1474 270 1515 accusare
286 1476 343 1515 non
360 1461 464 1516 audeo.
480 1459 684 1516 Verumtamen
701 1459 723 1514 si
737 1456 884 1525 claruerit,
940 1460 995 1515 bus
1011 1459 1142 1524 timebat,
1158 1457 1329 1514 hortabatur
1352 1464 1383 1513 ut
1408 1457 1519 1513 fortiter
1542 1457 1658 1527 terrent,
1674 1456 1765 1513 donec
1866 1484 1869 1489 ·

57 1548 135 1619 quod
145 1549 304 1619 contraius
317 1550 496 1622 regularium
508 1548 784 1620 sanctionum,citra
796 1545 886 1602 ullius
940 1548 991 1604 liei
1008 1549 1102 1621 pietas
1117 1552 1145 1604 ct
1160 1547 1269 1603 invicta
1288 1545 1413 1603 felicitas
1439 1547 1527 1602 linem
1549 1544 1764 1602 calamitatibus

58 1636 158 1692 delicti
176 1636 335 1710 piaculum,
348 1638 425 1710 quod
435 1639 575 1695 canonica
591 1637 720 1709 percellit
734 1635 885 1702 severitas,
940 1639 1064 1694 alternet.
1077 1641 1112 1693 At
1122 1637 1276 1709 praelectus
1288 1636 1316 1692 in
1329 1635 1401 1692 alios
1416 1635 1557 1692 barbarus
1572 1640 1600 1691 et
1615 1633 1765 1703 immanis,

56 1726 93 1783 de
109 1726 236 1798 pristina
252 1726 356 1799 pulsus
367 1730 435 1786 seda
447 1728 646 1785 tumultuosus
663 1727 734 1784 nulli
751 1726 884 1798 apparui,
900 1715 924 1781 Β
940 1728 969 1785 in
985 1732 1072 1785 istum
1087 1725 1189 1799 anglus
1204 1731 1233 1784 et
1246 1726 1329 1794 lenis,
1341 1726 1380 1781 nil
1392 1725 1434 1782 illi
1450 1725 1585 1782 tormenti
1603 1729 1704 1799 praeter
1719 1728 1766 1781 te-

57 1816 106 1872 sed
120 1820 235 1872 tanturn
247 1817 476 1886 confamulos,ct
484 1818 704 1875 consacerdotes
716 1832 797 1872 meos
806 1815 887 1872 illius
943 1819 1048 1876 nobras
1064 1818 1194 1890 ingessit,
1210 1834 1269 1873 non
1284 1818 1400 1890 penitus
1417 1832 1505 1872 ausus
1520 1815 1608 1889 regiis
1623 1816 1766 1873 mandatis

59 1905 214 1977 provincias
230 1906 383 1979 episcopos
399 1911 580 1965 contestatus
596 1907 734 1976 abscessi,
745 1905 886 1977 siquidem
942 1907 1118 1980 obstrepere.
1131 1907 1277 1964 Sedenim
1295 1923 1352 1962 aon
1369 1922 1452 1976 passa
1463 1909 1508 1962 est
1523 1905 1621 1962 divina
1637 1905 1767 1977 dignatio

58 1995 306 2066 previditrestra
322 1995 482 2068 apostolica
498 1997 651 2054 summitas
671 1996 815 2069 privatum
840 2012 887 2052 me
943 2001 1128 2056 tenebrarum
1156 1997 1328 2069 indignitate
1357 1997 1448 2068 premi
1471 1995 1571 2053 lumen
1600 1995 1766 2064 britanniae,

59 2099 124 2140 esse
149 2083 254 2140 humili
279 2086 444 2154 devotione,
474 2103 535 2158 quie
566 2090 734 2154 censentur,
763 2086 888 2142 libenter
941 2089 1019 2163 quod
1034 2089 1081 2144 sax
1095 2086 1342 2159 cmlioasignavit,
1359 2102 1425 2143 curn
1442 2086 1538 2143 adhuc
1552 2085 1678 2158 genitrix
1692 2102 1766 2159 pon·

59 2172 228 2244 amplector.
244 2174 274 2229 ei
290 2180 387 2230 autem
405 2180 434 2230 et
448 2176 606 2248 pristinum
622 2176 823 2247 episcopatum
840 2190 889 2229 su·
942 2178 996 2234 dus
1019 2176 1073 2233 alsi
1091 2176 1272 2244 absolveret;
1288 2175 1419 2248 perrupit
1442 2175 1616 2232 densitatem
1642 2175 1766 2233 carceris

58 2261 181 2332 ccipere,
197 2279 303 2335 sequor
318 2264 443 2336 totisque
459 2264 569 2320 viribus
584 2280 707 2320 veneror
721 2264 757 2319 ab
771 2266 888 2334 aposto·
941 2264 1061 2320 lucerna
1090 2279 1214 2335 superne
1236 2261 1355 2332 directa,
1380 2261 1591 2334 absentemque
1615 2261 1693 2318 diam
1716 2260 1767 2318 lux

59 2349 116 2406 lica
131 2352 198 2409 aeds
213 2352 356 2424 prolatam
373 2354 559 2424 sententiam,
571 2358 686 2410 tantum
698 2356 728 2409 nt
739 2353 888 2409 invasores
942 2356 1044 2425 agebat
1058 2353 1174 2420 amula,
1186 2352 1361 2424 repercussit
1372 2350 1470 2424 lulgor
1483 2351 1652 2410 carnificum
1667 2351 1767 2410 oculos

61 2441 96 2497 da
112 2442 249 2514 pristinis
264 2443 412 2516 parochiis
423 2443 563 2515 ecclesie,
573 2444 620 2501 cui
631 2459 685 2515 ego
696 2443 835 2514 indignus
851 2442 890 2497 ia·
942 2460 992 2517 per
1007 2445 1098 2500 rimas
1113 2443 1353 2516 inspectantium,
1365 2447 1394 2498 ct
1405 2443 1505 2515 lugere
1520 2441 1612 2515 coegit
1628 2444 1663 2498 ad
1679 2442 1769 2499 domi·

60 2529 161 2587 mulus
184 2535 281 2590 vester
304 2533 418 2605 praini,
444 2533 599 2606 pellantur.
625 2539 660 2589 Et
682 2534 707 2589 si
733 2547 834 2588 rursus
857 2530 887 2586 in
942 2551 1033 2605 num;
1048 2534 1096 2591 ille
1112 2534 1230 2606 quidem
1246 2533 1347 2590 auditu
1364 2532 1523 2601 cohorruit,
1540 2533 1590 2588 sed
1604 2533 1714 2604 Egiridt
1730 2533 1768 2589 ti·

61 2621 161 2677 aadam
193 2622 343 2694 parochia,
371 2623 418 2680 cui
447 2624 561 2694 prasini,
590 2622 728 2695 presules
757 2621 888 2678 adbiberi
943 2622 1362 2697 morenihilpreteraolitum
1380 2621 1769 2691 navariasrimutavituilre-

61 2711 237 2781 previderit,
254 2711 357 2769 saltem
382 2712 568 2784 talesjubeat
583 2712 805 2786 promovendos,
822 2727 887 2768 curn
942 2717 1054 2771 rentem
1071 2712 1193 2770 morbus
1208 2711 1317 2783 uxoris,
1329 2717 1513 2783 quorepente
1528 2715 1659 2784 correpta
1675 2708 1768 2767 hianti
1868 2738 1872 2745 ·

59 2799 173 2872 quibus
184 2802 306 2873 pacifica
316 2808 344 2859 et
355 2803 513 2876 tranquilla
525 2806 634 2876 possim
644 2800 890 2868 concordia,obti·
942 2802 1017 2860 rictu
1034 2806 1063 2859 ct
1077 2799 1227 2874 spumanti
1242 2803 1352 2857 vomitu
1370 2801 1508 2856 maritum
1525 2799 1684 2866 exterruit;
1700 2815 1769 2855 mox

60 2892 146 2945 neate
161 2889 230 2961 Deo,
249 2892 429 2948 unanimiter
453 2893 607 2961 deservire,
625 2900 678 2949 etc.
694 2892 806 2965 agatho
822 2907 887 2947 san·
942 2893 1027 2949 etiam
1039 2887 1767 2963 maJ'oriconcussadaemonecxsanguisetelinguis

57 2977 208 3036 alissimus
221 2998 253 3037 ac
265 2985 308 3037 tcr
319 2982 784 3055 beatissimusepiscopussanctae
792 2979 886 3038 aceta-
943 2998 1009 3039 cum
1033 2980 1213 3053 diriguisset,
1230 2979 1337 3037 exsiliit
1353 2979 1403 3037 ills
1418 2986 1445 3037 et
1460 2978 1620 3052 pontilioiis
1644 2977 1768 3050 pedibus

59 3067 108 3123 siae
124 3069 275 3126 catholicae
289 3074 376 3143 atque
391 3071 555 3145 apostolicae
573 3072 653 3128 urbis
670 3072 769 3128 Romae
793 3069 885 3126 dixit:
901 3040 923 3109 G
943 3073 1066 3140 alluens,
1080 3089 1137 3129 non
1153 3077 1270 3144 gravate
1285 3070 1410 3128 obtinuit
1421 3088 1437 3126 a
1449 3068 1631 3127 misericordi
1640 3067 1769 3125 antistite

58 3158 122 3214 Non
148 3160 332 3218 mediocriter
360 3163 499 3221 satisfacit
528 3162 713 3221 audientibus
739 3160 887 3234 petitionis
942 3162 1075 3231 veniam;
1092 3162 1189 3217 statim
1206 3160 1285 3217 enim
1301 3161 1463 3217 orationem
1485 3159 1576 3227 dedit,
1592 3173 1700 3230 aquam
1716 3156 1770 3213 be-

59 3250 161 3319 senes,
190 3266 278 3320 quam
307 3252 458 3309 Willridus
480 3253 538 3310 lico
567 3253 703 3310 amabilis
731 3252 886 3325 episcopus
941 3251 1088 3307 nediotam
1113 3250 1224 3322 gutturi
1241 3248 1351 3306 hiantis
1371 3248 1490 3313 inludit,
1505 3251 1534 3303 et
1548 3246 1654 3303 mulier
1669 3246 1771 3303 morbo

59 3335 176 3405 obtulit,
193 3339 222 3394 in
239 3338 305 3410 hoc,
320 3342 396 3412 quod
422 3357 488 3399 cum
504 3359 534 3399 se
548 3342 668 3415 indigne
682 3342 716 3399 de
731 3340 886 3415 episcopali
939 3342 1046 3411 caruit,
1061 3339 1259 3397 valetudinem
1272 3340 1381 3396 bonam
1397 3337 1563 3409 resumpsit.
1581 3334 1700 3392 Audiuit
1714 3334 1770 3391 hoo

14 3421 17 3425 ’
59 3426 128 3480 aede
143 3426 289 3496 dejectum
306 3430 436 3501 agnovit,
454 3447 512 3488 non
528 3432 737 3488 contumaciter
758 3447 809 3504 per
828 3432 885 3487 rim
939 3431 1076 3504 ligiridus
1092 3431 1197 3487 nuntio
1212 3428 1339 3503 praelecti
1363 3428 1488 3487 dolentis
1503 3432 1530 3485 et
1545 3425 1669 3495 orantis,
1686 3441 1722 3482 ne
1737 3441 1769 3481 sa

57 3514 226 3572 secutarem
243 3517 366 3585 obstitit,
383 3520 433 3575 sed
450 3520 600 3577 humiliter
615 3520 745 3577 sentiens
759 3520 887 3577 auctoris
939 3519 1121 3576 immeritum
1141 3519 1308 3577 immolaret
1332 3517 1459 3586 diaholo,
1477 3532 1558 3573 reum
1575 3516 1604 3571 iu
1622 3514 1768 3588 pontilicis

57 3607 151 3662 nostri
169 3607 246 3662 beati
259 3607 335 3663 Petri
347 3610 545 3681 apostolorum
557 3611 700 3683 principis
711 3611 885 3666 cononicam
940 3609 1101 3665 innocentis
1110 3608 1268 3680 supplicio;
1280 3608 1329 3664 scd
1340 3606 1432 3663 nihilo
1442 3610 1572 3662 mutatus
1581 3604 1689 3661 anlerri
1700 3619 1768 3659 eum
1870 3648 1874 3655 .

56 3696 195 3768 expetivit
209 3697 388 3768 subsidium,
400 3703 429 3755 et
443 3701 567 3774 supplici
584 3699 809 3771 praestolatione,
821 3716 885 3771 quaa
941 3697 977 3753 ah
993 3696 1115 3753 Ollritho
1127 3696 1168 3767 (id
1178 3696 1257 3752 enim
1268 3713 1376 3752 nomen
1387 3695 1459 3758 virol
1473 3702 1503 3749 ut
1515 3692 1667 3767 degeneris
1679 3688 1771 3747 animi

57 3801 194 3858 supereo
211 3788 356 3844 censenda
372 3792 441 3845 sunt
456 3804 485 3844 se
504 3798 708 3863 suscepturum
730 3789 885 3861 perhibens
943 3786 1161 3858 hominejnbet,
1174 3789 1203 3842 et
1214 3784 1388 3843 crudelioris
1399 3782 1543 3839 audentis
1556 3780 1674 3838 satelliti
1685 3781 1773 3836 Tum-

59 3878 133 3945 quod
151 3893 185 3931 ex
200 3892 248 3933 ora
265 3880 364 3933 nostro
380 3877 482 3935 beatus
498 3883 600 3935 Petrus
615 3879 766 3951 apostolus
784 3883 887 3935 auctor
945 3877 997 3933 ber
1011 3876 1130 3932 nomine
1144 3874 1232 3931 tradi.
1249 3897 1263 3926 a
1280 3876 1352 3930 Cum
1368 3871 1540 3929 crudelitate
1556 3871 1632 3942 regis
1648 3868 1774 3926 adolevit

61 3969 171 4033 nostor,
188 3969 274 4035 cujus
289 3967 450 4024 ministerio
466 3969 625 4041 fungimur,
643 3969 805 4043 praeviderit
829 3976 886 4025 sta·
945 3965 1134 4033 miraculum,
1148 3981 1215 4022 nam
1232 3981 1299 4020 cum
1315 3979 1381 4020 enm
1396 3962 1539 4018 vinculari
1555 3961 1605 4018 illa
1622 3960 1770 4033 jussisset,

59 4056 208 4110 tuendum.
225 4054 364 4112 Universa
378 4063 480 4114 sancta
492 4058 633 4129 sinodus,
649 4075 712 4132 qna
729 4058 884 4128 residebat,
942 4061 970 4113 at
986 4056 1064 4113 seror
1081 4056 1215 4112 minister
1228 4055 1384 4127 compedes
1401 4053 1509 4110 lerraos
1534 4051 1691 4123 expediret,
1705 4049 1772 4122 qni·
1861 4072 1867 4079 ·

61 4142 137 4200 inter
166 4152 267 4201 cetera
295 4146 438 4204 deliniens
459 4148 517 4205 ait:
535 4148 698 4205 statuimus
719 4151 807 4220 atqua
833 4148 885 4205 de·
939 4146 994 4203 bus
1015 4145 1104 4202 tibias
1128 4144 1222 4202 sancti
1248 4144 1389 4212 nodaret;
1407 4156 1520 4213 semper
1536 4141 1612 4196 inter
1626 4139 1704 4211 ipsas
1720 4153 1768 4193 co·

59 4234 327 4303 crevimus,utDco
342 4236 813 4311 amabilisWiliridusepisoopus
828 4236 886 4309 epi·
943 4236 1041 4292 nantis
1065 4251 1169 4291 manus
1189 4233 1276 4290 lallax
1299 4248 1417 4305 compes
1439 4231 1560 4287 assiduo
1584 4227 1771 4285 dilabebatur

60 4327 225 4393 scopatum,
242 4340 328 4396 quern
344 4343 437 4398 nuper
452 4327 604 4395 habuerat,
617 4327 804 4401 suscipiat,et
815 4344 888 4400 quos
905 4352 927 4420 D
944 4326 1039 4395 lurtn;
1056 4342 1124 4381 nam
1142 4323 1185 4380 rel
1201 4323 1357 4397 angustior
1373 4336 1490 4393 compes
1507 4318 1594 4375 tibias
1610 4316 1771 4389 grossiores

62 4428 128 4468 curn
145 4429 291 4470 consensu
308 4415 422 4473 concilii
438 4417 545 4474 ibidcrn
560 4419 754 4493 congregandi
770 4419 891 4491 elegerit
945 4413 1145 4485 circumplecti
1160 4429 1218 4471 non
1232 4410 1407 4485 poterat,vel
1423 4413 1527 4467 catena
1542 4406 1635 4463 laxior
1649 4403 1774 4479 graciles

62 4501 119 4556 sibi
135 4503 298 4573 adjutores,
311 4506 524 4564 asanctiasimo
533 4509 753 4582 archiepiscopo
762 4506 890 4567 ordinati
946 4504 1032 4561 tibias
1044 4520 1101 4561 noa
1113 4503 1310 4577 contingebat.
1319 4506 1386 4558 lam
1397 4517 1464 4558 vero
1476 4499 1500 4554 si
1511 4496 1629 4571 quando
1640 4494 1776 4551 laborato

64 4597 293 4662 promoveantur
307 4594 445 4667 episcopi,
461 4597 592 4668 expulsis
608 4599 708 4671 procul
724 4598 775 4667 eis,
792 4599 841 4672 qui
862 4597 892 4652 in
949 4593 1006 4650 arti
1023 4592 1096 4650 nibil
1111 4594 1239 4661 deesset,
1253 4595 1335 4649 tanta
1350 4589 1497 4648 celeritate
1513 4603 1545 4645 aa
1559 4584 1675 4642 vincula
1697 4581 1776 4639 evol·

65 4681 130 4751 eJus
146 4680 282 4736 absentia
293 4682 322 4737 in
332 4683 532 4756 episcopatum
544 4686 799 4744 enormitermissi
814 4693 893 4755 sunt,
947 4683 1066 4753 rabant,
1077 4680 1272 4756 quantaeculi
1286 4679 1466 4739 cernentium
1483 4690 1633 4734 occurrere
1649 4688 1707 4730 non
1722 4688 1776 4745 po-

64 4769 92 4822 et
107 4769 220 4835 caetera,
233 4767 339 4839 quibus
351 4768 532 4828 interdicunt
547 4771 608 4830 brac
626 4788 685 4830 non
700 4772 896 4846 suscipientes
950 4777 1054 4829 terant.
1066 4772 1149 4829 Dedit
1159 4771 1255 4829 locum
1270 4769 1442 4844 improbitas
1453 4762 1719 4839 religioni,snlutus
1731 4764 1778 4818 est

66 4855 192 4912 decreta·
210 4879 225 4906 ²>
951 4866 1082 4931 sanctus,
1094 4868 1120 4917 et
1132 4860 1161 4916 in
1177 4859 1266 4916 libera
1281 4858 1414 4914 custodia
1429 4859 1538 4913 tentus.
1550 4850 1656 4909 »Nihil
1670 4850 1777 4907 horum

101 4945 151 5001 llis
167 4946 289 5003 decretis
303 4948 517 5019 gloriabundus
532 4952 689 5025 spiscopus
705 4952 793 5010 stiam
808 4952 896 5025 jussu
952 4951 1089 5022 ligiridus
1118 4950 1248 5019 curabat,
1276 4948 1325 5004 scd
1353 4946 1378 5003 si
1408 4945 1524 5018 quando
1558 4940 1703 5006 audiebat,
1733 4937 1779 4995 val

67 5051 146 5106 pupae
157 5035 261 5106 jussus
275 5043 320 5094 est
335 5039 460 5097 residere
476 5040 505 5096 in
518 5059 639 5100 numero
655 5048 822 5100 sanctorum
839 5041 897 5114 api·
951 5038 1148 5114 suspendebat
1166 5038 1247 5106 ludo,
1262 5036 1307 5094 vel
1321 5035 1484 5092 infamabat
1508 5029 1675 5105 opprobrio.
1691 5030 1779 5086 Com·
1862 5078 1869 5092 ‚

67 5138 221 5196 scaporum
237 5144 271 5184 cn
286 5130 335 5202 qui
351 5129 503 5203 agitabant
518 5132 676 5189 concilium
691 5138 795 5191 contra
819 5131 896 5203 illos,
952 5130 1090 5186 meabant
1118 5134 1217 5185 tamen
1240 5127 1408 5199 trequentes
1429 5124 1465 5181 ab
1489 5138 1523 5179 eo
1547 5120 1584 5177 ad
1608 5116 1778 5192 pontilloem

67 5212 118 5283 qui
136 5230 223 5270 unam
240 5221 437 5291 operationem
451 5223 774 5294 pradicantinduabus
786 5221 898 5279 naturis
952 5237 1018 5277 cum
1036 5219 1181 5276 mandatis
1196 5218 1292 5276 nuntii
1310 5224 1339 5273 ut
1353 5217 1536 5273 decretorum
1555 5216 1698 5279 tenorem,
1713 5222 1778 5281 que

69 5301 183 5357 Domini
208 5308 300 5362 nostri
314 5310 381 5366 lesu
398 5311 517 5369 Christi.
535 5312 607 5369 llinc
631 5313 757 5370 reditum
781 5328 898 5387 aggres·
953 5310 1102 5376 attulerat,
1128 5308 1203 5366 ultro
1227 5307 1400 5374 infirmaret,
1424 5305 1589 5375 diceretque
1612 5317 1646 5358 ea
1669 5302 1780 5358 extorta

68 5406 120 5447 sna
132 5391 265 5449 omnium
278 5397 487 5469 periculorum,
499 5401 557 5459 Deo
568 5401 899 5477 protegente,immunia
954 5400 1056 5474 pretio,
1073 5415 1131 5456 non
1146 5398 1303 5470 impetrata
1314 5393 1440 5468 iudicio.
1451 5393 1482 5449 ld
1498 5392 1523 5449 si
1539 5392 1659 5459 laceret,
1674 5390 1735 5447 lora
1748 5390 1781 5443 ut

69 5480 193 5554 patriam
209 5483 298 5554 venit,
311 5502 446 5559 agrequc
459 5489 527 5546 licet
541 5492 576 5548 ad
592 5508 691 5566 regam
707 5492 788 5549 aditu
803 5492 900 5565 impe·
955 5505 1009 5563 par
1022 5487 1236 5561 indulgentiam
1252 5484 1328 5559 regis
1348 5487 1460 5557 partem
1485 5482 1669 5556 episcopatus
1684 5485 1713 5536 et
1727 5492 1782 5534 aua

69 5573 157 5641 trato,
168 5572 242 5631 scita
253 5575 405 5647 apostolici
416 5575 543 5650 sigillata
554 5582 718 5652 praetendit.
727 5581 778 5639 llle
789 5596 854 5639 curu
865 5594 901 5639 aa
957 5580 1057 5641 omnia
1068 5580 1209 5654 reciperet
1221 5595 1227 5634 :
1240 5576 1286 5636 sin
1297 5575 1408 5649 minus,
1420 5574 1551 5634 aulloret
1560 5568 1718 5644 dispendii,
1732 5564 1784 5639 qui
