3750 6000
173 223 225 276 sev
812 211 1064 270 innocuum-n
1088 212 1184 269 rara
1255 238 1257 243 -
1768 211 1839 277 sae,

174 359 262 402 mann
288 341 416 399 Ecclesiae
429 339 575 413 presbyteri
591 337 734 397 cardinalis
748 346 775 394 et
792 337 971 395 bibliotheca·
983 338 1013 400 Α
1025 351 1150 393 aurorum
1164 333 1280 391 coneilio
1293 333 1345 390 sibi
1359 332 1488 392 idoneum
1502 334 1628 408 elegerit.
1646 334 1825 391 Decernimus

171 432 324 503 rii,uldus
350 431 447 499 Martii,
475 429 620 485 indictione
645 445 675 484 tv
693 425 889 485 lucarnationis
911 427 970 481 llo-
1024 440 1089 498 ergo
1130 431 1159 482 ut
1186 423 1252 478 nulli
1278 423 1389 479 omnino
1412 425 1552 480 hominum
1576 424 1654 480 liceat
1678 422 1823 494 preafatam

171 523 279 578 minicae
291 523 369 588 1111,
386 517 557 591 pontificatus
573 517 665 574 domni
680 516 829 573 lunoccntii
854 516 878 570 ll
891 531 970 587 papae
1023 512 1216 568 monasterium
1234 520 1332 569 temere
1348 511 1514 584 perturbare,
1530 519 1576 569 aut
1598 513 1658 584 ejus
1671 511 1824 584 possessiu-

172 627 243 668 anno
260 628 287 667 xr
301 611 390 682 (178).

509 705 626 761 bxxtl.

171 805 365 862 Parmenonis
377 805 406 861 S.
414 804 557 860 humberti
566 800 710 859 latiensis
714 800 921 873 protectionem
927 812 971 854 11-

173 905 268 977 ncipit,
280 904 470 977 possessiones
484 901 646 970 confirmat,
661 898 811 972 privilegia
820 897 964 954 instituit.

392 1000 481 1069 (Anno
498 1000 575 1066 1111,
592 998 672 1053 llart.
694 997 750 1067 18.)

383 1096 599 1170 [Coccuantnas
618 1097 654 1161 ll,
675 1092 758 1166 151.)

204 1197 391 1252 lnnocarvrms
401 1194 559 1265 episcopus,
569 1207 663 1249 servus
677 1206 820 1247 servornm
830 1188 889 1257 Dei,
904 1188 970 1244 dile·

172 1284 222 1340 ctis
250 1285 277 1339 in
293 1284 397 1340 Christo
411 1281 518 1339 filiabus
539 1279 798 1344 sanctimonialibus,
813 1277 840 1332 in
856 1276 971 1334 ecclesia

172 1373 246 1429 beati
268 1372 404 1430 humberti
418 1371 543 1442 martyris
570 1368 696 1425 Tulbensi
712 1367 863 1440 regularem
886 1366 969 1423 vitam

172 1461 310 1535 professis,
341 1469 396 1517 tam
411 1457 588 1531 praesentibus
602 1473 682 1531 quarn
707 1456 811 1526 suturis,
827 1455 855 1510 in
868 1469 969 1526 perpe-

172 1558 258 1607 tuum.

1023 600 1197 669 nesauicrre,
1214 601 1257 657 vel
1280 601 1383 657 ablatus
1395 602 1521 668 retinere,
1550 601 1681 669 minuere,
1710 610 1756 657 aut
1769 601 1823 656 ali-

1023 689 1120 761 quibus
1147 689 1335 746 vexationibus
1372 690 1496 764 satigure,
1522 690 1571 747 sed
1597 690 1690 747 omnia
1717 690 1825 762 integra

1023 787 1217 836 conserventur
1244 795 1349 849 eorum,
1370 795 1420 852 pro
1434 795 1549 851 quorum
1572 779 1775 836 conservatione
1798 786 1826 835 et

1022 868 1218 942 gubernatione
1243 883 1372 924 concessa
1386 876 1458 938 sunt,
1475 868 1567 924 usibus
1576 867 1741 926 omnimodis
1754 883 1823 938 pro-

1024 956 1122 1025 tutura,
1150 957 1225 1015 salva
1255 957 1394 1014 Fuldensis
1407 958 1562 1015 monasterii
1577 957 1681 1028 justitia
1694 963 1722 1013 et
1741 972 1823 1014 reve·

1022 1046 1119 1102 rentia.
1135 1047 1162 1102 Si
1181 1063 1241 1117 quie
1256 1047 1338 1119 igitur
1361 1046 1523 1102 infuturum
1538 1046 1717 1103 ecclesiastica
1738 1061 1824 1102 11111-

1023 1134 1120 1193 larisve
1133 1151 1260 1206 persona,
1275 1137 1345 1191 hanc
1360 1143 1457 1193 1111111
1475 1134 1670 1192 constitutionis
1692 1135 1823 1208 paginam

1023 1225 1120 1294 sciens,
1134 1232 1227 1280 contra
1241 1240 1302 1280 eam
1316 1233 1417 1281 temere
1431 1224 1523 1283 venire
1538 1224 1687 1296 tentaverit,
1702 1224 1823 1281 secundo

1024 1313 1137 1370 tertiove
1158 1314 1333 1384 commonita,
1357 1313 1456 1370 sinon
1492 1313 1674 1372 satisfactione
1701 1328 1824 1387 congrua

1023 1403 1217 1471 emendaverit,
1254 1403 1394 1474 potestatis
1417 1403 1580 1474 honorisque
1613 1403 1654 1459 sui
1690 1402 1824 1476 dignitate

1024 1499 1124 1559 careat,
1138 1507 1267 1562 reamque
1281 1508 1311 1547 ee
1325 1491 1418 1548 divino
1429 1491 1534 1563 judicio
1549 1491 1666 1549 existere
1679 1491 1713 1548 de
1728 1507 1825 1565 perpe·

1024 1586 1092 1636 trata
1104 1579 1245 1652 iniquitate
1263 1587 1419 1654 cognoscat,
1435 1588 1463 1637 et
1476 1597 1493 1637 1
1505 1577 1685 1637 sacratissimo
1707 1596 1823 1652 corpore

208 1664 376 1723 Desidetitlm
406 1663 477 1735 quod
498 1662 533 1718 td
562 1660 702 1734 roligifflfis
728 1661 906 1733 prOP⁰⁸il¹¹ffl2
943 1665 969 1715 ῦῑ
982 1696 1010 1757 Β
1024 1683 1056 1724 10
1070 1669 1200 1740 sanguine
1216 1667 1266 1723 Dei
1277 1676 1304 1724 et
1315 1668 1425 1725 Domini
1447 1669 1529 1724 nostri
1542 1670 1606 1725 Jesu
1622 1668 1717 1725 Christi
1732 1669 1822 1725 aliena

173 1756 323 1812 animarum
338 1754 450 1809 salutem
472 1751 607 1824 pertinere
629 1757 791 1806 monstratur
811 1749 902 1805 ammo
916 1764 969 1804 nos
1024 1755 1080 1824 iiat,
1107 1764 1187 1827 atque
1219 1757 1247 1812 in
1274 1765 1396 1814 extremo
1420 1758 1545 1814 examine
1570 1757 1696 1814 districtae
1725 1756 1822 1814 ultioni

172 1844 250 1900 decet
265 1842 359 1898 libenti
372 1841 531 1907 concedere,
547 1848 573 1895 et
584 1839 732 1909 petentium
747 1838 887 1894 desideriis
901 1853 970 1893 coa·
1024 1845 1173 1916 subjaceat,
1185 1846 1293 1902 Cunctis
1311 1853 1400 1902 aurem
1414 1879 1416 1884 ,
1428 1846 1515 1902 ejdem
1530 1847 1590 1904 1000
1611 1846 1684 1917 justa
1706 1862 1822 1902 semu.

170 1948 268 2005 gruum
297 1929 428 2001 impertiri
447 1928 617 2000 suffragium.
634 1929 792 2000 Eapropter,
808 1926 916 1982 dilectae
942 1926 970 1981 in
1024 1934 1142 1989 tibussit
1162 1950 1216 2005 pax
1242 1934 1351 1990 Domini
1378 1935 1462 1991 nostri
1471 1935 1533 1991 1011
1561 1936 1667 2003 Christi,
1690 1943 1823 2006 quatenus

172 2019 374 2088 Dominofiliae,
391 2015 971 2089 16511ὶὸ1113ίί51081111101111118111111611111
1024 2031 1051 2078 et
1078 2023 1122 2078 hic
1150 2022 1265 2078 fructum
1280 2023 1360 2079 bonae
1378 2024 1491 2080 actionis
1515 2025 1675 2096 percipiant,
1698 2031 1725 2079 el
1749 2024 1821 2096 apud

171 2111 324 2176 annuimus,
349 2116 377 2164 ⁰¹
403 2107 545 2180 Pfaesfflffi
565 2105 716 2171 ecclesiam.
746 2105 774 2159 in
794 2121 851 2177 (1ῡᾶ
877 2103 969 2159 divino
1023 2112 1170 2168 districtum
1182 2110 1302 2182 judicem
1317 2113 1431 2186 proemia
1446 2120 1553 2170 aeternae
1574 2113 1650 2184 pacis
1670 2112 1820 2170 inveniant.

170 2200 331 2270 mancipatae
347 2197 409 2253 estis
423 2196 563 2266 obsequio,
589 2194 639 2250 sub
654 2194 727 2251 beati
742 2194 811 2248 Petri
826 2203 853 2248 ct
879 2199 970 2248 nostru
1023 2205 1118 2272 Amen,
1129 2218 1219 2268 amen,
1229 2217 1323 2258 amen,

170 2287 336 2360 protectione
346 2284 515 2356 suscipimus,
537 2292 563 2340 11
585 2282 724 2356 praesentis
742 2282 834 2354 scripti
856 2281 969 2351 privile·
1058 2300 1117 2372 Ego
1145 2299 1318 2356 mummius
1345 2300 1491 2357 Catholicae
1518 2300 1644 2358 Ecclesiae
1667 2300 1821 2375 episcopus,

170 2375 437 2450 giocommunimus,
462 2373 599 2445 inprimis
619 2372 752 2443 siquidem
773 2378 918 2426 statuentes
941 2377 969 2424 ut
1022 2404 1058 2444 ss,

170 2466 237 2522 ordo
251 2464 415 2521 monasticus
428 2461 574 2518 secundum
589 2461 661 2516 beati
674 2460 810 2516 Benedicti
835 2458 967 2531 Regulam
1057 2478 1117 2551 Ego
1143 2476 1284 2535 Amerinus
1298 2477 1428 2535 Ostiensis
1442 2478 1586 2551 episcopus
1599 2477 1754 2552 ,qm-ipsi,

168 2561 299 2627 perpetuo
321 2551 512 2608 inviolabiliter
539 2550 704 2606 observetur.
730 2549 862 2604 Praetorea
888 2563 969 2618 quas·
1057 2567 1116 2640 Ego
1140 2567 1291 2639 stephanus
1319 2567 1499 2624 Praenestinus
1522 2568 1669 2641 episoepu
1698 2567 1822 2625 subm,

168 2658 273 2712 cunque
287 2637 482 2712 possessiones,
504 2654 670 2710 quaecuuque
693 2636 834 2706 bonaipsa
855 2635 968 2692 ecclesia
1021 2655 1076 2728 psi·

166 2729 409 2802 inpresentiarum,
432 2728 502 2798 juste
528 2734 554 2781 ct
595 2726 726 2782 canonice
750 2724 879 2797 possidet,
922 2733 968 2780 aut
1057 2745 1116 2818 Ego
1140 2743 1231 2801 Guido
1250 2752 1350 2802 sanem
1380 2746 1510 2802 nomm
1534 2745 1662 2803 Ecclesia,
1689 2746 1822 2820 indignus

167 2819 195 2873 in
211 2818 329 2873 futurum
343 2815 516 2871 concessione
531 2811 697 2885 pontificum,
714 2812 858 2886 largitione
870 2829 966 2885 regum
1021 2833 1146 2889 sacerdo,
1157 2834 1316 2906 subscripsi,
1416 2872 1419 2876 ,

167 2907 210 2963 111
232 2904 396 2977 principum,
426 2902 564 2959 oblatione
588 2901 720 2969 fidelium,
749 2918 795 2958 seu
807 2902 867 2958 aliis
888 2900 968 2972 justis
1055 2923 1116 2994 Ego
1136 2922 1225 2979 Guido
1249 2922 1389 2995 βψω,
1401 2922 1600 2980 cardinalis&
1615 2922 1722 2980 Sam
1738 2924 1822 2982 cm,

169 2994 267 3060 modis,
292 2993 350 3049 beo
379 2991 506 3064 propitio,
523 2991 621 3063 poterit
648 2990 770 3063 adipisci,
798 2989 876 3046 firma
890 2990 968 3049 vobis

170 3082 318 3154 vestrisque
354 3080 477 3154 posteris,
506 3087 532 3136 et
559 3079 663 3135 illibata
698 3086 876 3150 permaneant
904 3096 912 3136 :
938 3079 967 3134 in

1021 3009 1066 3067 lia
1078 3010 1234 3081 subscripsi.

1059 3101 1117 3172 ligo
1131 3100 1249 3156 Thomas
1277 3100 1418 3172 presbyter
1442 3099 1516 3158 card.
1533 3100 1575 3158 tit.
1611 3101 1729 3158 Vestinae
1757 3101 1821 3157 sub

170 3173 268 3244 quibus
287 3173 345 3228 haec
367 3170 482 3242 propriis
502 3168 631 3224 duximus
645 3167 822 3238 exprimenda
844 3167 966 3224 vocabu·
1020 3187 1125 3259 scripsi,

170 3263 203 3318 lis
231 3279 238 3318 :
267 3260 397 3316 allodium
418 3257 555 3322 videlicet,
580 3264 607 3312 et
634 3254 795 3312 beneficium
827 3257 855 3311 iu
870 3255 966 3326 l’ulba,

171 3349 244 3421 quod
258 3348 386 3405 Gerlacas
409 3354 435 3402 et
453 3346 553 3417 conjux
577 3343 636 3415 ejus
663 3344 820 3417 Regelinde,
842 3344 968 3402 devotio·

171 3436 322 3494 nisiutuitu
349 3451 411 3492 cum
436 3433 527 3489 multis
551 3433 610 3490 aliis
651 3433 731 3488 bonis
758 3433 815 3488 suis
843 3433 969 3489 Fuldeusi

171 3525 334 3582 monasterio
376 3522 550 3591 tradidemut,
593 3521 821 3593 quemadmodum
849 3522 968 3578 abooae

171 3615 312 3671 memoria
339 3610 462 3668 Conrado
488 3611 573 3683 ipsius
595 3611 750 3667 monasterii
775 3609 883 3680 abbate,
915 3611 969 3667 sra-

172 3711 241 3761 trum
269 3717 377 3759 suorum
392 3708 418 3756 11
433 3699 554 3772 praedicti
576 3699 683 3756 Gerlaci
696 3700 808 3757 consilio
823 3716 883 3757 cum
905 3700 969 3771 qui-

172 3791 286 3848 busdam
313 3791 374 3846 aliis
404 3789 484 3845 bonis
519 3789 691 3861 postmodum
732 3788 811 3847 vobis
831 3789 969 3862 religionis

173 3880 269 3937 intuitu
285 3894 442 3936 concessum
457 3885 505 3945 cst,
523 3877 652 3933 allodium
675 3877 820 3947 Evcrnide,
836 3878 900 3935 villa
912 3878 969 3933 Lu-

173 3971 237 4038 1111,
253 3965 478 4025 Hamelemburch
493 3966 610 4038 quinque
624 3982 733 4022 mansos
756 3973 783 4021 et
795 3965 967 4034 dominicale,

173 4059 272 4117 Erdale
293 4073 331 4113 vn
355 4071 472 4126 mansos,
501 4055 530 4110 ia
558 4055 612 4110 alia
638 4054 703 4110 villa
717 4053 838 4124 ejusdem
853 4054 970 4111 nominis

171 4147 314 4204 dimidium
343 4160 467 4200 mansum
507 4143 586 4199 unius
609 4142 745 4210 hathonis,
788 4150 815 4198 11
839 4142 970 4214 quidquid

105 4236 112 4248 “
173 4236 302 4311 praelatus
316 4233 445 4290 Gerlacus
459 4239 486 4287 11
499 4247 568 4286 uxor
582 4229 642 4301 ejus
653 4230 805 4287 habuerunt
815 4230 970 4299 Franchun-

172 4326 258 4382 horne
273 4331 301 4380 et
313 4320 591 4392 wolfchershlegere,
622 4318 752 4375 allodium
766 4319 869 4388 Vostal,
898 4321 970 4391 quod

172 4415 246 4471 dedit
267 4427 335 4467 uxor
363 4410 447 4482 ipsius
477 4407 594 4477 Gerlaci,
613 4407 770 4480 parochiam
801 4407 885 4480 ipsius
907 4408 1028 4480 loci,1)j

171 4511 199 4560 et
223 4501 316 4559 villam
343 4513 426 4554 unam
449 4496 649 4566 voestensasso,
680 4495 885 4552 docimationem
914 4496 967 4554 do-

171 4588 337 4649 minicalium
353 4583 589 4652 Hamelemburch,
605 4591 631 4640 et
644 4584 814 4640 dominicalis
832 4584 962 4642 Thisbac.

207 4696 386 4753 Prohibenue
413 4691 494 4748 etiam
520 4697 549 4745 ut
571 4688 645 4746 nulla
667 4689 706 4745 ibi
733 4691 854 4762 qualibet
875 4692 969 4749 subra·

170 4786 272 4862 ptionis
286 4783 383 4841 astutia
400 4781 444 4838 vel
458 4778 587 4836 violentia
610 4787 792 4850 praeponatur,
809 4780 859 4836 nisi
887 4797 968 4852 quam

172 4892 278 4935 sorores
292 4870 429 4930 communi
444 4885 563 4936 assemu,
589 4867 633 4922 vel
648 4883 710 4940 pars
723 4869 837 4924 sanioris
852 4869 967 4939 consilii,

171 4963 318 5023 secundum
332 4960 381 5017 Dei
397 4961 523 5015 timorem
544 4964 570 5012 et
583 4954 656 5012 beati
671 4956 808 5012 Benedicti
834 4959 967 5029 regulam,

172 5052 337 5128 providerint
365 5047 529 5121 eligendam.
561 5044 722 5115 Praepositus
749 5060 857 5117 quoque
881 5047 970 5102 nullus

171 5144 210 5200 ibi
224 5143 292 5198 alius
307 5145 487 5211 praeponatur,
503 5133 555 5190 nisi
569 5149 650 5205 quem
665 5133 810 5204 abbatissa,
832 5135 969 5191 communi

209 5320 284 5390 (118)
295 5318 368 5389 Lege
382 5330 459 5371 nuno
469 5328 517 5378 11,
527 5311 660 5383 siquidem
673 5312 773 5369 electus
783 5320 822 5368 est
835 5311 865 5368 ia
879 5313 971 5384 ponti-

173 5393 252 5449 ficem
268 5387 439 5445 Innocentius
454 5386 476 5439 ll
490 5384 534 5439 die
546 5387 580 5441 23
598 5383 734 5439 Februarii
748 5383 902 5440 11111131).

209 5463 284 5535 (111)
300 5457 392 5525 Vides,
407 5456 502 5522 lector,
518 5461 632 5525 quantas
647 5455 690 5511 hic
706 5470 813 5528 quoque
841 5453 971 5528 ambages

175 5533 353 5608 praeseferunt
382 5533 454 5585 notae
482 5527 525 5581 111
546 5525 756 5601 chronologice,
785 5541 851 5598 quas
873 5525 971 5582 nohum

1055 3277 1117 3350 Ego
1132 3275 1195 3334 Otto
1217 3276 1348 3334 diaconus
1360 3277 1504 3335 cardinalis
1518 3279 1547 3335 S.
1576 3278 1688 3351 Georgii
1701 3277 1736 3335 ad
1764 3279 1821 3336 Va·

1021 3364 1077 3420 lum
1091 3367 1209 3421 Aureum
1223 3365 1380 3438 subscripsi.

1057 3453 1116 3526 Ego
1126 3454 1215 3511 Guido
1229 3453 1358 3510 diaconus
1376 3454 1518 3511 cardinalis
1532 3456 1692 3515 Sanctorum
1714 3455 1822 3514 Cosmae

1021 3549 1050 3598 11
1063 3541 1185 3599 Damiani
1201 3542 1359 3614 subscripsi.

1058 3630 1117 3704 Ego
1144 3630 1307 3688 Octavianus
1333 3631 1463 3688 diaconus
1486 3631 1630 3689 cardinalis
1657 3633 1700 3690 tit.
1730 3634 1822 3691 Sancti

1021 3718 1127 3775 Nicolai
1141 3719 1169 3775 in
1183 3721 1296 3777 carcere
1310 3721 1465 3791 subscripsi.

1058 3815 1128 3873 Data
1142 3817 1264 3873 Laterum
1279 3832 1329 3888 per
1342 3834 1453 3874 manum
1468 3818 1582 3876 Gerardi
1601 3818 1709 3877 Sanctae
1723 3821 1822 3879 lloma·

1023 3919 1066 3960 11
1081 3904 1210 3961 Ecclesiae
1222 3906 1374 3978 presbyteri
1389 3906 1533 3963 cardinalis
1558 3915 1585 3963 et
1610 3907 1821 3978 bibliothecarii,

1022 4008 1059 4048 xv
1074 3992 1179 4049 Kalend
1199 3993 1310 4065 Aprilis,
1335 3994 1483 4053 indictione
1497 4012 1525 4067 x,
1541 3996 1737 4053 incarnationis
1764 3999 1823 4055 Do·

1023 4080 1131 4138 1111111
1144 4097 1216 4139 anno
1231 4085 1310 4150 1111,
1327 4082 1497 4156 pontificatus
1506 4100 1572 4143 vero
1587 4084 1679 4142 domni
1694 4087 1822 4144 Innocen-

1023 4169 1053 4226 111
1068 4170 1094 4225 ll
1107 4185 1186 4243 pape
1201 4186 1272 4228 anuo
1286 4187 1328 4228 111
1341 4172 1427 4244 (179).

1354 4270 1484 4327 bxxut.

1099 4368 1282 4440 Confirmatio
1295 4368 1503 4443 possessionum
1519 4367 1748 4428 Grandis-siloc.

1249 4466 1338 4540 (duno
1354 4468 1434 4530 1111,
1449 4466 1537 4538 April.
1555 4462 1602 4540 1.)

1148 4560 1234 4639 [uatt.
1253 4564 1375 4632 Christ„
1391 4564 1467 4633 xtlt,
1483 4565 1620 4634 lustrum,
1638 4564 1695 4635 18.]

1057 4661 1260 4730 lunocanmus,
1275 4675 1368 4719 servus
1394 4675 1532 4716 servorum
1542 4661 1607 4727 lici,
1634 4661 1740 4717 dilectis
1761 4660 1824 4719 filiis

1022 4751 1191 4806 Bnnrntrmo
1206 4747 1297 4805 abbati
1311 4749 1466 4805 monasterii
1476 4748 1694 4806 Grandis-Silvae
1708 4751 1822 4823 ejusque

1024 4839 1161 4906 iratribus,
1177 4846 1230 4894 tam
1247 4837 1424 4909 praesentibus
1438 4852 1519 4908 quam
1534 4838 1639 4906 suturis,
1668 4840 1821 4912 regularem

1023 4929 1108 4985 vitam
1123 4927 1253 4999 professis
1267 4926 1337 4982 inP.
1357 4928 1389 4981 P.
1409 4928 1448 4981 bl.

1059 5024 1207 5097 Apostolici
1231 5023 1424 5078 moderaminis
1450 5023 1601 5081 clementia
1628 5025 1754 5081 convenit
1780 5041 1823 5082 re·

1023 5114 1134 5188 ligiosns
1152 5112 1266 5186 diligere
1280 5120 1308 5168 et
1321 5127 1415 5168 eorum
1430 5112 1489 5169 loca
1516 5113 1562 5185 pia
1576 5114 1742 5185 protectione
1757 5130 1821 5169 mu·

1024 5291 1159 5362 colloquio
1172 5289 1272 5372 sepius
1286 5289 1352 5345 mihi
1375 5289 1524 5360 conjecisse
1539 5288 1624 5356 licuit,
1652 5290 1822 5362 sapientissi-

1024 5379 1110 5418 mum.
1125 5363 1198 5417 liuta
1212 5361 1302 5434 igitur,
1318 5361 1340 5415 si
1355 5361 1405 5430 vis,
1421 5361 1594 5418 indictionem
1609 5378 1627 5415 x
1641 5361 1670 5417 in
1684 5370 1820 5435 quartam,

1024 5442 1053 5491 11
1067 5449 1166 5490 annum
1182 5430 1277 5506 pontii.
1293 5432 1443 5490 iunocentii
1450 5447 1501 5489 xm
1517 5432 1543 5487 in
1558 5448 1607 5502 xu,
1622 5439 1651 5490 11
1658 5435 1823 5492 conveniant

1025 5520 1086 5563 cum
1102 5518 1173 5562 anno
1188 5505 1268 5562 1111.

175 5609 213 5665 111
238 5619 293 5663 uon
309 5598 455 5659 advertisse
464 5596 617 5665 relatorem,
632 5596 806 5670 ceteroquin,
820 5604 851 5653 ut
863 5611 898 5652 ex
912 5595 972 5669 ejus
1053 5627 1056 5632 -
