3750 6000
107 244 185 307 tero
562 212 619 308 'nn
640 246 782 311 ansus
804 243 961 308 rourrr.
983 241 1097 305 suaa.
1122 277 1161 294 -
1183 243 1256 308 ars.
1279 246 1330 308 ιν.
1738 263 1820 321 raro

102 383 202 440 domui
217 382 325 452 vicina,
338 381 544 440 nidoraduatee
554 383 652 442 carnis
662 400 746 441 nares
757 384 819 455 ejus
829 379 926 453 opple·
942 379 968 444 A
983 385 1132 450 poetarum
1143 386 1172 440 et
1183 383 1297 440 tortiles
1308 376 1495 456 syllogismos
1505 384 1734 456 dialecticorum,
1746 407 1811 462 que

101 473 153 529 vit.
170 472 247 530 Odor
262 476 390 530 mentem
406 473 568 545 advocavit,
579 478 611 530 ut
621 478 650 530 et
659 474 816 547 voluptatis
831 472 930 529 illeoe-
985 484 1037 524 nec
1058 475 1167 539 nosset,
1191 488 1244 528 uec
1263 488 1350 529 nosse
1365 471 1543 545 dignaretur.
1562 475 1703 533 Ceterum
1719 479 1809 550 probe

101 562 155 620 bra
169 568 332 635 caperetur,
353 563 551 635 continuoque
565 565 683 621 reducto
699 564 797 620 animo
811 561 929 635 culpam
985 559 1087 618 doctus
1110 578 1196 633 posse
1217 578 1382 620 sermonem
1408 563 1571 634 quamlibet
1590 565 1749 638 elegantem
1773 584 1808 627 ax

101 668 276 725 agnoscens,
291 651 459 709 luctabatur
477 653 573 709 valide
588 656 620 710 ut
634 654 838 726 cogitationem
856 652 929 708 alias
981 651 1178 722 temporaliter
1200 653 1304 723 facere,
1324 651 1492 709 auditorum
1517 653 1671 726 lacrymas,
1699 658 1817 730 gaudiav

101 747 259 803 averterets
272 743 323 799 sed
335 741 442 798 cumid
454 742 659 813 frustraessst,
671 742 764 799 iratus
778 742 835 798 sibi
842 743 929 813 jura·
979 739 1056 807 coeli,
1073 743 1101 796 st
1117 757 1217 812 pmuss
1233 741 1338 797 inferni
1360 742 1547 813 proponendo
1562 741 1664 799 artifex
1680 759 1807 809 movere,

101 835 232 888 mentum
249 832 285 888 ad
306 835 567 903 sacramentaque
585 833 732 904 tangebat,
753 832 830 897 fecit,
847 830 928 888 nullo
980 830 1153 898 persuadere
1169 829 1325 886 dictionem
1348 845 1437 902 quam
1452 828 1548 897 vellet,
1564 830 1635 888 dum
1653 834 1810 904 quadraret

100 936 134 977 se
148 922 274 995 amplius
291 928 375 995 pacto
390 923 420 978 id
435 938 525 994 genus
546 923 603 980 cibi
619 928 827 981 comesturum.
852 926 928 980 can·
978 917 1037 974 vita
1052 917 1202 988 doctrine,
1226 934 1278 976 nec
1302 918 1385 974 aliter
1399 918 1517 984 viveret,
1542 935 1632 991 quam
1651 921 1808 980 vivendum

101 1012 161 1067 lata
170 1027 236 1082 ergo
248 1012 350 1081 missa,
363 1012 426 1069 cibo
440 1027 548 1068 vaenue
565 1013 600 1070 ad
613 1013 763 1085 negotium
779 1011 926 1080 discessit,
979 1008 1106 1066 doceret.
1115 1009 1241 1081 Ideoque
1251 1010 1426 1082 suggerebat
1438 1007 1464 1064 ei
1477 1010 1551 1065 Deus
1562 1009 1809 1085 eloquium,quod

99 1102 176 1170 quod
200 1103 262 1173 jam
284 1101 396 1158 tardior
416 1101 485 1158 bora
506 1106 622 1174 urgerat
647 1105 796 1170 causatus,
813 1101 927 1158 occasio
978 1103 1055 1156 esset
1077 1102 1107 1154 et
1128 1097 1249 1156 laudum
1280 1101 1344 1171 ejus
1369 1099 1549 1154 incremento
1574 1103 1602 1155 et
1626 1101 1809 1159 auditoribus

98 1188 150 1245 illa
165 1190 270 1260 effecit,
286 1197 316 1246 ut
331 1191 456 1247 arduum
472 1191 590 1261 penitus
610 1197 730 1248 secutus
746 1191 925 1262 eacrnplum,
978 1187 1118 1260 proficuo.
1135 1188 1198 1245 Cibi
1213 1192 1242 1245 et
1250 1193 1347 1262 potus,
1362 1191 1395 1244 ut
1405 1190 1474 1244 ente
1484 1187 1555 1256 dixi,
1568 1193 1631 1245 erat
1641 1189 1806 1262 abstinens,

98 1279 177 1336 omni
200 1278 420 1352 inperpetuum
445 1295 532 1337 carne
557 1283 586 1338 et
609 1281 697 1338 etiem
715 1280 841 1337 unctiori
863 1280 927 1336 cibo
978 1276 1807 1350 quamvisinaulaejus,promorsAuglorum,totispost

97 1373 283 1440 temperaret,
299 1374 471 1426 nontamen
486 1370 672 1427 comedentes
694 1370 788 1443 rigido
804 1385 927 1441 suspen·
977 1365 1132 1437 prandium
1142 1364 1378 1423 bibereturboris
1391 1382 1398 1434 ;
1409 1381 1477 1421 oum
1487 1364 1664 1440 quibusipse
1675 1367 1808 1425 assidens

97 1458 169 1514 dens
184 1459 347 1530 supercilio,
360 1459 441 1516 nullo
452 1460 668 1530 seaflirmabat,
679 1475 779 1517 eorum
796 1459 926 1516 ciborum
977 1453 1108 1526 psalmos
1128 1455 1303 1526 ruminabat,
1328 1453 1429 1511 ordine
1452 1457 1551 1511 tamen
1577 1471 1631 1512 suo
1654 1473 1686 1512 se
1709 1456 1810 1515 bibere

96 1546 188 1604 teneri
200 1547 356 1618 desiderio,
365 1549 389 1604 si
400 1566 458 1621 qua
468 1556 566 1606 tamen
577 1554 727 1607 essetcaro
737 1548 924 1618 delectabilis,
976 1546 1145 1603 simulabat.
1158 1547 1339 1603 flauriebant
1350 1545 1399 1602 alii
1414 1553 1586 1618 spumantes
1596 1549 1729 1618 peteras;
1744 1547 1809 1619 ipse

96 1636 210 1708 opinari
218 1652 259 1708 se,
272 1637 350 1708 quod
361 1636 471 1694 alauda
481 1639 620 1710 majorem
632 1638 924 1695 vescentibusdarent
977 1637 1128 1694 vasculum
1145 1636 1380 1694 minutissimum
1392 1640 1505 1705 tenens,
1521 1636 1615 1693 oosad
1631 1635 1806 1694 hilaritatem

97 1725 284 1796 voluptatem.
938 1692 963 1759 Β
978 1725 1134 1796 invitabat,
1147 1727 1243 1800 magis
1254 1725 1462 1784 consuetudini
1474 1725 1584 1798 patris,
1596 1724 1806 1798 quemjudioio

131 1815 284 1873 Crescente
305 1819 403 1873 autem
428 1817 581 1874 devotione
603 1817 744 1891 propositi
765 1818 841 1890 apud
863 1816 923 1873 Wi-
978 1814 1806 1874 satisfaciensanimi.Nametconsuetudinechrtbmau·

95 1904 229 1977 gerulam
259 1906 423 1963 monnobus
447 1905 539 1963 factus
568 1921 620 1978 per
643 1907 741 1963 omnia
764 1906 860 1962 officia
885 1907 922 1962 ad
978 1922 1083 1962 norum
1099 1905 1331 1974 nonomittebet,
1344 1920 1482 1978 pompam
1494 1904 1623 1961 militum
1639 1920 1739 1962 aecum
1755 1905 1806 1962 du·

95 1995 255 2067 prioratum
278 1998 419 2054 ascendit.
450 1999 482 2054 ln
506 2015 575 2072 quo,
600 1998 670 2054 dum
695 1998 814 2055 sublimi
835 1999 923 2056 laude
977 2012 1058 2062 cens,
1070 1997 1117 2068 qui
1130 1995 1284 2067 stipendiis
1300 1994 1408 2052 annuis
1419 1992 1656 2067 quotidianisque
1665 1994 1739 2051 cibis
1748 1995 1804 2052 lm-

95 2084 237 2141 virtutum
260 2086 391 2158 refulget,
414 2088 602 2145 tentationem
628 2086 835 2145 diabolibonis
858 2089 922 2159 ejus
978 2100 1064 2142 mane
1093 2089 1236 2156 quantum
1267 2084 1495 2157 populabantur.
1528 2083 1612 2139 Circa
1641 2083 1807 2155 religiones,

95 2173 205 2246 (credo)
220 2175 380 2232 invidentis
396 2185 530 2248 expertus
560 2181 614 2233 est.
630 2177 684 2241 Qui
710 2192 776 2232 cum
795 2179 921 2249 quadam
976 2172 1671 2248 talemaccepimus:quotidiemissarucantana
1683 2172 1809 2230 addebat

95 2267 180 2319 nocte
196 2267 262 2321 ante
277 2264 369 2321 altare
386 2269 526 2332 orantem,
544 2270 578 2322 ut
592 2265 751 2323 luctaretur
766 2283 865 2323 secum
879 2271 922 2324 est
977 2265 1166 2332 Psaltsrium‚
1179 2266 1371 2337 omniumque
1382 2268 1550 2321 sanatorum
1562 2263 1724 2332 memorias,
1736 2279 1807 2336 quo·

94 2367 264 2424 aggressus.
281 2353 394 2410 Fortior
415 2352 464 2410 ills
488 2366 565 2411 metu
582 2362 785 2428 provocantem
799 2359 921 2414 adorsus
977 2371 1041 2411 rum
1058 2359 1205 2412 totoanno
1216 2354 1331 2425 singula
1343 2352 1483 2410 solemnia
1494 2354 1665 2423 succedunt,
1681 2352 1807 2425 singulis

94 2441 167 2496 diris
179 2440 365 2499 brachiorum
377 2444 459 2500 nodis
469 2444 556 2514 elisit,
569 2446 647 2502 idem
658 2446 787 2502 secundo
798 2451 826 2502 st
837 2447 921 2504 tertio
976 2444 1006 2501 iu
1022 2448 1134 2516 septem
1151 2443 1270 2508 divisas,
1282 2459 1332 2516 per
1343 2447 1451 2516 septem
1468 2458 1525 2498 non
1540 2441 1691 2498 omittebat
1705 2442 1805 2500 boras.

94 2527 172 2598 fecit,
189 2531 245 2586 nisi
261 2532 339 2604 quod
358 2532 445 2590 tertia
464 2534 526 2591 vice
544 2535 733 2605 suspiriosus,
753 2537 827 2591 entis
842 2536 921 2592 inca·
977 2534 1213 2606 Quotiescunque
1240 2533 1398 2605 wigornie
1419 2537 1507 2601 esset,
1524 2531 1645 2588 missam
1661 2531 1804 2603 majorem

95 2616 921 2697 lescentibusillumpulsusedst'scissepsuesignificavit;
975 2620 1806 2696 impigercantsbat,dicensidserependersseptiaranarii

95 2708 145 2764 sed
162 2708 257 2765 adfuit
271 2709 399 2767 clemens
414 2711 560 2782 divinitas,
581 2730 646 2785 que
661 2718 824 2772 monstrum
841 2716 921 2771 insa·
976 2714 1082 2787 officio,
1099 2731 1158 2786 quo
1174 2715 1236 2785 ipae
1250 2730 1302 2787 pro
1318 2713 1486 2786 episcopatu
1503 2711 1613 2768 absolvi
1629 2710 1730 2782 nollet,
1745 2710 1806 2770 col·

95 2796 179 2853 niens
193 2797 297 2870 abegit.
324 2802 385 2867 Quo
408 2800 438 2856 in
454 2817 540 2858 auras
561 2807 761 2873 evanescente,
777 2803 921 2862 intellexit
975 2802 1116 2860 lationem
1130 2820 1245 2876 quoque
1260 2802 1428 2875 frequenter
1437 2801 1592 2869 interebat,
1604 2799 1728 2873 iensque
1737 2815 1806 2857 oum

94 2885 244 2944 Wlstanus
258 2887 408 2945 diabolum
434 2905 509 2962 esse,
533 2906 601 2947 cum
625 2896 692 2949 ante
712 2897 843 2966 putasset
858 2908 920 2951 scr·
977 2892 1090 2951 ceteris
1104 2893 1135 2951 ia
1150 2892 1322 2962 ecetesiam,
1339 2892 1416 2948 facta
1434 2890 1619 2948 confessione
1633 2889 1806 2964 redditaque

93 2974 919 3051 rientemquemdamfuisec,cujusilleformamindusrat.
935 3012 958 3080 c
976 2982 1179 3040 benedictione
1189 2981 1219 3037 iu
1229 2978 1390 3037 triclinium
1401 2995 1431 3037 se
1450 2978 1616 3051 recipiebat.
1638 2982 1719 3053 Equo
1732 2993 1804 3052 quo·

95 3064 185 3134 Cujus
199 3066 238 3121 rei
254 3082 313 3123 nou
333 3066 421 3123 fallax
440 3067 562 3125 dabatur
577 3068 731 3140 indicium,
753 3072 829 3143 quod
846 3087 921 3143 quo·
977 3071 1212 3145 cunquevadens
1223 3069 1397 3127 Psaltsrium
1408 3067 1804 3140 frequentabat,orationeles

94 3167 210 3225 cunque
234 3157 338 3210 eventu
370 3155 543 3213 servientem
569 3156 653 3213 illurn
677 3158 797 3227 videret,
823 3160 920 3216 statim
975 3177 1085 3231 versus,
1102 3160 1151 3232 qui
1166 3160 1369 3226 occurrebant,
1384 3158 1421 3213 ad
1438 3155 1586 3213 fastidium
1602 3154 1805 3212 concantantis

94 3242 221 3297 tremore
245 3242 378 3298 membra
407 3251 573 3315 pererrante
601 3249 681 3303 totus
704 3246 919 3319 expallesceret.
977 3250 1077 3308 crebro
1093 3253 1238 3321 repetens.
1253 3246 1369 3304 Nullius
1380 3261 1509 3317 unquam
1520 3260 1649 3318 persona
1661 3243 1807 3312 contuitu,

95 3330 203 3387 Cetera
212 3331 293 3386 omni
304 3332 410 3388 timore
423 3349 542 3403 vacuus,
553 3339 586 3390 ut
597 3335 758 3392 affirmaret
768 3351 800 3393 se
812 3338 922 3395 rescire
977 3355 1030 3396 nec
1045 3340 1135 3396 etiam
1150 3338 1180 3395 iu
1192 3337 1274 3395 curia
1285 3336 1360 3408 regis
1371 3334 1494 3408 positus,
1506 3338 1534 3391 st
1546 3335 1582 3390 ad
1594 3348 1726 3390 mensam
1741 3333 1807 3406 eJus

94 3417 165 3487 quid
180 3421 379 3487 casetterror;
395 3420 444 3490 qui
455 3436 602 3492 nunquam
620 3439 671 3494 pro
682 3424 809 3481 fractura
824 3426 922 3496 pontis
976 3430 1123 3495 assidens,
1147 3427 1378 3496 benedictiones,
1399 3442 1474 3499 quas
1497 3423 1583 3497 Angli
1599 3440 1688 3497 super
1702 3427 1805 3496 potum

95 3522 168 3576 equo
181 3506 376 3576 descenderit,
392 3508 443 3580 qui
454 3508 483 3563 in
499 3510 670 3568 summitate
685 3513 861 3570 fabricarum
872 3532 923 3586 per
977 3520 1132 3586 faciebant,
1157 3518 1268 3574 omisit.
1294 3517 1324 3574 Si
1347 3515 1465 3588 quando
1486 3529 1554 3570 eum
1579 3512 1739 3570 necessitas
1764 3510 1802 3568 ad

95 3595 325 3666 angustissimos
344 3612 412 3652 axes
436 3613 557 3655 securus
572 3599 735 3671 incesserit,
760 3607 792 3658 ut
806 3603 842 3659 de
856 3603 922 3676 ipso
977 3608 1147 3666 comitatum
1164 3605 1294 3679 urgebat,
1310 3605 1443 3662 omnium
1459 3602 1551 3674 primo
1568 3600 1801 3658 maledictionem

98 3685 203 3740 merito
218 3685 347 3741 dicatur:
363 3708 377 3736 «
393 3688 493 3743 fustus
508 3691 541 3743 ut
554 3688 599 3745 leo
614 3689 744 3746 confidit.
763 3713 778 3741 a
795 3691 921 3762 interea,
976 3698 1083 3771 pravis,
1100 3695 1328 3753 benedictionem
1342 3693 1429 3750 rectis
1442 3689 1656 3764 imprecabatur
1671 3688 1799 3745 arbitris.

95 3789 183 3845 quam
200 3774 336 3845 superius
358 3775 428 3841 dixi,
453 3791 543 3832 causa
561 3781 660 3834 enoria
681 3782 735 3848 est,
757 3795 815 3852 qua
831 3780 923 3837 Roma
976 3789 1052 3845 'futu
1068 3785 1223 3843 considens
1236 3784 1261 3840 si
1276 3783 1404 3839 divinum
1420 3781 1489 3851 quid
1505 3777 1719 3844 eventilaretur,
1734 3775 1805 3849 vigi·

94 3863 214 3919 veniens
225 3863 348 3920 Alredus
358 3864 593 3938 archiepiscopus
601 3869 764 3925 consecutis
775 3870 921 3942 evestigio
975 3877 1070 3934 lantes
1084 3874 1253 3931 intendebat
1268 3871 1375 3928 mantis
1390 3868 1499 3937 aciem;
1516 3867 1541 3924 ai
1557 3866 1703 3935 saeculare,
1724 3863 1804 3938 quod

95 3952 292 4009 cardinalibus
306 3953 505 4025 Wigoruiensi
524 3955 632 4012 civitati
648 3959 817 4030 episcopum
835 3976 920 4033 urge·
975 3963 1107 4020 erebrius
1118 3962 1190 4029 erat,
1203 3957 1322 4016 fastidio
1334 3956 1433 4029 segnis
1445 3952 1688 4023 obdormiscebat,
1700 3951 1767 4009 licat
1777 3951 1802 4007 si

94 4045 175 4096 retur
190 4056 369 4097 consecrare.
387 4041 437 4099 Illa
457 4043 579 4100 coasilio
595 4045 720 4103 deducto
742 4047 773 4103 in
789 4048 919 4105 medium
976 4053 1042 4125 quis
1051 4048 1390 4109 contraeumdicendum
1401 4046 1543 4116 putasset,
1551 4042 1802 4098 nonsumobtusae

93 4145 255 4201 cavensque
269 4130 426 4187 rsbussuis
437 4131 466 4186 in
482 4139 629 4202 posterum
644 4133 811 4192 Wlstanum
823 4137 919 4209 elegit,
975 4141 1103 4199 scientie
1117 4155 1182 4197 esse
1202 4139 1233 4194 iu
1248 4134 1451 4207 respondendo
1471 4131 1657 4204 intelligeret.
1678 4131 1803 4186 Venerat

92 4219 273 4276 inefficacem
289 4218 399 4276 scilicet
409 4228 498 4290 ratus,
515 4223 600 4292 cujus
615 4223 801 4295 simplicitate
812 4228 840 4282 et
850 4242 919 4282 san·
975 4232 1011 4288 ad
1027 4246 1094 4288 sum
1109 4231 1187 4286 fama
1203 4227 1352 4300 religionis
1367 4223 1478 4281 accitus
1494 4219 1645 4294 presbyter
1659 4219 1802 4279 vocabulo

92 4309 357 4382 alimoniarapinas
373 4312 612 4385 umbrarsteuas,
628 4319 768 4386 rapturus
783 4316 918 4374 derebus
933 4323 956 4389 Ι)
972 4319 1136 4391 Egelrious3
1153 4317 1239 4388 eujns
1250 4312 1382 4386 exemplo
1393 4309 1571 4367 scintillante
1587 4305 1711 4363 multum
1722 4305 1752 4362 in
1768 4323 1800 4364 ae

91 4399 288 4469 episcopatus,
305 4400 381 4470 quod
398 4400 510 4457 liberet.
525 4402 723 4462 cardinalium
738 4421 806 4478 ergo
823 4407 918 4464 farore
972 4406 1135 4464 sanctitatis
1151 4404 1283 4460 fomitem
1295 4403 1440 4473 rapuerat.
1456 4399 1524 4454 Erat
1534 4396 1611 4452 enim
1627 4393 1676 4451 ille
1690 4395 1799 4452 oratio·

91 4487 244 4544 Wfstenus
273 4488 460 4560 approbatus,
491 4493 520 4546 et
545 4492 726 4550 examinatus
755 4496 917 4567 severitate,
972 4494 1225 4554 nibuscoutinuis
1245 4490 1425 4548 etiamintsr
1444 4487 1546 4543 turbas
1568 4486 1603 4542 ad
1620 4483 1798 4541 miraculum

91 4577 223 4633 divinum
239 4592 344 4634 munus
359 4579 496 4652 suscepit,
514 4580 695 4653 pulchroque
710 4591 738 4640 et
757 4584 917 4642 venerabili
970 4585 1132 4642 videntium
1148 4582 1277 4650 deditus,
1290 4584 1321 4636 ut
1336 4578 1387 4652 qui
1402 4575 1532 4650 quotidie
1544 4573 1713 4632 Pealtcrium
1729 4589 1798 4631 cum

92 4666 229 4739 presagio
245 4667 449 4739 prognosticon
463 4669 598 4726 obvenit:
616 4671 913 4745 licceverelsraelita,
969 4671 1161 4738 orationibus,
1187 4686 1245 4727 non
1270 4666 1391 4724 minoris
1414 4662 1541 4728 numeri,
1567 4660 1709 4718 evolverat
1731 4664 1798 4731 post

90 4758 120 4813 in
137 4774 194 4828 quo
216 4757 301 4815 dolus
324 4775 381 4816 uon
400 4759 461 4816 esti
486 4759 564 4816 Nihil
589 4778 708 4833 prorsus
730 4765 837 4832 verius,
862 4783 915 4823 uec
968 4762 1110 4831 missam3
1126 4761 1199 4818 adeo
1210 4759 1240 4815 in
1250 4755 1433 4829 corripiendo
1443 4769 1519 4822 acer,
1535 4755 1567 4809 ut
1581 4753 1668 4808 etiam
1681 4748 1796 4821 episco-

89 4846 168 4903 enim
179 4848 289 4904 bonum
304 4847 334 4902 iu
345 4864 378 4904 eo
390 4847 534 4905 simulate
542 4851 715 4922 sanctitatis,
729 4868 781 4910 neo
793 4853 818 4909 si
830 4869 914 4911 secus
968 4864 1037 4921 pum
1052 4849 1162 4920 ipsum,
1174 4850 1199 4904 sl
1214 4845 1342 4919 quando,
1359 4847 1390 4901 ut
1403 4843 1437 4898 frt
1450 4841 1479 4897 in
1495 4839 1651 4912 loquendo,
1662 4840 1741 4895 esset
1754 4851 1798 4893 rs·

89 4935 170 5007 quid,
186 4935 297 4993 callida
315 4937 517 4993 fraudulentiae
537 4938 601 4994 fuit.
624 4939 679 4996 Sed
706 4956 757 4996 nec
771 4941 914 4999 uldredus
968 4940 1094 5011 missior,
1107 4939 1204 4996 statim
1217 4937 1260 4995 vel
1273 4938 1407 5010 argueret
1421 4932 1528 4999 verbis,
1541 4929 1585 4987 vel
1601 4929 1797 4986 reverberaret

89 5024 130 5080 ita
144 5040 260 5096 segnem
277 5026 322 5096 (ut
338 5025 468 5097 putabat)
484 5028 637 5098 persensit.
654 5030 805 5100 Siquidem
820 5032 912 5103 maJo·
967 5030 1069 5086 oculis.
1079 5030 1153 5087 Nam
1165 5029 1285 5086 antistes
1296 5042 1414 5084 suorum
1425 5040 1442 5080 a
1453 5028 1531 5080 recto
1545 5019 1796 5093 transgressiones

89 5127 150 5168 rem
167 5119 278 5184 partem
297 5130 406 5184 rerum,
422 5131 496 5187 quas
509 5116 638 5173 indebite
656 5118 814 5187 detinebat,
831 5118 912 5177 blan·
967 5117 1153 5176 alumnorum
1168 5117 1350 5191 corripiebat,
1363 5115 1414 5173 sed
1426 5113 1532 5185 sapius
1549 5115 1693 5183 quatenns
1707 5108 1795 5165 boue·

89 5200 169 5257 dicits
183 5201 218 5257 ab
233 5218 266 5259 eo
281 5204 441 5278 subripuit,
457 5206 626 5263 tenuitatem
637 5223 722 5263 suam
739 5207 780 5263 illi
797 5225 831 5265 ex
841 5214 913 5265 tem·
966 5216 1026 5266 stas
1038 5209 1156 5278 sioerct,
1168 5207 1310 5266 tolerabat
1322 5224 1329 5275 ;
1341 5207 1371 5261 in
1383 5203 1480 5260 divino
1491 5199 1645 5272 segnitiem
1656 5197 1793 5270 obsequio

88 5305 157 5363 pore
172 5291 312 5363 allegans.
331 5296 371 5349 lta
386 5294 516 5352 officium
532 5294 696 5367 injunctum
713 5299 808 5371 magis
823 5299 912 5356 insito
967 5299 1047 5356 nullo
1064 5300 1149 5356 modo
1165 5299 1288 5371 patiens,
1301 5297 1325 5353 ai
1339 5295 1405 5367 quis
1420 5291 1620 5349 ministrorum
1635 5287 1679 5346 vol
1695 5293 1790 5345 temu-

89 5379 229 5436 virtutum
245 5395 342 5439 amore
355 5399 442 5453 quam
460 5382 621 5440 litteratura
642 5385 735 5442 fretus
751 5390 910 5446 exercebat.
966 5388 1115 5456 leutia,vel
1128 5386 1324 5444 somnolentia
1334 5386 1437 5451 victus,
1448 5380 1601 5437 matutinis
1611 5393 1668 5435 nou
1680 5377 1792 5436 adfuis-

88 5470 259 5539 Quanquam
275 5485 334 5525 non
350 5469 392 5525 ita
405 5470 493 5527 hebes
509 5473 539 5528 in
554 5472 659 5531 litteris
676 5478 720 5544 (ut
743 5478 912 5550 putabatur)
966 5481 1024 5544 set,
1035 5477 1094 5533 acri
1107 5474 1204 5532 ferula
1216 5478 1282 5531 actu
1293 5472 1325 5529 in
1335 5471 1420 5527 illum
1431 5469 1544 5527 ulcisci.
1556 5468 1719 5525 Prostremo
1730 5480 1793 5538 per·

88 5556 185 5630 fucrit,
210 5556 261 5630 qui
286 5564 390 5616 catera
413 5560 529 5632 negotia
551 5561 649 5633 sciret,
670 5569 776 5636 preater
799 5565 911 5626 fabulas
967 5583 1058 5627 sonas
1072 5565 1256 5624 honestiores
1271 5579 1324 5637 per
1338 5578 1370 5620 se
1383 5559 1532 5619 excitando
1549 5558 1613 5632 ipse
1632 5553 1793 5614 matutinas
