3750 6000
95 201 150 255 ΞΗ)

707 206 880 260 tlt'tsTtttstl
904 209 945 260 tlt
966 208 1161 262 rtttt'tt.t]Gl.t

1697 212 1751 263 250

94 331 248 396 prestante
263 325 390 389 Domino,
398 326 521 396 poteritis
532 327 657 398 adipisci,
667 329 756 384 eidem
772 331 896 387 ecclesiae
909 332 938 391 A
954 333 1036 386 etiam
1053 349 1112 403 quae
1127 347 1177 386 sua
1193 336 1254 386 sunt
1269 346 1324 386 non
1339 331 1420 386 debet
1435 330 1570 386 amittere.
1593 331 1666 399 Quia
1682 347 1750 403 ergo

94 415 209 486 integra
225 415 253 469 in
269 423 428 485 perpetuum
444 424 471 471 et
485 417 590 471 illibata
605 427 758 473 serventur.
777 421 900 490 Sepultu-

95 518 154 556 ram
171 519 283 574 quoque
299 504 383 573 ipsius
412 505 464 560 loci
494 506 609 559 liberam
639 508 897 574 essetlrcerninrns,

96 598 125 644 ut
138 591 278 656 videlicet,
296 592 371 646 salva
380 593 487 662 justitia
502 595 623 650 matricis
645 597 781 659 eeclesiae,
805 614 899 651 eorum

95 679 144 750 qui
160 697 192 734 se
208 681 263 736 illic
279 681 392 751 sepeliri
407 682 627 751 deliberaverint,
654 685 791 739 elevationi
808 695 834 738 et
847 703 898 739 su-

95 769 898 837 premaevoluutati,nisilorteexcommunicatisintnullus

95 856 225 913 obsistat.
242 858 365 914 (ibertute
382 876 447 915 rcro
463 870 488 916 te
504 878 575 917 nunc
590 862 712 931 ejusdem
728 864 779 920 loci
796 865 897 933 priore,

94 947 138 1000 vel
156 955 269 1002 tuorum
284 948 406 1019 quolibet
419 965 617 1014 successorum.
631 953 719 1007 nullus
730 954 765 1007 ihi
778 955 898 1024 qualibet

94 1037 284 1106 subreptionis
299 1038 402 1092 astutia
430 1055 478 1094 seu
501 1041 628 1095 violentia
645 1052 827 1113 preponatur,
844 1044 897 1099 nisi

94 1141 177 1196 quem
195 1125 292 1180 iratres
307 1129 445 1182 communi
474 1144 600 1195 assensu,
631 1140 676 1186 aut
702 1132 817 1185 fratrum
834 1149 897 1201 pars

93 1214 214 1269 sanioris
229 1215 350 1281 concilii,
366 1218 517 1272 secundum
546 1220 596 1273 Dei
626 1220 751 1275 timorem
776 1231 800 1276 et
825 1222 896 1276 beati

94 1304 243 1376 Augustini
260 1306 391 1376 Regulam
406 1308 575 1378 providerint
591 1310 760 1377 eligendum.
793 1312 895 1365 Statui-

93 1409 239 1465 rnusergo
260 1402 289 1450 ut
317 1412 407 1467 neque
435 1397 538 1453 matrici
568 1399 705 1462 Ecclesiae,
736 1415 786 1454 nec
815 1400 897 1456 alicui

94 1483 210 1537 omuino
224 1484 368 1538 homiuum
385 1485 463 1540 liceat
479 1494 596 1540 vestram
615 1487 765 1542 Ecclesiam
794 1497 896 1544 temere

955 423 1043 475 saeris
1059 422 1209 475 canonibus
1226 421 1380 474 continetur
1396 432 1421 474 ut
1436 436 1451 473 a
1468 422 1579 490 proprio
1596 421 1751 490 metropoli-

955 518 1017 564 tarro
1033 510 1147 580 utrisque
1162 509 1351 580 sull’ragnneus
1365 517 1553 574 consecretur,
1566 526 1673 577 crottum
1687 525 1750 565 esse

953 600 1129 669 cognoscitur
1144 599 1166 652 si
1192 600 1242 652 hoc
1267 598 1355 668 ipsum
1381 599 1406 650 iu
1433 614 1548 666 persona
1573 598 1750 667 legionensis

953 689 1032 742 electi
1047 704 1096 740 sno
1112 689 1206 742 ordine
1223 696 1408 751 ronservetur,
1422 687 1571 756 praesertim
1587 703 1649 741 cum
1667 687 1750 741 irater

953 785 1046 831 noster
1066 778 1098 831 ll.
1116 777 1279 830 'lolestarrus
1306 777 1532 847 archiepiscopus
1562 791 1611 845 pro
1630 790 1662 830 eo
1677 776 1750 847 quod

952 867 1044 919 Arium
1073 866 1271 937 legionensem
1301 866 1461 935 episcopum
1489 865 1592 935 absque
1623 865 1749 920 mandato

952 955 982 1008 S.
1005 956 1036 1010 ll.
1053 955 1193 1016 Ecclesiae,
1210 955 1287 1023 cujus
1302 962 1359 1008 erat
1375 953 1575 1023 suffraganeus,
1589 969 1750 1008 consecrare

952 1043 1135 1114 praesumpsit,
1154 1042 1234 1097 ltrerit
1248 1044 1283 1097 ab
1299 1043 1447 1112 episcopali
1469 1059 1619 1111 suspensus
1635 1040 1725 1097 ol'ticio
1743 1059 1749 1095 ε

951 1142 1022 1196 idem
1039 1151 1216 1197 consecratus
1231 1159 1280 1212 pro
1294 1143 1390 1196 eadem
1401 1140 1505 1196 ollensa
1517 1142 1542 1194 in
1556 1157 1637 1196 manu
1654 1149 1751 1196 nostra

951 1233 1136 1301 episcopatum
1168 1249 1216 1300 per
1243 1231 1361 1301 insignia
1387 1230 1551 1300 pontilicnlia
1577 1231 1745 1284 refutaverit.

950 1319 1228 1390 ,Eqrrnnimiterergo
1258 1318 1326 1372 lernt
1355 1324 1402 1371 tua
1431 1318 1598 1383 fraternitas,
1615 1318 1638 1371 si
1653 1319 1750 1386 hujus-

951 1408 1025 1461 ιιιιιιΙι
1040 1407 1245 1462 difficultatibus
1259 1408 1305 1475 Jus
1319 1409 1346 1460 B.
1362 1408 1429 1460 l‘etri
1446 1408 1592 1460 minuendo
1608 1407 1749 1461 materiam

951 1497 1104 1550 ministrare
1120 1513 1173 1550 uon
1190 1497 1325 1551 columns.
1352 1498 1391 1550 lle
1406 1504 1505 1551 caetero
1530 1496 1613 1549 lilium
1629 1504 1750 1549 nostrum

93 1572 272 1641 ilesfflfbafssr
288 1580 335 1627 ‘¹1¹‘
350 1574 411 1642 ejus
427 1576 749 1645 P⁰⁸⁸⁰⁵Si<>¹1⁰⁵ss¹¹fsslfssa
766 1582 807 1631 rel
823 1579 897 1633 abla·
952 1586 979 1638 P.
997 1586 1152 1651 l'uleoncm,
1171 1586 1301 1641 Ecclesiae
1317 1594 1368 1639 tute
1382 1584 1563 1654 capellanum,
1581 1584 1626 1653 qui
1641 1599 1690 1653 pro
1704 1592 1750 1638 tuo

91 1661 432 1729 ίὸδΓθΙίὓθΐθιωίῦϋθῑὍ,
449 1681 497 1718 seu
521 1679 538 1718 a
560 1665 637 1718 vobis
653 1666 804 1737 quidquam
820 1668 1054 1750 ultrassbonere
1069 1684 1150 1746 atquc
1166 1675 1277 1729 servitio
1306 1675 1331 1727 in
1361 1675 1482 1728 Romana
1510 1672 1751 1742 llectesiasaepius

90 1748 118 1803 id
133 1750 208 1820 il¹¹⁰d
225 1758 269 1805 0⁵²
283 1752 433 1822 an'illl'us
448 1755 622 1808 ⁰⁰¹¹S²ll¹¹¹⁰¹¹¹
645 1756 771 1826 ellgsslssa
785 1765 831 1810 aut
845 1774 894 1811 VOS
949 1764 1090 1819 laborarit.
1109 1764 1208 1834 tibique
1225 1763 1302 1818 valde
1318 1763 1406 1817 lidelis
1420 1771 1446 1817 et
1462 1764 1577 1816 devotus
1593 1761 1694 1825 existit,
1706 1769 1750 1815 tua

91 1838 623 1913 sillibflslibffl¹1¹⁰¹e⁸¹l⁵³⁹safigilli⁵⁰d
647 1844 742 1898 0¹1¹¹¹l³
758 1847 836 1900 VOblS
856 1847 896 1899 ln·
950 1862 1104 1933 lieniguitas
1120 1862 1245 1915 attentius
1275 1861 1374 1914 habeat
1402 1860 1647 1915 commendatum:
1672 1858 1750 1926 cujus

89 1935 166 1997 tegra
180 1936 381 1985 conserventur
394 1946 680 2003 eorum,prequnrum
695 1934 895 2005 gubernatione

90 2024 115 2070 et
129 2017 336 2072 sustentatione
356 2034 486 2073 concessa
514 2029 580 2074 sunt
610 2021 707 2076 usibus
736 2023 893 2092 probatura3

89 2104 165 2159 salva
182 2105 316 2160 nimirum
331 2107 481 2163 diaecesani
497 2109 619 2180 episcopi
647 2111 780 2167 canonica
793 2113 896 2179 justitia

91 2201 115 2248 et
129 2195 300 2250 reverentia.
318 2196 345 2249 Si
362 2213 413 2266 qua
430 2197 550 2269 igiturin
562 2207 699 2268 posterum
710 2200 895 2257 ecclesiastica

91 2283 272 2339 secularisve
288 2300 415 2355 persona,
433 2286 503 2341 hauc
517 2295 619 2342 uostrae
634 2289 833 2344 constitutionis
849 2307 895 2360 pa-

92 2372 181 2443 ginam
200 2373 304 2438 sciens,
321 2385 418 2429 contra
433 2391 492 2429 earu
507 2384 612 2432 temere
627 2379 721 2432 venire
737 2379 891 2447 tentaverit,

93 2462 214 2517 secundo
246 2463 363 2517 tertiove
392 2463 566 2530 commonita,
596 2465 648 2519 nisi
681 2475 787 2520 reatum
815 2485 895 2522 suum

95 2563 216 2623 congrua
232 2552 419 2608 satisfactione
433 2556 593 2619 correxerit,
610 2556 752 2624 potestatis
768 2556 894 2611 honoris·

95 2654 143 2709 que
158 2639 200 2693 sui
215 2639 352 2703 dignitate
366 2648 466 2708 careat,
496 2658 627 2714 reamque
642 2661 672 2698 sc
687 2644 780 2698 divino
791 2645 894 2712 jndicio

97 2727 211 2783 existere
239 2728 276 2782 de
303 2738 459 2799 perpetrata
488 2730 630 2802 iniquitate
658 2742 816 2800 cognoseat,
837 2742 894 2788 eta

99 2816 279 2873 sacratissimo
294 2833 413 2887 corpore
428 2834 460 2874 ac
475 2821 609 2892 sanguine
626 2820 674 2874 Dei
690 2829 716 2875 et
726 2822 894 2890 Rerlempto-

101 2905 129 2959 ris
142 2906 230 2960 nostri
245 2907 310 2961 lesu
327 2907 428 2962 Christi
444 2909 531 2963 aliena
556 2909 612 2975 liat,
630 2919 712 2981 atque
727 2912 753 2964 in
769 2920 892 2966 extremo

103 2995 222 3050 examine
239 2995 371 3052 districtae
386 2997 481 3053 ultioni
496 2999 646 3065 subjaceat.
669 3000 781 3054 Cunctis
801 3009 891 3055 autem

105 3083 182 3137 eidem
196 3085 323 3139 ecclesiae
337 3102 386 3139 sua
398 3085 459 3153 jura
474 3088 645 3141 servantibus
662 3088 697 3142 sit
716 3105 768 3158 pax
785 3089 893 3144 Domini

106 3172 177 3226 rostri
192 3173 257 3227 Jesu
273 3174 387 3239 Christi,
405 3183 537 3246 quatenus
565 3184 591 3230 et
618 3176 664 3232 hic
684 3177 798 3232 lrnctum
815 3179 893 3233 bonae

107 3260 205 3316 actionis
235 3262 400 3332 percipiant,
430 3273 456 3318 et
487 3265 561 3334 apud
589 3265 741 3320 districtum
769 3266 892 3322 iudicem

108 3350 204 3417 praemia
231 3360 345 3407 aeternae
373 3354 450 3423 pacis
477 3353 627 3409 inveniant.
666 3357 761 3421 dmen,
792 3371 891 3423 arnam,

108 3451 188 3495 tneo.

134 3537 189 3609 Ego
203 3538 380 3594 Innocentius
408 3538 553 3595 Catholicae
583 3539 717 3596 Ecclesiae
745 3542 893 3613 episcopus

108 3625 257 3697 subscripsi.

132 3724 369 3795 EgoGuillelmus
397 3726 622 3782 Praenestinensis
652 3728 796 3800 episcopus
826 3729 893 3783 suh-

106 3828 204 3883 acnpsr.

133 3911 190 3984 Ego
219 3912 369 3983 Gregorius
395 3913 527 3968 diaconus
555 3913 704 3969 cardinalis
733 3915 894 3971 Sanctorum

104 3999 183 4073 Sergii
199 4011 225 4055 et
240 4001 339 4056 Bacchi
354 4002 514 4072 subscripsi.

132 4101 199 4155 bata
216 4101 285 4155 Pisis
299 4116 352 4171 per
365 4116 477 4155 manum
492 4101 636 4170 himerici,
652 4111 755 4158 sauctae
766 4104 896 4158 Romanae

101 4187 228 4244 Ecclesiae
243 4190 352 4246 diaconi
369 4190 521 4245 cardinalis
535 4198 560 4245 et
576 4191 741 4255 cancellarii,
754 4209 773 4245 ιι
793 4192 896 4246 lielen-

100 4278 142 4332 das
157 4279 327 4345 decembris,
344 4279 492 4334 indictione
508 4295 568 4345 xnr,
586 4281 781 4335 incarnationis
798 4281 897 4336 Domi-

950 1965 989 2018 rei
1004 1964 1218 2034 experimentum
1235 1979 1267 2017 co
1285 1965 1336 2017 hoc
1351 1961 1386 2016 ad
1402 1978 1523 2031 praesens
1540 1961 1750 2016 volumuscom-

949 2055 1077 2124 probare,
1092 2061 1119 2105 ut
1131 2053 1256 2106 videlicet
1271 2068 1302 2105 co
1316 2051 1418 2120 apscede
1431 2051 1580 2105 redditibus
1591 2049 1750 2119 capellaniae
1820 2076 1823 2091 ·

949 2159 1005 2197 suae
1021 2141 1072 2195 sibi
1087 2150 1150 2194 sunt
1164 2157 1178 2192 a
1194 2140 1324 2194 iratribus
1354 2139 1505 2204 imminuta,
1536 2140 1604 2193 sicut
1617 2155 1667 2209 per
1682 2146 1707 2193 te
1723 2145 1750 2193 et

948 2232 1023 2301 ipsos
1039 2231 1063 2285 ei
1079 2230 1177 2285 dicitur
1193 2246 1255 2283 esse
1270 2228 1447 2298 promissum,
1466 2227 1516 2297 ipsi
1531 2228 1634 2297 absque
1650 2226 1749 2295 majori

949 2329 1177 2398 dilationemque
1193 2325 1443 2395 recompensatione
1458 2324 1563 2378 restitui
1579 2324 1681 2385 lacias;
1698 2339 1749 2378 nos

949 2427 1038 2472 nutem
1055 2418 1090 2471 dc
1106 2417 1146 2470 his
1156 2433 1217 2486 qtrae
1228 2416 1315 2470 eidem
1326 2413 1462 2469 contulisti
1474 2413 1612 2468 devotioni
1623 2422 1675 2467 tuae
1685 2427 1748 2484 gra·

949 2525 988 2570 tes
1002 2514 1156 2580 referimus,
1170 2521 1194 2568 et
1205 2523 1233 2567 ut
1248 2521 1366 2581 creptam
1377 2528 1442 2583 erga
1454 2527 1517 2564 eum
1532 2510 1748 2565 benevolentiam

948 2614 1010 2669 laeto
1024 2621 1050 2667 et
1065 2613 1170 2666 meliori
1187 2610 1239 2664 bne
1255 2610 1382 2680 perlicias
1398 2609 1499 2679 pariter
1515 2610 1706 2679 deprecamur.

984 2712 1080 2766 Datum
1097 2710 1165 2764 Pisis
1181 2727 1207 2763 ιιι
1222 2708 1287 2763 lial.
1307 2708 1436 2762 ianuarii.

1288 2823 1411 2877 CXCIX.

954 2930 1088 2986 ll'illcbrto
1103 2928 1311 3000 archiepiscopo
1335 2933 1362 2983 cl
1389 2928 1521 2982 Ecclesiae
1545 2924 1748 2982 Cantaurierrai

983 3012 1085 3064 asserit
1110 3010 1258 3065 ecclesium
1286 3010 1303 3063 S
1344 3007 1465 3062 liurtbti
1493 3008 1689 3071 treverensem,
1713 3005 1747 3059 ab

982 3090 1100 3144 llere-rico
1116 3090 1275 3160 duplorum
1292 3103 1353 3159 rape
1368 3088 1517 3142 claritatem.

1195 3208 1287 3273 (Aurio
1308 3205 1493 3271 ttae-tlte.)

1141 3320 1300 3391 llloncalic.
1320 3319 1447 3389 Aeolia„
1465 3318 1497 3385 ll,
1515 3317 1559 3386 ¹⁵¹·l
1806 3392 1808 3398 Ι

982 3422 1184 3483 inaccessam,
1201 3434 1296 3472 servus
1306 3432 1449 3471 servorum
1461 3415 1521 3478 Dei.
1533 3412 1681 3470 venorabili
1692 3412 1746 3468 sru-

947 3517 980 3572 tri
994 3517 1153 3570 Wrctnmto
1169 3515 1356 3569 cantuariensi
1382 3514 1598 3584 archiepiscopo,
1624 3511 1742 3584 ejusque

948 3605 1152 3661 successoribus
1167 3605 1297 3658 canonice
1313 3603 1509 3658 substituendis
1526 3601 1553 3656 in
1569 3609 1743 3673 perpetuum.

982 3701 1153 3756 Desiderium
1171 3701 1242 3772 quod
1255 3701 1289 3755 ad
1302 3700 1441 3772 religionis
1458 3700 1626 3770 propositum
1641 3707 1667 3753 ct
1682 3698 1744 3753 ani-

947 3815 1051 3853 marum
1068 3797 1183 3853 salutem
1201 3799 1336 3867 pertinere
1371 3806 1548 3864 monstratur,
1577 3798 1635 3852 sine
1658 3796 1747 3867 aliqua

947 3888 1074 3942 dilatione
1101 3896 1126 3940 et
1150 3887 1355 3956 complendum,
1373 3893 1398 3939 rt
1427 3887 1532 3957 quoties
1559 3885 1749 3940 illudanobis

949 3977 1046 4047 petitur
1065 3977 1137 4046 (prod
1154 3977 1251 4029 rationi
1268 3975 1446 4044 ctrgnoscitur
1474 3976 1631 4037 convenire,
1657 3974 1749 4029 aniano

950 4083 999 4120 nos
1015 4066 1092 4120 decet
1108 4066 1201 4119 libenti
1217 4064 1369 4119 concedere
1386 4072 1411 4117 ct
1425 4064 1495 4129 juste
1517 4063 1664 4133 petentium
1680 4063 1750 4116 votis

950 4178 1102 4234 ‹torrgruum
1119 4162 1249 4233 impertiri
1266 4160 1436 4231 suflragiunr.
1468 4159 1531 4212 Tuis
1556 4159 1648 4230 igitur,
1667 4159 1753 4213 frater

951 4251 1091 4306 ll'illelme
1108 4250 1315 4305 Cantuariensis
1341 4247 1559 4318 archiepiscope,
1579 4247 1752 4301 rationabili-

98 4367 161 4424 „10ae
176 4371 343 4435 amoma,
359 4368 533 4440 pontificum
548 4369 640 4423 domni
652 4369 803 4426 lunocenffi
817 4386 895 4442 papa,
951 4349 1249 4420 buspostulationibtts
1278 4364 1310 4402 ert
1339 4347 1497 4417 apostoticae
1527 4346 1599 4400 sedis
1620 4352 1750 4400 consueta

99 4454 119 4511 tt
133 4472 207 4513 anno
222 4472 265 4513 vt.

420 4557 565 4612 Clel'lll.

129 4665 147 4719 ,4
152 4664 170 4719 d
181 4663 320 4721 Diduccm
331 4663 574 4737 archiepiscopum
590 4664 857 4736 compostellanum.

318 4771 410 4843 (duno
429 4772 509 4837 1135,
525 4773 592 4828 Dec.
610 4770 673 4841 at.)

202 4869 334 4941 [Faenum
360 4871 470 4941 Eaporitt
485 4870 614 4942 aoprcdc,
632 4870 696 4933 XX,
713 4868 788 4940 libb]

128 4980 324 5033 tasocrmrcs
338 4975 496 5048 episcopus,
512 4994 609 5031 servus
620 4993 761 5033 serrorum
771 4978 829 5042 Dei,
846 4994 896 5033 ve-

93 5066 211 5121 nerabili
227 5064 303 5121 iratri
319 5067 428 5120 Drnaco
444 5066 664 5136 compostellano
688 5066 894 5137 archiepiscopo

91 5154 208 5211 salutem
224 5164 252 5209 et
265 5154 443 5226 apostolicam
458 5154 686 5210 benedictionem.

123 5253 242 5309 Noverit
258 5262 302 5308 tua
316 5252 428 5308 dilectio
442 5254 505 5324 quia
529 5261 555 5307 et
571 5270 716 5324 personam
732 5263 805 5307 tuam
832 5252 891 5306 lra-

88 5350 164 5397 terna
179 5342 315 5397 charitate
329 5341 479 5414 diligimus,
509 5351 534 5396 et
565 5342 617 5395 tuis
637 5342 811 5411 petitionibus
828 5358 889 5397 cum

87 5431 195 5487 honore
211 5431 346 5487 Ecclesiae
359 5430 479 5502 benigne
503 5431 628 5484 volumus
645 5431 776 5500 impertiri
792 5447 889 5484 assen-

87 5537 159 5577 aum.
183 5520 284 5575 Verum
297 5518 438 5575 sciendum
456 5525 497 5573 est
511 5518 576 5590 quie
599 5519 668 5574 sicut
682 5520 761 5575 sedes
776 5530 888 5589 aposto-

86 5609 139 5667 lica
151 5608 217 5667 attis
232 5607 365 5666 Ecclesiis
378 5623 428 5663 sua
445 5610 508 5677 iura
533 5623 589 5664 noa
603 5609 700 5680 quaerit
715 5609 834 5677 aulerrc,
852 5610 889 5664 ita

910 4409 934 4470 D
951 4438 1140 4493 benevolentia
1155 4438 1306 4493 clementer
1320 4435 1467 4489 annuimus
1483 4444 1507 4490 et
1517 4434 1664 4490 aeclesiam
1676 4433 1750 4491 Beati

949 4527 1059 4581 llartini
1073 4528 1107 4582 de
1124 4529 1240 4593 Devora,
1255 4525 1446 4581 achariasimo
1458 4524 1514 4579 lilio
1527 4531 1619 4579 nostro
1633 4523 1750 4578 ilenrico

949 4614 1044 4669 illustri
1061 4623 1086 4668 et
1101 4615 1221 4685 glorioso
1251 4614 1404 4685 anglorum
1433 4628 1499 4683 rego
1517 4612 1563 4666 tibi
1579 4619 1605 4666 et
1620 4610 1750 4666 Ecclesiae

950 4703 1136 4758 Cantuarieusi
1148 4718 1307 4758 concessam
1318 4711 1343 4756 et
1354 4710 1471 4772 praeapte
1482 4701 1679 4767 conlirmatam,
1689 4715 1750 4754 cum

949 4793 1074 4847 omuibus
1089 4808 1148 4862 quae
1164 4791 1408 4859 irrtprresentiarum
1418 4791 1491 4858 juste
1507 4798 1534 4844 ct
1548 4787 1668 4859 legitime
1682 4802 1749 4857 pos·

949 4891 1029 4956 sidet,
1046 4898 1091 4944 ant
1106 4890 1132 4944 iu
1149 4889 1268 4944 laturum
1291 4889 1453 4944 liberalitate
1482 4905 1588 4959 regum,
1604 4887 1748 4958 largitione

949 4980 1114 5051 principum,
1131 4978 1267 5033 oblatione
1280 4978 1411 5041 bdelium,
1428 4993 1475 5030 seu
1491 4977 1551 5030 aliis
1564 4977 1644 5044 justis
1660 4976 1748 5032 modis

949 5069 1146 5123 rationabiliter
1164 5065 1398 5137 puteritadipisci,
1429 5066 1475 5119 tibi
1504 5074 1530 5119 et
1558 5065 1748 5120 Canthariensi

949 5156 1089 5221 Ecclesiae,
1107 5166 1132 5209 et
1148 5173 1195 5226 per
1211 5172 1259 5210 ros
1271 5152 1479 5210 successorihus
1490 5155 1599 5218 vestris,
1612 5154 1639 5207 in
1651 5170 1750 5224 perpe·

948 5254 1021 5299 tuum
1038 5246 1239 5301 conlinnamns.
1259 5244 1382 5300 l‘rwdicti
1398 5260 1465 5313 ergo
1478 5244 1523 5298 lilii
1536 5243 1620 5298 natstri
1637 5243 1747 5298 llcnrici

945 5334 1019 5404 regis
1035 5333 1162 5402 precibus
1178 5344 1340 5400 annuentes,
1358 5334 1533 5388 decernimus
1550 5341 1577 5386 ut
1593 5333 1619 5387 iu
1635 5334 1746 5402 praelata

946 5432 1018 5485 lleati
1036 5430 1140 5483 bertini
1157 5431 1273 5483 ecelesia
1290 5430 1360 5484 ordo
1389 5431 1564 5486 canonicatus
1593 5432 1742 5485 secuudum

944 5519 1014 5574 beati
1031 5517 1176 5590 Augustini
1192 5519 1312 5590 regulam
1329 5528 1471 5587 statuatur,
1499 5528 1525 5575 et
1543 5520 1640 5574 luturis
1654 5521 1742 5576 invio·

944 5608 1064 5664 labiliter
1078 5615 1254 5665 conservetur
1281 5610 1463 5681 temporibus.
1498 5609 1589 5664 hbbas
1614 5624 1680 5665 vero
1695 5609 1741 5681 qui
