3750 6000
154 235 223 289 1053

629 237 805 292 tt'ttatttatl
824 235 1149 294 ttatatasbtttttausts
1169 237 1328 294 ttONtCttt

1730 237 1797 291 leat

151 355 353 428 gloriosumque
369 357 510 412 arbitratus
535 357 555 411 si
583 358 692 413 artdacia
719 377 766 415 sua
792 369 947 416 caeterorum
963 361 1030 420 Ain
1044 363 1118 432 ipsos
1133 361 1289 428 offunderet,
1306 362 1414 418 tandem
1429 362 1471 419 rel
1486 376 1547 417 sero
1563 360 1633 416 datis
1664 360 1805 415 obsidibus

154 451 254 499 metum
267 445 395 512 demeret,
416 446 516 500 bellum
532 447 663 518 llgbirbto
674 449 779 503 indixit.
791 450 849 514 lile,
860 451 954 520 gloriae

159 533 288 587 damnum
307 533 408 587 ducens
423 534 444 587 si
459 535 574 600 rederet,
592 537 707 590 occurrit
733 538 877 591 alacriter:
893 555 954 592 con·

155 630 277 689 sertaque
293 637 383 692 pugna
407 622 477 692 sugit
505 624 655 688 Rernttlius,
682 624 768 678 vietus
789 626 954 681 miserabili-

160 717 207 764 ter.
227 709 334 763 Factum
348 719 389 764 est
402 713 454 764 boc
468 711 567 764 bellum
583 711 653 782 apud
680 714 856 781 bellanduna,
886 732 955 770 atino

158 797 267 851 Domini
290 799 346 867 (tl)
374 799 599 870 octingentesimo
629 802 758 856 vicesimo
791 811 875 857 sexto.
900 805 957 858 Hoc

158 892 254 939 eventu
278 886 451 941 West-Saxo
472 889 570 954 elatus,
601 890 773 960 animumque
801 891 835 945 ael
862 893 956 946 altiora

159 974 315 1042 extendam,
346 975 465 1030 fervente
494 977 581 1030 adltuc
615 979 735 1044 victoria,
766 979 956 1035 Ethelu'ullum

156 1059 251 1126 filium,
271 1079 331 1116 curn
349 1064 456 1118 alstano
473 1066 599 1135 episcopo
615 1065 793 1121 Scireburnite
819 1076 843 1121 et
872 1068 957 1123 electa

157 1151 379 1215 manmCantiam
397 1152 476 1216 misit,
493 1154 539 1221 qui
557 1155 734 1223 prouinciam,
750 1172 797 1209 seu
812 1156 894 1228 longo
915 1172 957 1211 so·

159 1233 243 1305 pilam
258 1235 322 1293 otio.
337 1252 384 1288 seu
400 1235 527 1289 virtutum
544 1252 651 1291 suaruut
683 1241 873 1309 exanimatam,
891 1257 955 1294 nurt-

157 1322 199 1377 cio
214 1323 599 1380 dominatuiWest·Saxonico
623 1326 778 1395 adjicerent.

190 1409 283 1481 gibi.
304 1412 378 1465 Missi
394 1410 538 1465 efficaciter
557 1412 698 1481 imperatis
725 1415 887 1483 institerunt,
914 1434 956 1471 re·

156 1498 330 1569 gionemque,
360 1516 573 1569 quaquaversum
597 1500 695 1555 iirtibus
736 1504 794 1557 suis
829 1505 954 1576 cingitur,

158 1587 298 1658 pervagati
316 1602 322 1653 ;
337 1588 502 1656 minimoque
530 1589 622 1643 labore
645 1591 775 1645 baldredo
798 1609 861 1663 rege
889 1595 956 1648 ultra

157 1674 291 1730 Tamesim
334 1676 443 1729 {lutiam
481 1678 603 1747 expulso,
634 1678 767 1743 Catinam,
802 1681 953 1748 Sudreiam,

161 1766 243 1832 148
261 1765 397 1818 Australes
413 1774 438 1819 et
452 1764 603 1820 Orientales
614 1766 746 1831 Saxones,
764 1769 953 1838 quiquotulnm

155 1851 188 1906 ad
205 1862 404 1907 antecessorum
419 1870 526 1907 sunrtun
539 1855 584 1923 jus
609 1856 786 1925 pertinebant,
808 1875 863 1913 suae
888 1860 955 1928 parti

157 1939 301 1996 subdidere
322 1958 393 1996 anno
420 1943 496 2013 regni
526 1943 583 2011 ejus
612 1945 740 1998 vicesimo
770 1955 872 2015 quarto.
900 1949 957 2002 Nec

163 2029 247 2083 nittlto
283 2039 343 2099 post
384 2029 534 2084 Orientales
575 2032 664 2103 Angli,
704 2034 804 2087 arixilio
834 2035 958 2107 Egbirlrti

157 2117 277 2183 animati,
296 2118 350 2183 tta)
367 2135 445 2189 reges
460 2119 622 2174 Merciorum
639 2120 792 2175 bernulfum
817 2132 842 2177 et
873 2125 957 2178 Lude-

161 2220 268 2272 canum,
293 2208 457 2261 continuatis
485 2217 613 2276 exceptos
641 2209 752 2274 insidiis,
782 2212 956 2267 trucidarunt.

164 2295 250 2348 Causa
266 2295 347 2348 cattis
362 2296 419 2361 tuit,
437 2295 507 2363 quod
522 2297 573 2366 ipsi
603 2297 680 2351 solita
696 2300 864 2354 contumacia
891 2300 958 2355 lines

162 2390 290 2436 externos
333 2384 522 2451 inquietarent.
567 2384 668 2438 Eorum
726 2403 862 2442 successor
904 2391 959 2459 tta)

161 2468 325 2533 ll'itltlatius,
343 2471 429 2541 primo
463 2472 496 2525 ab
511 2472 641 2542 Egbirhto
656 2491 741 2546 regno
756 2476 874 2547 fugatus,
896 2494 959 2531 niort

162 2558 189 2611 in
213 2557 292 2613 litleut
320 2559 486 2614 tributariam
512 2568 646 2628 acmplns,
672 2563 848 2633 principatum
867 2566 962 2619 ll'est·

163 2646 301 2702 Saxonum
317 2647 468 2716 arupliarit.
489 2648 545 2717 (58)
561 2648 662 2703 Eodem
677 2667 747 2705 curto
769 2652 960 2707 Northanbim-

160 2734 212 2795 bri,
250 2735 294 2802 qui
324 2751 352 2788 se
383 2737 454 2789 solos
477 2737 650 2806 remansisse,
679 2747 704 2792 et
730 2741 849 2792 omnium
877 2740 962 2810 eligito

157 2823 254 2889 notari,
271 2831 422 2889 cernerent,
438 2825 562 2879 timentes
588 2842 621 2879 nc
644 2825 689 2880 diu
704 2836 860 2896 conceptam
893 2829 959 2882 iram

193 3001 496 3072 (iilOctr'npculrsimo
506 3005 734 3063 tricesimoscclo.
749 3006 951 3077 Praelitunapuel

1009 451 1131 505 faverunt
1144 450 1283 506 deditioni.
1300 452 1357 522 (51)
1385 451 1425 505 lta
1437 445 1438 449 ’
1452 458 1506 506 tota
1531 449 1666 504 Britannia
1695 449 1803 518 potitus,

1008 540 1139 608 reliquum
1155 540 1216 594 tite
1231 556 1280 609 per
1294 555 1379 594 annos
1396 555 1493 595 novem
1516 538 1658 607 tranquille
1682 538 1807 603 cucurrit,

1009 627 1058 681 nisi
1074 632 1145 697 quod
1159 627 1284 682 extremis
1298 626 1355 681 iere
1370 626 1465 681 diebus
1480 627 1537 696 (ὃῖ)
1552 641 1649 680 manns
1669 626 1808 679 Dacorum

1009 715 1131 786 piratica,
1148 716 1268 770 litoribus
1282 715 1342 784 ejus
1355 715 1480 786 appulsa,
1497 713 1580 768 olium
1595 713 1673 785 regni
1684 711 1808 767 ioedarit.

1009 805 1049 858 lta
1067 812 1189 858 uersatur
1209 806 1387 858 humanarum
1422 819 1512 859 rerum
1540 802 1611 869 alea,
1639 809 1678 865 ut,
1706 801 1808 870 primus

1010 893 1237 964 omnibusltnglis
1247 893 1414 961 imperitans,
1438 898 1617 963 cognatorum
1645 887 1805 958 obsequium

1010 989 1103 1051 posset
1117 981 1192 1051 parvi
1208 981 1335 1051 pendere,
1345 981 1408 1034 dum
1424 988 1552 1034 externus
1565 976 1650 1032 hostis
1673 993 1703 1032 se
1727 993 1806 1032 suos·

1011 1085 1071 1137 qaae
1086 1070 1209 1124 baeredes
1223 1085 1275 1123 uon
1292 1071 1347 1137 (53)
1375 1069 1509 1122 desineret
1531 1067 1614 1134 149
1646 1066 1805 1134 incessere,

1011 1163 1103 1213 contra
1114 1174 1252 1227 quoscum
1268 1158 1353 1228 copiae
1378 1156 1525 1228 anglorum
1540 1155 1736 1219 constitissent,
1754 1170 1808 1208 aon

1010 1247 1089 1300 solito
1103 1246 1237 1301 lenocinio
1252 1246 1356 1300 lonnna
1370 1261 1462 1316 regem
1477 1244 1594 1311 adulata,
1619 1243 1646 1296 in
1677 1243 1739 1313 ipso
1764 1258 1808 1296 co

1010 1343 1073 1389 natu
1088 1334 1212 1389 destituit
1234 1335 1386 1403 :siquidem
1416 1349 1476 1387 cum
1507 1332 1617 1387 meliore
1647 1337 1726 1402 parta
1753 1330 1807 1385 diei

1009 1424 1148 1478 uictoriam
1165 1440 1233 1493 pene
1248 1429 1417 1491 occupasset,
1433 1421 1490 1490 jam
1504 1435 1590 1489 prono
1618 1419 1646 1473 in
1673 1434 1808 1474 oceanum

1010 1514 1066 1567 sole
1082 1513 1198 1582 palmam
1215 1511 1321 1576 amisit,
1340 1511 1386 1564 sed
1401 1518 1502 1575 tamen,
1519 1507 1651 1563 beneficio
1680 1508 1809 1562 tenebra-

1009 1617 1068 1654 rum
1081 1599 1263 1669 (54)n‹lJutus,
1287 1599 1352 1653 vieti
1369 1597 1485 1652 dedecus
1503 1596 1600 1651 evasit.
1611 1597 1668 1664 (55)
1677 1595 1805 1664 Sequenti

970 1690 1090 1775 Bplane
1117 1689 1209 1758 praelio
1238 1689 1375 1759 ingentem
1402 1685 1599 1740 multitudinem
1624 1699 1709 1754 parva
1728 1700 1808 1738 manu

1011 1778 1089 1831 lntlit.
1105 1778 1246 1830 Postretuo
1269 1780 1324 1841 (aa)
1341 1783 1400 1845 post
1418 1790 1503 1829 annos
1534 1774 1643 1845 triginta
1659 1781 1683 1826 et
1704 1780 1807 1843 septem

1010 1873 1036 1920 et
1050 1881 1155 1918 irienses
1169 1871 1271 1933 septem
1283 1863 1406 1928 decessit,
1435 1860 1606 1930 sepultusque
1628 1868 1670 1914 est
1698 1860 1808 1914 Winte—

1008 1954 1069 2018 nia,
1093 1952 1328 2024 rnagnaslautlum
1357 1952 1515 2006 occasiones
1543 1948 1598 2003 tilio
1636 1948 1805 2018 relinquens,

1009 2043 1170 2110 felicemque
1184 2042 1241 2094 iore
1253 2039 1435 2111 pronuncians
1444 2040 1464 2092 si
1480 2054 1604 2110 regnum,
1621 2036 1695 2106 qued
1722 2037 1805 2091 multa

1010 2138 1130 2185 texuerat
1144 2128 1285 2193 industria,
1303 2127 1347 2181 ille
1363 2134 1489 2182 consueta
1503 2126 1578 2198 genti
1592 2125 1631 2178 illi
1655 2140 1710 2178 non
1733 2124 1811 2179 inter-

1009 2229 1145 2289 rumperet
1161 2216 1283 2288 ignaria.

1239 2355 1274 2394 aa
1294 2354 1369 2394 aeos
1389 2353 1590 2392 araneantes.

1045 2459 1135 2530 2108.
1156 2461 1234 2512 Anno
1250 2456 1400 2512 Dominicae
1422 2455 1614 2510 incarnationis
1643 2456 1699 2524 (57)
1729 2454 1811 2509 octin-

1011 2547 1160 2619 gentesimo
1191 2546 1325 2600 tricesimo
1352 2545 1467 2615 septimo
1500 2543 1687 2609 Enete-attus,
1719 2546 1810 2611 (quem

1012 2635 1121 2703 qnidam
1138 2633 1273 2688 dtbulium
1290 2636 1408 2703 vocant)
1432 2630 1503 2685 filius
1528 2631 1664 2704 Egbirbti,
1688 2629 1811 2702 regnavit

1011 2722 1069 2792 (δυ)
1081 2723 1174 2794 viginti
1190 2722 1269 2775 annis
1285 2730 1309 2774 et
1327 2719 1466 2775 mensibus
1480 2719 1612 2789 quinque:
1629 2719 1811 2783 nataralenis,

1017 2814 1097 2880 150
1120 2818 1145 2865 et
1162 2810 1205 2880 qui
1222 2809 1271 2864 sub
1287 2810 1375 2880 quiete
1391 2807 1500 2880 degere,
1517 2825 1597 2878 quam
1626 2809 1719 2862 ntultis
1746 2822 1811 2878 pro-

1048 3007 1209 3071 (fitlllenus
1225 3004 1367 3059 bonorum
1393 3004 1528 3072 piratico,
1542 3009 1591 3056 etc.
1612 3026 1622 3049 ιι
1642 3004 1677 3055 Α.
1699 3001 1732 3055 D.
1748 3000 1810 3064 833,

157 3073 633 3129 Ellantlunerummissumcsta.l).
665 3080 725 3140 aet,
755 3086 782 3131 ut
810 3088 881 3132 recte
907 3081 943 3132 le·
965 3064 1249 3148 Ctrigintaquinqne
1273 3076 1419 3145 piratarum
1452 3075 1592 3127 banorum
1621 3073 1700 3126 naris
1728 3072 1808 3126 adve-

155 3145 320 3216 gitunusex
337 3161 385 3198 ms.
408 3147 513 3199 nostris.
539 3145 634 3213 Quoad
663 3148 740 3215 hujus
768 3150 851 3217 praelii
876 3158 947 3203 tern-

155 3232 206 3285 pus
220 3216 254 3270 ab
269 3218 421 3270 auctoribus
436 3217 553 3271 melioris
574 3226 645 3272 uotae
671 3219 773 3273 recedit
787 3237 835 3273 ms.
862 3222 949 3275 coalex

159 3303 191 3341 ex
208 3303 260 3356 quo
277 3296 376 3342 textum
393 3296 514 3341 nostrum
550 3290 746 3354 constituimus,
768 3291 845 3357 juxta
869 3308 949 3361 quem

156 3356 261 3411 duobus
277 3359 355 3411 annis
371 3359 456 3412 serius
470 3360 642 3412 commissum
660 3359 750 3414 inisset
773 3370 798 3415 et
817 3362 872 3428 jam
902 3379 948 3428 pe·

156 3429 312 3497 tactisquae
337 3429 415 3497 bajus
440 3431 523 3497 praelii
553 3430 624 3483 felici
651 3446 776 3484 successu
804 3433 950 3502 contigisse

156 3507 251 3552 narrat
266 3500 519 3552 llaltnesburiensis.
541 3500 579 3552 Ex
595 3501 627 3553 iis
641 3501 712 3555 enim
736 3518 795 3570 quae
827 3504 852 3556 in
879 3511 949 3555 textu

157 3568 485 3639 afferuntnrb'cgberbtus
513 3570 634 3624 Cantiam
662 3573 712 3625 sibi
741 3574 853 3639 subiecit
879 3588 950 3627 anno

154 3641 216 3700 834,
227 3641 273 3708 qui
288 3640 435 3693 tricesimus
450 3650 559 3710 quartus
573 3650 629 3695 erat
652 3643 711 3712 ejus
738 3645 814 3714 regni
838 3661 924 3698 atinus
942 3659 948 3704 ;

153 3709 289 3777 sedjuxta
311 3712 452 3765 rectiorem
488 3714 716 3781 conmutationem
748 3731 800 3782 qua
835 3731 950 3785 reguum

157 3781 302 3850 Ecgberhti
318 3798 409 3837 mense
434 3785 561 3837 tannarie
580 3800 622 3837 tta.
653 3787 704 3837 802
720 3786 823 3838 initium
854 3787 950 3852 crepis-

153 3860 202 3914 set,
219 3852 350 3907 Beornolti
370 3854 523 3907 llereiormn
540 3856 610 3924 regis
636 3855 751 3919 cladem,
777 3863 805 3908 et
828 3854 950 3909 Baldredi

152 3924 392 3979 e.Cautuaritar·crn
422 3927 517 3979 tbrono
546 3925 733 3986 expulsionem
763 3926 889 3980 uicesimo
911 3943 952 3979 se·

156 3995 244 4048 cundo
269 3995 393 4061 ldngerti
417 3997 495 4066 regui
511 4011 582 4049 anno
599 3997 746 4050 occurrisse
770 4005 892 4065 oportet,
922 4012 948 4049 a.

156 4064 257 4118 baat
279 4067 517 4119 llnlmesbiriemis
546 4075 635 4120 tameu
664 4074 771 4134 sumpto
800 4083 870 4122 anno
900 4067 951 4120 ato

157 4137 231 4205 quasi
257 4136 382 4207 Ecgbcrti
405 4137 569 4190 accessionis
592 4152 672 4195 atino.
700 4138 857 4201 incorrecti,
880 4145 906 4189 et
928 4138 950 4189 si

156 4216 355 4274 consequenter
371 4210 441 4267 irrata
455 4224 532 4259 saum
547 4223 667 4269 seusam,
684 4208 859 4274 probabiliter
883 4208 950 4259 seri-

154 4278 208 4400 psit
242 4287 267 4330 et
298 4278 509 4330 montaneam
538 4279 605 4341 ddi,
636 4278 794 4333 vicesimam
828 4286 951 4348 quartam

168 4349 237 4400 uisse
254 4349 329 4419 regni
339 4348 484 4418 Ecgberhti
498 4363 608 4401 atinum.

1003 3157 1098 3203 nerunt
1113 3163 1180 3217 quos
1196 3146 1346 3211 Ecgbertus
1360 3144 1431 3212 apud
1442 3145 1557 3198 Carrum
1578 3143 1766 3211 (Cbcrrneutlt
1783 3143 1809 3195 in

1002 3220 1183 3285 Darsetsbire)
1199 3213 1343 3289 aggressus
1358 3224 1407 3277 est,
1424 3215 1471 3268 scd
1488 3223 1549 3283 post
1567 3215 1708 3286 ingentem
1736 3224 1807 3268 stra·

1002 3307 1065 3363 pem
1080 3291 1146 3343 Dtni
1162 3290 1255 3342 trituris
1272 3287 1424 3355 potitisnnt.
1440 3310 1450 3331 n
1464 3287 1542 3352 (Soa.
1560 3286 1686 3351 Claram).

1040 3364 1095 3428 (3))
1110 3361 1264 3413 ilcsincrcl.
1282 3375 1303 3410 s.
1320 3373 1348 3412 c.
1367 3357 1397 3409 tl.
1417 3372 1459 3420 e.,·
1475 3357 1593 3417 sineret,
1612 3371 1640 3409 a.
1662 3355 1680 3409 l.

1040 3433 1095 3501 (att
1113 3429 1309 3484 bractearum.
1328 3445 1352 3482 a.
1370 3444 1392 3480 s.
1405 3426 1431 3478 d.
1450 3442 1472 3481 e.
1488 3426 1507 3479 l.
1525 3441 1531 3494 ;
1562 3428 1654 3482 noctis
1668 3424 1712 3480 vel
1729 3428 1794 3480 terte

1004 3502 1130 3563 bractam,
1147 3517 1171 3553 c.

1040 3567 1807 3637 titffttScpccrttipraelio,etc.lnpraeliojaxtallengston,

1004 3644 1032 3697 in
1046 3641 1263 3704 (locuti-Gaudia,
1284 3657 1309 3692 a.
1325 3641 1356 3693 b.
1374 3642 1424 3692 835
1438 3639 1593 3699 commisso,
1609 3637 1653 3690 ubi
1674 3638 1812 3689 banorum

1004 3715 1107 3772 classis,
1125 3713 1270 3765 incolarum
1283 3710 1381 3765 attritio
1411 3710 1488 3773 freta,
1515 3709 1549 3763 ab
1578 3707 1735 3778 llcgberlrto
1765 3706 1808 3762 dc

1005 3785 1073 3839 vieta
1089 3791 1114 3837 et
1126 3784 1151 3836 in
1168 3783 1259 3847 lupun
1276 3782 1402 3851 propulsa
1420 3780 1478 3832 luit.

1042 3857 1097 3921 (5ttt
1116 3859 1179 3908 t’ort
1194 3869 1284 3907 aranos
1300 3855 1332 3905 st
1347 3855 1375 3906 ct
1392 3865 1502 3905 ruertrcs
1516 3853 1532 3904 'l
1547 3849 1678 3905 decessit.
1690 3865 1717 3903 c.
1739 3865 1764 3902 c.
1782 3847 1812 3912 l.;

1026 3935 1064 3980 ost
1079 3940 1180 3987 curtos,
1197 3940 1222 3978 a.
1238 3922 1297 3976 sd.
1316 3923 1408 3991 legunt
1423 3922 1513 3989 repat.
1530 3950 1565 3960 -
1578 3921 1642 3974 Vide
1660 3921 1733 3991 regis
1748 3920 1814 3987 Ecg·

1004 3942 1092 4051 Berlin
1108 3997 1233 4049 Cluutam
1248 3992 1324 4060 (Cod.
1341 3993 1412 4059 dipl.
1431 3993 1482 4046 cut
1507 3991 1588 4056 Sua„
1604 4008 1634 4044 n.
1654 3990 1756 4055 CCXL,
1776 4005 1805 4057 p.

1005 4067 1069 4136 218)
1080 4083 1122 4119 an.
1140 4066 1170 4118 D.
1186 4069 1236 4117 8³8
1252 4065 1418 4134 insignitam,
1436 4070 1460 4115 at
1479 4060 1513 4114 ab
1538 4064 1600 4131 ejus
1627 4060 1682 4115 lilio
1712 4061 1811 4115 AEthel·

1005 4137 1137 4197 u·ult'n,a.
1172 4137 1202 4188 n.
1234 4133 1295 4195 83),
1324 4132 1521 4196 confirmatam,
1552 4132 1597 4200 qui
1622 4132 1726 4200 primus
1751 4130 1811 4199 ejus

1005 4208 1081 4279 regui
1106 4206 1231 4260 ‹leiuucto
1256 4212 1331 4274 patre
1355 4220 1441 4256 auuus
1470 4203 1630 4256 inscribitur.
1662 4203 1690 4256 Si
1734 4201 1811 4272 regni

1005 4279 1149 4349 Ecgberltti
1167 4285 1271 4344 tempus
1286 4275 1352 4329 recti
1368 4275 1411 4327 hic
1423 4282 1447 4326 et
1464 4273 1642 4328 inSnxonieis
1669 4272 1811 4327 Clrrouicis

1006 4350 1175 4418 exprnnitur,
1191 4346 1250 4413 ejus
1265 4346 1354 4399 obitus
1368 4352 1433 4398 nom
1448 4352 1509 4397 ante
1524 4359 1646 4397 mensem
1659 4345 1811 4413 Augustum

192 4415 248 4489 (tat
267 4416 893 4487 ltcpesttcrcioruna.Caesusestlteornulosa.
911 4420 945 4472 D.
967 4416 1032 4476 De.
1052 4421 1082 4471 D.
1113 4421 1163 4470 aaa
1193 4415 1314 4471 candere
1342 4416 1448 4469 debuit.
1477 4414 1587 4469 Simeon
1619 4414 1811 4467 Duuclmensis

157 4489 218 4552 825,
235 4488 469 4556 eodemqueanno
487 4488 602 4544 budeca.

190 4559 244 4626 ((9)
268 4557 474 4623 Wr'ttrtcfius...
491 4562 715 4630 recenseretur.
740 4558 887 4630 Wiglaius,
917 4560 953 4613 ab

153 4627 393 4700 Ecgbermoab.
411 4631 579 4699 dalpnlsus,
608 4645 679 4683 anno
708 4630 830 4699 sepienti
865 4647 952 4701 reguo

155 4699 297 4754 restitutus
317 4707 366 4762 est,
395 4700 467 4771 quod
491 4707 580 4755 tamen
609 4700 834 4755 west-Saxonum
863 4702 952 4755 tribu-

160 4771 256 4825 tarium
271 4773 363 4825 tenuit.

190 4842 246 4911 (50)
263 4842 361 4897 Eodem
378 4858 454 4898 anno
471 4841 694 4905 Nortlreuimbri,
720 4846 772 4896 etc.
798 4841 952 4897 Exercitum

159 4911 330 4984 Ecgberbms
345 4914 443 4967 Duram
460 4913 827 4967 adversusllottlmnimbros
855 4912 953 4967 direxit

154 4986 197 5052 qni
214 4986 263 5054 ipsi
279 4985 438 5053 obsequium
453 4993 480 5037 ct
494 4984 704 5038 submissionem
730 4983 765 5036 ibi
795 4983 948 5038 obtulerunt

150 5067 176 5108 a.
194 5054 225 5106 D.
243 5056 303 5108 8⁴27.
321 5056 355 5122 (S
365 5072 405 5110 tc.
418 5056 560 5110 dimanet
571 5054 654 5109 Fron.
672 5055 815 5116 Wnsonu.)

168 5125 244 5193 ·(5t)
261 5125 305 5179 Itu
321 5131 379 5181 tota
397 5126 547 5180 Britannia
562 5127 679 5197 potitus.
696 5124 949 5197 Ecgberbtuscoro·

152 5202 286 5248 natusest
305 5197 447 5251 Britanniae
463 5213 512 5250 rex
535 5197 562 5249 in
591 5210 690 5267 magua
713 5197 839 5259 coambo,
869 5195 950 5249 Win-

150 5265 294 5318 oestriaea.
324 5267 356 5319 tt.
388 5268 439 5320 829
470 5267 570 5334 habito,
602 5267 723 5320 uttircrsa
753 5268 833 5320 totins
860 5266 949 5336 gentis

148 5349 300 5400 consensa;
319 5337 400 5389 iuxta
419 5337 560 5391 Wmcestr.
579 5339 699 5391 deitate<
711 5337 802 5404 (barn.
828 5352 872 5390 an.
905 5340 948 5399 tlt)

149 5405 187 5458 ibi
203 5401 330 5459 decrevit.
348 5406 515 5474 dagberbtus
530 5416 557 5460 ut
571 5408 704 5476 deinceps
717 5407 851 5462 Britannia
870 5421 950 5461 voca·

150 5482 225 5529 retur
241 5476 346 5545 anglia.
363 5477 447 5544 etqui
475 5486 551 5531 antea
579 5477 705 5532 luterum
734 5487 779 5533 aut
808 5479 949 5531 Saxonum

150 5545 260 5599 nomina
274 5546 442 5612 fruebantur,
460 5546 487 5600 id
510 5557 650 5616 pasterum
674 5549 754 5618 dupli
785 5544 948 5604 denomina-

158 5622 265 5671 “murt

1008 4491 1119 4545 tristata
1135 4503 1182 4541 sex
1198 4495 1299 4541 tantum
1316 4502 1403 4539 anuos
1419 4500 1505 4555 regno
1517 4485 1664 4554 Ecgberltti
1679 4485 1810 4554 assignat,

1008 4534 1198 4617 eticorentius
1223 4559 1377 4611 Worcester
1399 4555 1497 4609 asserit
1526 4572 1586 4611 earn
1615 4556 1644 4609 ia
1673 4555 1811 4610 tricesimo

1008 4633 1122 4701 septima
1139 4630 1212 4698 regni
1229 4629 1267 4682 sui
1284 4643 1354 4682 anuo
1370 4626 1526 4681 defunctum
1543 4642 1610 4681 esse.

1044 4704 1099 4770 (δῖ)
1110 4700 1347 4768 Oetiuqcntcsimn
1364 4699 1508 4753 tricesimo
1523 4701 1655 4767 septimo.
1675 4711 1726 4749 as
1748 4694 1811 4749 de.

1007 4771 1026 4826 l.
1045 4789 1086 4836 ;c.
1103 4773 1200 4824 trinitat
1214 4771 1343 4840 septimo.
1360 4798 1394 4806 -
1410 4767 1572 4822 rEtbelwulti
1593 4768 1714 4822 accessio
1741 4766 1813 4820 circa

1008 4858 1127 4897 mensem
1145 4845 1293 4912 dragustum
1309 4855 1337 4892 a.
1358 4839 1390 4891 b.
1413 4842 1465 4891 839
1480 4838 1605 4910 ponenda
1621 4845 1670 4893 est.
1688 4837 1813 4891 llalmes·

1006 4912 1246 4976 bariensisaxou.
1263 4911 1375 4971 Cluen,
1393 4907 1537 4965 atlbaercas
1560 4910 1606 4963 ltio
1630 4909 1711 4962 etiam
1744 4906 1815 4961 duo

1007 4983 1058 5038 bus
1073 4983 1149 5037 antris
1164 4984 1198 5036 ab
1212 4979 1420 5052 aquilonaribus
1435 4980 1569 5036 chronicis
1583 4979 1694 5033 recedit.
1789 5046 1794 5057 1

1040 5056 1095 5121 (bt)
1122 5055 1226 5117 Viqiuti
1241 5055 1366 5106 ttrrutscl
1382 5050 1526 5106 rncnsibtts
1544 5053 1680 5122 quinque.
1698 5047 1760 5116 Quo
1788 5062 1814 5100 in

1003 5140 1116 5179 nurnrrro
1132 5120 1377 5177 litlrncsburieusis
1393 5121 1571 5187 probabiliter
1586 5120 1700 5175 includit
1725 5133 1813 5173 atrnos

1004 5197 1101 5266 quibus
1117 5193 1313 5255 AEtltelwalt'us,
1330 5191 1476 5260 superstite
1495 5194 1584 5247 arlhuc
1601 5200 1685 5260 patre,
1716 5204 1809 5260 regna·

1005 5267 1053 5320 vit.
1080 5267 1178 5319 Decem
1194 5271 1219 5318 el
1234 5274 1293 5319 octo
1312 5277 1396 5317 annos
1420 5277 1482 5316 cam
1511 5280 1559 5317 sex
1587 5260 1727 5317 mensibus
1751 5259 1811 5338 ejus

1005 5351 1088 5407 regno
1105 5336 1245 5406 assignant
1259 5331 1397 5388 Saxonica
1413 5332 1556 5395 Cimbrica,
1572 5348 1641 5401 quos
1658 5330 1812 5397 sibachus

1005 5407 1159 5462 accessione
1175 5421 1266 5459 meuse
1283 5409 1403 5475 augusto
1418 5418 1462 5456 an.
1472 5405 1673 5458 839numerare
1684 5400 1814 5468 coeperis,

1005 5479 1062 5541 cius
1087 5476 1190 5530 obitam
1230 5477 1368 5530 arrnotttt
1398 5473 1529 5529 accidisse
1566 5482 1638 5528 recta
1667 5470 1815 5527 constabit.

1005 5542 1249 5604 triturarum-tt
1265 5545 1320 5613 (dia
1351 5545 1398 5597 (Ρ
1427 5543 1513 5614 loa),
1539 5543 1618 5614 juxta
1645 5540 1815 5599 Florentium

1016 5613 1170 5674 Voroester.
1523 5624 1526 5628 ·
