3750 6000
166 208 219 270 913

878 209 974 269 aucit
993 210 1018 268 11
1036 211 1142 268 PAPAE.

1766 221 1813 276 92l

168 336 373 405 rationabilibus
388 335 616 410 postulationibus
629 341 739 408 gratum
754 333 909 406 prebemus
923 351 966 390 as·
982 338 1010 400 Α
1060 335 1122 410 Ego
1136 335 1304 395 Octavianus
1318 339 1389 397 disc.
1405 339 1480 398 card.
1498 340 1526 398 S.
1542 339 1647 400 Nicolci
1658 340 1686 398 iu
1702 341 1815 399 carcerc

168 443 291 489 sensum.
321 435 349 482 et
366 424 513 482 ecclesiam
540 441 601 498 quae
622 423 720 481 dicitur
747 424 781 479 ad
810 423 893 496 ilipas
920 423 965 480 cni

167 524 279 573 auctore
289 514 406 572 Domino
415 514 556 586 praesides,
569 513 619 570 sub
631 513 787 586 apostoliea
796 512 870 569 sedis
882 514 967 569 tutela

168 611 194 660 et
219 605 389 675 protectione
426 603 601 674 suscipimus,
631 610 658 658 et
687 602 831 675 praesentis
871 602 965 674 scripti

168 694 270 766 pagina
284 693 502 761 eommunimus;
517 692 648 764 imprimis
663 692 797 763 siquidem
815 699 966 748 statuentes

169 790 198 837 ut
226 781 302 837 Ordo
331 783 477 838 canonicus
506 781 551 854 qui
566 782 716 839 secundum
731 781 800 836 beati
816 780 966 854 Augustini

168 871 301 943 Regulam
324 880 352 926 et
377 870 491 928 tratrnm
520 873 708 928 Portuensium
726 870 924 926 institutionem
939 871 967 924 in

169 960 265 1015 eodem
281 960 342 1016 loco
358 961 478 1018 noscitur
489 960 637 1031 institutus,
666 959 762 1016 lutnris
775 960 967 1032 perpetuisque

168 1049 340 1120 temporibus
380 1050 571 1105 inviolabiliter
603 1059 789 1106 conservetur.
827 1049 966 1105 Praeterca

169 1153 351 1211 quascunque
366 1139 565 1210 possessiones,
592 1153 761 1211 quacunque
787 1139 857 1194 bona
870 1137 967 1194 eadem

169 1226 291 1283 Ecclesia
304 1227 547 1299 inpraesentiarum
560 1229 631 1297 juste
646 1235 673 1284 et
686 1227 818 1284 canonice
836 1226 968 1298 possidet,

167 1316 257 1372 autin
285 1315 406 1372 futurum
435 1316 612 1372 concessione
631 1316 803 1386 pontificum,
821 1315 967 1388 largitione

168 1421 262 1476 regum
278 1404 320 1461 vel
345 1406 508 1478 principum,
524 1405 662 1462 oblatione
682 1405 812 1473 fidelium,
829 1422 878 1461 scu
907 1407 967 1461 aliis

165 1493 247 1562 iustis
261 1494 359 1562 modis,
376 1495 434 1551 Deo
461 1495 586 1567 propitio,
617 1495 716 1567 poterit
740 1494 864 1566 adipisci,
889 1494 967 1550 lirma

170 1582 249 1638 vobis
277 1584 432 1656 vestrisque
462 1583 670 1640 successoribus
685 1591 711 1639 et
727 1584 831 1639 ittthsts
855 1599 968 1655 perma-

168 1678 260 1727 neant.
291 1670 415 1732 Obeuute
443 1687 512 1729 vero
527 1680 552 1727 te
567 1688 639 1728 nunc
654 1672 778 1743 ejusdem
793 1672 845 1729 loci
860 1689 967 1745 praepo·
981 1696 1007 1756 B

169 1760 232 1828 sito,
244 1759 332 1816 nullus
347 1759 383 1816 ibi
398 1760 517 1832 qualibet
536 1759 720 1832 subreptionis
731 1761 830 1817 astutia
845 1761 888 1817 vel
903 1761 965 1818 vio·

168 1848 253 1904 lentis
268 1860 441 1921 praeponatur
456 1849 507 1905 nisi
536 1865 616 1922 quem
629 1849 728 1905 fraires
756 1851 893 1906 communi
920 1851 964 1907 vel

169 1936 286 1993 sanioris
301 1939 386 2009 partis
401 1953 526 2005 assensu,
543 1938 693 1995 secundum
707 1939 756 1994 Dei
784 1939 910 1995 timorem
939 1946 966 1995 et

169 2025 244 2081 Beati
273 2027 417 2098 Augustini
445 2026 577 2100 lingulam
604 2028 772 2099 providerint
796 2028 963 2103 eligendum.

169 2114 261 2171 Liceat
275 2114 354 2171 etiam
371 2115 448 2171 vobis
467 2116 668 2173 communicato
696 2117 810 2174 consilio
838 2118 965 2173 idoneum

167 2202 341 2260 defensorem
356 2204 469 2278 eligere,
485 2206 531 2277 qui
547 2205 570 2260 si
585 2205 687 2262 inutilis
701 2207 859 2278 apparuerit
873 2215 901 2262 et
914 2223 967 2278 pe-

168 2293 265 2350 stilens
293 2293 406 2351 effectus
420 2295 548 2368 aequitate
563 2303 717 2368 contempta
731 2297 811 2353 vobis
829 2303 856 2353 et
884 2297 966 2352 rebus

168 2384 269 2440 vestris
284 2384 384 2439 noxius
399 2400 461 2441 esse
489 2385 702 2456 praesumpserit,
731 2384 872 2455 rejiciendi
900 2401 964 2442 eum

167 2472 324 2530 lscultatem
340 2473 455 2528 liberam
470 2473 608 2529 habeatis.
627 2473 722 2529 Nullus
742 2488 850 2547 quoque
866 2474 901 2529 ad
913 2490 965 2545 pu·

168 2561 255 2619 blicss
266 2562 457 2632 processiones
468 2577 517 2617 vos
535 2561 634 2617 invitos
653 2562 772 2631 trahere,
788 2571 833 2617 sut
848 2561 966 2635 quietern

168 2660 288 2707 vestram
297 2650 418 2724 quolibet
429 2650 510 2705 modo
524 2650 623 2706 audeat
646 2650 818 2707 conturbare.
835 2650 967 2721 Sepultu-

170 2756 230 2795 ram
244 2754 312 2796 vero
339 2738 424 2809 ipsius
439 2738 492 2794 loci
513 2739 628 2795 liberam
642 2756 704 2794 esse
727 2739 912 2805 decernimus,
939 2748 969 2794 ut

171 2843 275 2895 eorum,
292 2826 337 2899 qui
353 2843 385 2883 se
400 2826 456 2883 illic
470 2827 579 2898 sepeliri
593 2827 818 2891 deliberaverint,
831 2827 968 2883 devotioni

170 2925 197 2973 et
226 2923 355 2972 extrema
382 2915 526 2982 voluntsti,
555 2916 609 2971 nisi
635 2916 705 2972 sorte
737 2917 970 2975 excommunicati

169 3004 232 3071 sint,
251 3003 341 3060 nullus
355 3004 480 3071 obsistat,
509 3004 587 3060 salvs
604 3003 814 3076 Ratisponensis
839 3007 970 3064 Ecclesiae

168 3094 302 3152 canonice
329 3093 437 3164 justitia
450 3101 478 3150 et
491 3094 648 3165 apostoticae
663 3094 737 3150 sedis
752 3095 921 3150 auctoritate.
939 3096 967 3151 si

169 3197 224 3257 qus
253 3182 337 3257 igitur
365 3183 392 3237 in
420 3191 559 3254 posterum
587 3183 771 3240 ecclesiastica
795 3183 967 3242 secularisve

168 3289 295 3345 persona,
318 3273 388 3328 banc
403 3281 502 3327 nostrae
516 3272 716 3328 constitutionis
728 3272 856 3344 paginam
866 3272 965 3343 sriens,

168 3369 263 3418 contra
277 3378 335 3418 cam
365 3371 467 3417 temere
483 3361 575 3417 venire
591 3362 745 3425 tentaverit,
773 3361 894 3417 secundo
911 3371 966 3417 ter·

169 3450 241 3506 11111
255 3449 432 3515 commonita,
461 3450 484 3504 si
500 3466 555 3506 non
571 3466 691 3522 congrue
707 3450 875 3520 satisfecerit,
890 3460 966 3522 pote·

168 3539 247 3594 statis
265 3538 431 3611 honorisque
447 3538 488 3594 sui
503 3538 636 3611 dignitate
662 3547 764 3605 careat,
791 3554 921 3612 reamque
935 3556 966 3596 se

168 3625 262 3683 divino
288 3626 393 3697 judicio
408 3627 529 3682 existere
543 3627 577 3683 dc
592 3635 746 3699 perpetrata
761 3627 901 3700 iniquitate
916 3645 965 3685 co-

168 3724 298 3787 gnoscat,
315 3723 371 3771 111
386 3715 574 3772 sacratissimo
589 3730 705 3786 corpora
720 3725 746 3773 et
766 3718 900 3788 sanguine
916 3717 966 3775 Dei

167 3809 196 3859 et
210 3804 318 3860 Domini
334 3803 527 3875 Redemptoris
555 3804 641 3860 nostri
669 3805 734 3860 lesu
750 3805 849 3862 Christi
876 3805 966 3862 aliena

167 3890 224 3958 liat,
253 3901 334 3964 atque
360 3892 386 3947 in
416 3901 538 3949 extremo
560 3893 685 3949 examine
713 3893 845 3950 districtae
871 3893 965 3951 ultioni

168 3981 321 4051 subjaceat.
337 3982 448 4039 Cunctis
471 3991 559 4038 autem
585 3982 673 4037 eidem
688 3983 749 4038 loco
764 3999 814 4038 sua
826 3983 890 4053 jura
904 4000 965 4040 aer-

169 4070 298 4127 vsutibus
312 4072 347 4125 sit
361 4087 411 4141 pax
427 4071 535 4127 Domini
551 4071 638 4125 nostrl
665 4072 728 4126 lesu
744 4071 852 4134 Christi,
868 4081 966 4142 quate-

169 4176 220 4216 nus
236 4167 263 4215 et
278 4159 322 4215 bic
337 4159 449 4215 lruotum
465 4158 544 4215 bona.
558 4157 671 4214 actionis
683 4158 843 4230 percipiant,
854 4168 880 4215 ct
892 4160 965 4231 apud

168 4247 323 4303 districtum
343 4247 464 4317 judicem
476 4247 586 4319 praemia
600 4255 709 4302 aeternae
722 4248 796 4318 pacis
809 4248 962 4304 inveniant.

167 4338 263 4401 Amen,
280 4351 370 4400 amen,
386 4351 478 4391 amen.

206 4434 263 4505 ligo
276 4432 375 4487 Lucius
390 4430 536 4487 Catholicae
552 4431 683 4488 Ecclesiae
696 4431 840 4503 episcopus
855 4449 892 4487 ss.

205 4532 263 4602 Ego
284 4528 434 4603 Gregorius
462 4528 607 4585 cardinalis
635 4530 793 4586 Sanctomm
823 4529 912 4603 Sergii
940 4538 967 4587 et

168 4627 267 4683 liacchi
282 4643 322 4683 ss.

205 4726 262 4798 ligo
276 4725 458 4781 Theodninus
472 4726 581 4782 Sanctae
595 4724 698 4783 11111111
712 4726 858 4797 episcopus
874 4743 911 4782 ss.

204 4824 265 4893 lt'go
279 4823 344 4878 Otto
357 4823 491 4878 diaconus
517 4823 661 4879 cardinalis
676 4824 705 4879 S.
731 4822 845 4894 Georgii
860 4824 893 4878 sd
911 4826 966 4880 Ve-

169 4920 225 4976 lum
241 4925 356 4978 Aureum
371 4937 409 4978 ss.

206 5020 266 5091 ligo
280 5018 374 5075 Guido
389 5018 522 5074 diaconus
535 5016 612 5073 eard.
642 5018 803 5073 Sanctorum
818 5019 925 5074 Cosmae
938 5025 966 5076 et

169 5117 293 5171 Damiani
308 5133 345 5172 ss.

206 5342 245 5409 ts)
261 5340 469 5398 suessionensis
497 5340 642 5413 episeopus
657 5348 717 5395 erut
740 5348 803 5396 tunc
823 5340 968 5396 Goslemus

171 5410 250 5482 cujus
272 5411 360 5466 vicem
388 5411 526 5482 supplevit
554 5413 633 5482 llugo
658 5413 827 5467 Turonensis
855 5412 968 5468 archie-

171 5483 309 5554 piscopus,
326 5488 355 5535 ut
367 5481 459 5536 videre
472 5483 554 5537 estin
570 5492 632 5537 nota
647 5483 709 5539 huic
721 5482 856 5553 subjecta.

207 5554 246 5618 (tl
261 5551 812 5613 11111111111111111111111111111
828 5553 910 5610 linem
925 5569 970 5612 ac·

1018 424 1144 482 Tulliano
1159 443 1197 483 ss.

1055 514 1114 587 ligo
1129 516 1298 588 Hyacinthus
1312 517 1422 575 dissoni
1436 518 1513 575 1111.
1530 520 1558 576 S.
1576 519 1668 576 liaris
1695 518 1723 574 iu
1752 520 1815 576 Cos-

1020 603 1121 674 medyu
1138 621 1180 660 ss.

1057 693 1118 767 Ego
1133 695 1251 750 Thomas
1265 694 1388 768 presbyt.
1406 696 1483 754 card.
1500 696 1540 752 tit.
1555 698 1677 754 Vestlnta
1692 712 1731 753 ss.

1056 783 1115 856 Ego
1130 781 1219 839 Gnido
1234 784 1355 856 presbyt.
1372 785 1445 842 card.
1462 786 1503 842 tit.
1519 785 1682 843 Sanctorum
1697 786 1817 844 Lauren·

1020 870 1050 926 tii
1065 880 1090 926 et
1105 872 1215 926 Damasi
1229 888 1268 928 11.

1056 961 1155 1017 Datum
1169 961 1295 1017 Laterani
1311 978 1360 1031 per
1374 979 1469 1018 manns
1496 962 1622 1030 baronis,
1639 971 1745 1020 sancta
1765 963 1816 1019 lto·

1020 1064 1109 1106 mauae
1122 1049 1250 1107 Ecclesiae
1265 1050 1436 1115 subdiaconi,
1451 1068 1468 1107 v
1483 1051 1621 1109 Kaleudss
1630 1051 1765 1119 lanusrii,
1776 1052 1816 1106 in-

1021 1138 1139 1195 dictione
1154 1152 1213 1204 1111,
1242 1139 1439 1196 incarnationis
1461 1141 1611 1197 Dominicae
1640 1157 1713 1196 annu
1743 1143 1816 1208 tttt,

1021 1225 1194 1299 pontificatus
1208 1243 1272 1284 vero
1287 1228 1379 1284 domni
1394 1229 1469 1286 lucii
1482 1229 1507 1285 tt
1521 1245 1609 1302 pspre,
1626 1246 1702 1286 anuo
1717 1246 1736 1286 t.

1355 1319 1478 1375 LXXIX.

1021 1406 1062 1461 11
1076 1406 1264 1462 Petronillom
1281 1407 1506 1464 Fontis-libralia·
1520 1407 1704 1465 abbatissam.
1722 1439 1757 1450 -
1774 1411 1816 1466 st-

1057 1476 1174 1547 gnificat
1188 1493 1217 1559 se
1232 1481 1452 1534 controuersiam
1467 1482 1607 1549 11111111
1624 1480 1743 1564 [ilgerio.
1759 1482 1817 1536 Aa·

1057 1548 1206 1617 depraensa
1221 1550 1348 1620 episcopo
1358 1549 1547 1606 dirimendam
1561 1552 1737 1607 communisse
1751 1567 1817 1607 cort-

1058 1619 1154 1674 cordio
1168 1619 1210 1675 uel
1219 1620 1329 1690 judicio
1342 1621 1478 1693 delegatis
1491 1622 1638 1695 episcopis.

1323 1709 1412 1777 (Auno
1427 1710 1519 1777 titt.)

1168 1797 1211 1871 [D.
1226 1799 1367 1865 Bouousr,
1383 1798 1511 1867 Rerueil,
1527 1800 1587 1863 XV,
1603 1798 1679 1872 1111]

1055 1887 1165 1944 Luctus
1176 1886 1332 1958 episeopus,
1346 1902 1443 1942 servus
1453 1903 1593 1943 servorum
1603 1886 1781 1955 Dei,dilectis
1795 1888 1820 1943 in

1021 1973 1820 2033 Christofittahnst‘nraosnnnabhaussaeetsororionsvon·

1020 2063 1193 2132 tis-Ebraldi,
1205 2062 1320 2120 salutem
1332 2071 1360 2120 11
1374 2065 1552 2136 apostolicam
1567 2065 1799 2122 benedictionem.

1056 2179 1123 2246 litei,
1141 2196 1174 2235 ex
1186 2179 1308 2250 injuncto
1323 2179 1402 2236 nobis
1416 2196 1432 2236 a
1447 2181 1563 2237 Domino
1578 2180 1750 2252 apostolatus
1764 2180 1820 2239 otti·

1020 2267 1073 2335 111,
1088 2268 1257 2324 venerabilis
1283 2267 1344 2324 loca
1370 2269 1486 2341 diligere
1514 2278 1541 2324 et
1554 2278 1733 2326 manutenere
1759 2271 1820 2341 (de-

1021 2357 1160 2428 beamus),
1190 2355 1667 2425 111111111111111111111-111111111,
1696 2372 1748 2430 pro
1763 2358 1823 2414 reli·

1020 2446 1105 2520 gione
1128 2453 1156 2502 ct
1170 2447 1312 2503 honestate
1340 2461 1399 2510 sus,
1427 2445 1533 2517 jamdiu
1548 2446 1707 2518 specisliter
1720 2446 1820 2503 dilexi·

1021 2551 1082 2590 mus
1097 2543 1124 2590 ct
1137 2533 1287 2607 diligimus,
1302 2542 1329 2590 et
1343 2534 1369 2589 in
1385 2535 1483 2605 quibus
1508 2535 1658 2591 secundnm
1674 2535 1819 2591 1111111111

1022 2639 1177 2694 possumus,
1216 2622 1295 2680 vobis
1323 2623 1470 2696 providero
1496 2631 1523 2680 et
1546 2623 1610 2693 jars
1638 2631 1729 2680 vestra
1750 2625 1822 2681 volu·

1021 2728 1084 2767 mus
1098 2711 1203 2768 illibate
1231 2727 1354 2768 servare.
1381 2713 1440 2768 Nos
1468 2712 1576 2783 quidem
1603 2712 1749 2784 petitiones
1773 2731 1821 2770 ve·

1023 2809 1095 2855 stras
1111 2809 1225 2871 paterna
1253 2799 1422 2873 benignitate
1449 2801 1611 2872 recepimus,
1641 2808 1668 2857 et
1695 2801 1731 2857 dc
1760 2802 1821 2874 qui-

1022 2889 1151 2955 busdam,
1168 2889 1403 2960 praedecessorum
1431 2898 1587 2945 nostrornm
1606 2897 1741 2960 tempore,
1772 2907 1820 2946 11-

1022 2977 1143 3048 ipsorum
1156 2977 1297 3046 msndsto,
1313 2977 1413 3048 sapius
1427 2978 1597 3051 scripsimus,
1615 2985 1642 3033 et
1663 2979 1765 3035 nedum
1775 2994 1822 3050 per

1024 3066 1121 3122 eadem
1135 3067 1249 3138 scripta,
1266 3066 1336 3123 sicut
1351 3083 1402 3137 per
1428 3067 1537 3122 nuutios
1552 3074 1659 3124 vestros
1685 3066 1821 3124 intellexi-

1022 3170 1092 3222 mus,
1123 3164 1241 3211 vestram
1269 3171 1324 3211 non
1353 3155 1481 3226 potuistis
1515 3155 1638 3211 obtinere
1662 3156 1820 3226 justitiam

1021 3244 1133 3315 dignum
1150 3244 1281 3299 duximus
1296 3253 1325 3298 ut
1340 3243 1439 3317 legatis
1453 3244 1564 3311 nostris,
1582 3260 1651 3316 quos
1678 3243 1715 3299 11
1729 3252 1821 3316 partes

1020 3332 1084 3387 illas
1111 3333 1219 3388 mittere
1233 3332 1411 3403 disponimus,
1430 3333 1490 3389 vivs
1505 3348 1571 3389 voce
1587 3331 1780 3404 praecipiamus
1793 3337 1821 3388 ut

1022 3421 1208 3492 querimonias
1234 3428 1341 3477 vestros
1371 3422 1520 3496 diligenter
1546 3422 1664 3492 audiant,
1692 3431 1720 3477 et
1747 3421 1820 3494 quod

1018 3510 1124 3579 justitia
1151 3511 1305 3576 dictaverit,
1336 3511 1416 3567 vobis
1444 3510 1544 3567 iaciant
1559 3509 1707 3580 exbiberi;
1730 3509 1820 3567 locum

1020 3614 1129 3672 quoque
1145 3607 1274 3665 vestrum,
1292 3607 1319 3655 et
1331 3616 1391 3672 quae
1405 3600 1440 3655 ad
1459 3599 1548 3671 ipsum
1563 3599 1709 3670 pertinent,
1721 3599 1821 3669 J'uveut

1020 3695 1048 3744 et
1078 3695 1278 3756 manuteneant,
1308 3697 1336 3743 et
1363 3696 1491 3760 potentes
1505 3703 1639 3760 personas
1654 3688 1727 3743 illius
1742 3697 1821 3745 terrae

1019 3777 1055 3832 ad
1069 3775 1293 3832 benetactenrtmn
1310 3776 1387 3832 vobis
1402 3778 1523 3833 studiose
1548 3784 1755 3832 commoneant.
1783 3777 1821 3832 lle

1020 3870 1118 3917 caetero
1133 3861 1272 3917 dilectioni
1288 3869 1385 3918 vestrae
1409 3870 1502 3919 notum
1517 3861 1731 3928 essevolumus,
1748 3861 1819 3934 quod

1019 3950 1054 4006 de
1069 3950 1255 4006 controversia
1271 3967 1332 4022 qnae
1348 3950 1485 4006 intervos
1512 3959 1540 4006 et
1566 3949 1751 4006 venerabilem
1767 3950 1820 4005 irs·

1022 4047 1090 4094 trem
1104 4047 1228 4095 nostrum
1245 4039 1384 4112 Ulgorium
1410 4039 1637 4112 indagavensem
1661 4038 1820 4111 episcopum

1021 4136 1095 4184 tanto
1109 4136 1231 4198 temporo
1247 4130 1349 4199 agitata
1364 4137 1414 4194 est,
1431 4136 1544 4199 paterno
1569 4126 1666 4184 affectu
1681 4126 1819 4193 dolemus,

1020 4225 1047 4273 et
1061 4224 1089 4272 ut
1104 4216 1223 4272 debitum
1240 4217 1323 4273 duem
1351 4217 1486 4283 obtineat,
1502 4225 1558 4272 tarn
1583 4233 1632 4289 pro
1648 4216 1726 4274 vobis
1739 4234 1821 4290 quam

1019 4322 1071 4376 pro
1087 4304 1171 4360 iratre
1186 4313 1279 4361 nostro
1309 4304 1426 4360 libenter
1440 4321 1554 4376 operam
1568 4306 1672 4360 damus.
1698 4306 1766 4362 lade
1779 4313 1821 4362 est

980 4393 1095 4467 unod
1108 4393 1313 4450 venerabilibus
1342 4393 1470 4449 iratribus
1498 4393 1600 4450 uostris
1628 4393 1819 4465 Glaulridol

1020 4483 1215 4556 burdegalensi
1231 4483 1450 4555 archiepiscopo.
1475 4481 1629 4555 Glaul‘rido]
1644 4483 1819 4545 carnotensi,

1020 4571 1201 4644 Blernardol
1217 4576 1256 4642 (tit
1288 4572 1486 4637 Suessiouensi,
1499 4572 1517 4626 ts
1532 4569 1689 4644 [ernardo]
1717 4572 1820 4627 Santo-

1019 4662 1108 4728 nensi,
1137 4660 1568 4732 1111[111111111111111111111
1597 4659 1745 4731 episcopis,
1773 4677 1822 4731 per

1019 4750 1170 4822 apostolica
1184 4750 1287 4820 scripta
1303 4749 1471 4822 injungimus
1496 4756 1526 4803 nt
1538 4746 1610 4803 inira
1635 4750 1820 4820 quadraginta

1020 4839 1089 4900 dies,
1105 4847 1246 4910 postquam
1258 4837 1388 4910 prelatus
1400 4837 1544 4908 episcopus
1558 4851 1574 4892 s
1589 4836 1654 4892 sede
1667 4837 1822 4907 apostolica

1021 4927 1141 4992 redierit,
1158 4927 1184 4982 in
1202 4943 1283 4982 unum
1297 4925 1468 4991 conveniant,
1485 4934 1512 4980 et
1526 4925 1649 4982 eamdem
1662 4933 1821 4982 coutrover-

1019 5025 1087 5080 sism
1117 5023 1354 5094 perconcordiam
1383 5023 1426 5079 vel
1451 5023 1581 5092 indicium
1603 5021 1740 5077 deliniant
1768 5025 1819 5093 (i).

1019 5113 1156 5168 liumdem
1169 5128 1278 5184 quoque
1288 5112 1445 5183 episcopum
1461 5112 1582 5167 studiose
1592 5118 1763 5183 rogamus,et
1772 5127 1819 5168 ro·

1021 5354 1052 5396 ce
1074 5339 1102 5403 it,
1118 5347 1145 5393 nt
1162 5356 1193 5394 et
1208 5338 1331 5408 sequenti
1346 5347 1420 5410 patet
1442 5339 1639 5395 instrumento:
1660 5364 1670 5385 1
1688 5341 1748 5414 Ego
1762 5341 1819 5397 Eu-

1021 5357 1181 5483 gel'baudus,
1197 5410 1247 5465 Dei
1264 5411 1818 5480 111111111111111111111111111111εωί11-

1022 5490 1086 5544 ster,
1104 5481 1283 5549 presentibus
1310 5489 1335 5536 et
1350 5482 1445 5536 futuris
1461 5490 1552 5536 notum
1581 5483 1641 5536 lieri
1655 5484 1729 5547 volu,
1746 5483 1818 5555 quod

1023 5553 1236 5609 controversiam
1251 5567 1311 5625 quae
1326 5553 1373 5608 diu
1391 5553 1464 5608 inter
1476 5555 1706 5626 Andegavensem
1721 5553 1819 5612 Eccle-
