3772 6006
108 182 150 234 ιιι
692 183 868 242 aersroea
886 170 932 240 lar
950 184 1160 242 servimen.
1257 146 1259 151 ⁵

106 300 293 374 percutiemus
310 320 377 362 vero
395 305 499 364 domini
518 308 658 366 Innocenti
678 323 758 382 papas
783 310 808 364 ll
831 308 945 370 anneA

105 392 234 462 mundo,
249 391 402 452 indictione
416 395 534 453 decima.

442 495 578 553 lxxxv.

108 592 238 649 Ecclesia
257 594 399 651 Tattenst‘s
408 592 493 734 doorppfi,
505 598 621 720 pctpnte
635 596 754 651 ilenrico
768 596 905 667 episcopa,

420 681 435 722 c
495 682 580 722 rma.

327 765 416 833 (buno
433 765 510 831 ctat,
526 763 610 820 Febr.
626 765 683 835 tl.)

150 860 288 933 [Defensa
305 860 338 918 da
350 860 462 935 l'Eptt'se
472 861 505 917 dc
517 862 594 928 lant,
607 876 733 933 preuves,
750 877 777 934 p.
796 860 851 933 lb]

431 959 582 1016 cxxxvi.

117 1058 158 1113 Aa
173 1055 343 1113 lierbertttm
356 1057 482 1113 abbatem
499 1058 527 1113 S.
544 1056 680 1130 Stephani
696 1058 882 1115 divionensis.

317 1154 407 1223 <buno
423 1156 501 1221 tter,
519 1154 602 1209 Febr.
623 1155 680 1223 ta.)

294 1251 433 1325 [Pansam
449 1252 571 1318 Rcancit,
587 1268 618 1323 p.
639 1252 710 1324 ¹⁰44

135 1351 329 1407 insanas-uus
354 1349 508 1421 episcopus,
535 1365 632 1405 servus
660 1364 803 1405 servorum
840 1349 900 1416 Dei,

101 1438 200 1494 dilecto
229 1439 288 1494 lilio
303 1440 454 1493 Eaananro
473 1438 563 1494 abbati
576 1438 713 1512 ⁸ccclesiae
728 1437 820 1495 Sancti
836 1439 900 1495 Ste-

101 1527 180 1597 phani
211 1527 398 1594 Divionensis,
415 1527 529 1600 ejusque
553 1527 763 1584 successorihus
786 1526 899 1597 regula·

102 1615 166 1670 riter
181 1616 382 1672 substituendis
396 1616 424 1671 in
439 1620 615 1688 perpetuum.

132 1736 374 1806 Quemadmodum
389 1753 422 1793 es
440 1754 502 1809 quae
515 1751 530 1792 a
544 1736 624 1794 nobis
654 1742 806 1793 statuuntur
820 1735 901 1792 firme

103 1827 228 1881 nolumus
243 1836 273 1882 et
288 1825 394 1882 illibata
407 1826 567 1897 persistere,
597 1826 634 1881 ita
649 1841 682 1883 aa
695 1843 756 1898 qum
783 1842 799 1881 a
814 1825 902 1882 tratri·

102 1916 148 1969 bus
162 1916 270 1970 uostris
286 1915 441 1970 rationabili
455 1915 639 1988 providentia,
664 1916 723 1971 sira
737 1931 786 1986 per
800 1915 900 1970 ootrtri·

101 2002 169 2058 eiam
186 2002 226 2077 [s.
245 2003 487 2077 controrersiaml,
508 2020 557 2060 seu
580 2019 631 2076 per
650 2004 825 2060 concordiam
841 2010 900 2058 stn-

100 2092 174 2147 bilita
188 2099 270 2159 sunt,
285 2092 391 2148 illibata
405 2092 534 2150 volumus
548 2108 723 2165 permanere.
740 2094 901 2149 Controver-

99 2188 132 2243 sia
147 2188 291 2260 siquidem
308 2188 444 2247 intervos
459 2197 486 2245 et
503 2188 670 2246 lierbertrrm
685 2190 812 2246 abbatem
828 2187 900 2244 San-

99 2276 131 2333 cti
145 2277 286 2349 Sequani,
315 2277 350 2333 de
368 2277 476 2334 duabus
491 2278 631 2335 aeclesiis.
656 2278 780 2335 Stabulis
798 2276 901 2334 scilicet

97 2374 119 2420 et
132 2365 259 2432 Dalrcis,
280 2365 400 2423 estotim
417 2367 462 2422 diu
477 2367 586 2440 agitata.
602 2367 723 2423 Tandem
738 2367 766 2422 in
781 2381 903 2439 praesen·

96 2454 131 2509 tis
158 2454 335 2511 venerahilis
364 2454 491 2514 Guilenci
510 2456 633 2528 episcopi
660 2456 755 2522 vestri,
785 2455 853 2510 sicut
868 2470 900 2510 ex

96 2542 154 2611 ejus
169 2543 286 2615 scriptis
299 2544 466 2616 accepimus,
496 2545 679 2602 indicantibus
700 2543 832 2602 Gauterio
846 2543 898 2598 Ca-

97 2630 233 2687 bilonensi
249 2632 392 2705 episcopo,
413 2642 441 2689 et
456 2632 578 2689 Gerardo
602 2633 731 2691 besuensi
748 2632 857 2696 abbate,
874 2639 902 2687 et

96 2720 219 2791 tyrardo
250 2719 555 2794 lingonensidecano,
587 2730 613 2779 et
638 2721 901 2778 duobusnrclridia·

96 2808 185 2877 conis,
200 2808 337 2876 tecelino,
353 2817 379 2865 et
394 2809 707 2878 Garnerio,earumdem
722 2809 899 2866 ecclesiarum

96 2898 174 2953 robis
189 2905 234 2953 est
262 2914 325 2954 eum
340 2898 456 2956 decimis
484 2899 641 2970 adjudicata
667 2899 820 2971 possessio.
844 2898 900 2954 Sed

94 2987 228 3058 quonism
243 2986 351 3043 animus
375 2987 483 3045 abbatis
502 2988 596 3045 Sancti
620 2988 740 3061 Sequani
759 2987 793 3044 de
821 3002 937 3080 repe-C

95 3084 185 3139 tendis
199 3085 331 3141 eeclesiis
347 3100 401 3141 non
415 3086 558 3156 pausabat,
583 3102 634 3142 uos
649 3087 792 3157 utriusque
806 3085 897 3141 ecole-

96 3173 142 3227 siae
156 3173 219 3244 psci
231 3174 349 3245 etquicti
368 3174 514 3246 providere
536 3183 671 3245 curantes,
687 3190 796 3231 causam
812 3173 897 3245 ipsam

95 3260 197 3318 dilecto
212 3260 270 3317 filio
284 3269 378 3318 nostro
394 3264 531 3334 Stephano
544 3263 716 3320 cisterciensi
742 3262 844 3328 abbati,
861 3262 899 3316 ita

95 3359 301 3415 commissimus
316 3361 526 3429 terminandam,
542 3372 571 3417 ut
584 3362 658 3435 quod
668 3362 704 3417 ab
719 3377 753 3416 eo
764 3357 900 3432 perjosti·

95 3452 158 3503 tiam
172 3448 218 3505 rel
234 3449 413 3505 concordiem
429 3459 606 3519 statueretur,
623 3457 717 3506 ratum
738 3448 899 3506 auctoritate

95 3537 249 3609 apostolica
262 3547 450 3608 permaneret.
472 3542 534 3611 lpse
548 3556 614 3597 vero
630 3549 758 3614 tauquam
774 3542 815 3597 rir
828 3537 898 3599 reli-

96 3627 204 3697 giosos,
234 3627 482 3697 etpaeisamator,
498 3630 664 3685 anditistam
695 3632 844 3703 tuisquam
859 3632 900 3687 sl·

96 3724 181 3780 terius
195 3724 285 3796 partis
299 3724 464 3793 rationibus,
479 3734 507 3782 et
520 3726 816 3801 diligenterinspactis,
832 3744 899 3787 oon·

96 3824 156 3879 silio
171 3823 332 3879 charissimi
346 3821 395 3879 lilii
408 3825 496 3880 nostri
510 3825 642 3881 bernardi
658 3827 900 3885 Clara-Veliensis

96 3911 215 3977 abbatis,
230 3920 258 3968 et
273 3911 390 3968 aliorum
412 3913 605 3985 religiosorum
632 3915 763 3983 viromm,
793 3932 900 3989 praeno·

95 4001 227 4056 minatam
246 3999 282 4056 de
309 4000 417 4057 duobus
445 4003 573 4058 ecclesiis
599 4007 814 4062 controversiam
848 4008 900 4063 boc

95 4099 177 4154 modo
192 4113 243 4169 per
256 4098 433 4155 concordiam
447 4099 609 4168 terminarit,
625 4110 655 4156 ut
679 4101 809 4159 videlicet
822 4102 899 4174 ipsa·

97 4210 153 4249 rum
174 4194 368 4261 ecclesiarum,
384 4203 440 4251 tam
456 4205 483 4252 to
498 4213 578 4270 quam
595 4197 692 4255 iratres
707 4200 743 4255 tui
758 4200 900 4256 dimidiam

96 4284 252 4383 portionem
266 4284 428 4384 ct'eeclcsia
443 4286 534 4386 Sancti
549 4286 680 4359 Stephani
694 4288 826 4361 reliquam
842 4305 899 4345 me·
989 4323 1179 4377 Momm
1194 4321 1347 4392 episcopus,

96 4374 227 4428 dietatem
245 4373 375 4429 obtineat.
404 4372 474 4442 Quia
489 4384 645 4448 igiturquia
664 4376 699 4432 ad
718 4392 813 4448 pacem
832 4373 937 4434 suntD

96 4464 123 4515 in
138 4459 267 4518 Ecclesia
294 4462 347 4518 Dei
367 4462 501 4519 debemus
517 4470 643 4533 statuere,
672 4472 700 4521 et
712 4465 827 4538 praetsto
841 4466 898 4524 tilio

96 4566 195 4613 nostro
232 4557 370 4630 Stephano
403 4559 503 4618 abbata
539 4561 712 4618 concordiam
750 4563 897 4619 stabilitam

1699 183 1755 241 tta

1280 308 1439 365 cxxxvii.

961 404 1123 462 decurtarit
1133 408 1160 465 S.
1176 407 1270 463 baria
1286 406 1514 465 claravallensis
1527 400 1713 479 possessiones
1726 410 1755 463 at

992 477 1150 549 prioilcps'a,
1160 476 1425 550 patentcBernardo
1440 478 1547 543 allate,
1558 478 1717 546 confirmat.

1172 576 1261 639 (Anno
1283 576 1362 640 llas,
1379 574 1460 629 Febr.
1477 575 1535 642 ll.)

1144 670 1312 743 lll'licrraav,
1328 672 1428 744 Spict't.
1445 671 1479 735 ll,
1495 670 1570 742 5η]

992 768 1186 825 tvsocnsrrus
1201 769 1355 841 episcopus,
1374 784 1470 825 servus
1481 782 1624 824 servorum
1633 765 1693 835 Del,
1710 766 1753 821 di·

956 855 1027 913 lecto
1055 856 1109 912 tilio
1138 857 1289 915 Easnnnno
1314 856 1509 913 Clarevallensi
1523 856 1626 923 abbati,
1642 856 1755 927 ejusque

956 945 1160 1001 successorihus
1187 945 1348 1020 regulariter
1375 944 1572 1002 substituendis
1601 944 1628 1000 in
1653 959 1753 1017 perpe-

955 1042 1043 1088 tuum.
1056 1077 1062 1090 .
1074 1077 1097 1092 ..

991 1132 1125 1187 Craterum
1141 1148 1223 1204 quam
1242 1133 1324 1188 llrma
1339 1133 1580 1205 perseverantique
1603 1130 1753 1189 constantia

954 1234 1063 1276 causam
1080 1220 1152 1276 beuti
1167 1221 1238 1277 l‘etri
1253 1230 1279 1277 et
1294 1230 1396 1277 sanctae
1423 1220 1518 1277 metris
1540 1228 1593 1276 tuae
1620 1221 1751 1276 llomanae

954 1308 1095 1376 Ecclesia,
1116 1310 1213 1366 dilecte
1227 1308 1264 1365 tili
1292 1310 1319 1364 in
1336 1309 1461 1380 Domino,
1491 1309 1629 1365 bernarde
1651 1308 1747 1376 abhas,

952 1397 1164 1455 incandescente
1191 1399 1263 1454 Petri
1290 1398 1389 1455 Leonis
1403 1399 1549 1456 schismate
1576 1398 1669 1454 tervor
1693 1404 1747 1453 tuae

952 1494 1095 1568 religionis
1110 1504 1137 1552 et
1152 1495 1323 1553 discretionis
1338 1497 1489 1568 susceperit
1501 1495 1708 1565 defensandam,
1722 1502 1749 1550 et

952 1599 984 1639 se
998 1600 1104 1640 murum
1120 1584 1364 1657 inexpugnabilem
1378 1600 1429 1657 pro
1439 1584 1521 1641 domo
1537 1585 1748 1656 Deioppouens,

913 1659 940 1719 Β
954 1673 1061 1728 animos
1077 1690 1171 1746 regum
1185 1690 1218 1730 ac
1232 1673 1395 1746 principum,
1426 1680 1452 1729 et
1480 1674 1605 1739 aliarum,
1629 1682 1685 1728 tam
1702 1687 1752 1729 ec-

954 1760 1167 1819 olesissticarum
1178 1778 1260 1835 quem
1271 1763 1454 1829 saecularium,
1465 1778 1646 1835 personamm
1657 1762 1693 1817 nd
1703 1761 1753 1818 Ca·

953 1850 1060 1906 thelica
1072 1852 1202 1908 Ecclesia
1212 1851 1351 1919 unitatem,
1364 1859 1390 1907 et
1414 1852 1485 1908 beati
1497 1852 1566 1906 Petri
1586 1867 1617 1907 ac
1627 1857 1750 1907 nostram

954 1949 1137 2005 obedientiam
1157 1949 1345 2022 lreqtrentihus
1378 1950 1551 2022 argumentis
1588 1957 1615 2006 ct
1646 1952 1751 2005 ratione

953 2039 1075 2093 munitus
1090 2038 1219 2095 iuducere
1235 2039 1406 2108 laboraverit,
1423 2053 1524 2111 magna
1546 2055 1607 2112 quae
1620 2037 1751 2095 Ecclesiae

954 2136 1004 2192 Dei
1019 2145 1045 2192 ct
1055 2136 1133 2193 nohis
1144 2138 1269 2207 provenit
1278 2136 1380 2194 utilitas
1389 2137 1552 2194 manifestat.
1567 2137 1751 2206 Quamobrem

954 2224 1007 2279 tuis
1043 2225 1123 2295 justis
1150 2225 1295 2281 desideriis
1329 2225 1569 2282 accommodantes
1597 2241 1752 2292 assensum,

955 2314 1042 2370 Beatae
1066 2312 1159 2370 llariae
1176 2314 1227 2370 Dei
1244 2312 1389 2371 Genitricis
1410 2313 1618 2381 monasterium,
1637 2314 1680 2370 cui
1696 2314 1752 2370 beo

954 2410 1064 2458 auctore
1078 2402 1220 2475 presides,
1237 2419 1298 2460 cum
1312 2402 1439 2459 omnihus
1453 2402 1486 2458 ad
1508 2403 1596 2473 ipsum
1610 2402 1750 2473 pertinen·

953 2490 1025 2546 tibus
1052 2490 1210 2562 apostolicae
1233 2491 1307 2547 sedis
1326 2490 1481 2562 patrocinio
1508 2489 1749 2556 communivimus,

954 2587 1104 2636 statuentes
1118 2586 1147 2634 ut
1161 2595 1334 2652 quacunque
1363 2579 1554 2650 possessiones
1569 2587 1615 2634 aut
1631 2578 1704 2635 bona
1717 2578 1751 2633 ad

953 2668 1083 2725 eumdem
1097 2668 1198 2738 locum,
1214 2674 1279 2736 ete,
1295 2672 1439 2741 utsupra.

988 2767 1049 2839 Ego
1065 2764 1238 2822 Innocentius
1252 2763 1398 2821 estholinae
1413 2765 1543 2822 Ecclesiae
1558 2763 1714 2837 episcopus.

988 2864 1049 2937 Ego
1064 2863 1207 2919 llatthaeus
1221 2861 1383 2918 bibonensis
1394 2863 1551 2935 episcopus.

987 2962 1047 3034 Ego
1077 2961 1213 3017 Romanus
1242 2959 1372 3017 diaconus
1391 2959 1537 3016 cardinalis
1556 2960 1584 3017 S.
1605 2960 1697 3017 llariae
1725 2959 1752 3016 iu

953 3050 1070 3106 Porticu.

988 3144 1049 3217 Ego
1062 3145 1183 3200 loannes
1198 3145 1236 3199 tit.
1262 3144 1293 3200 S.
1309 3143 1497 3216 Chrysogonis
1514 3145 1660 3217 presbyter
1673 3145 1750 3202 eard.

988 3232 1050 3306 Ego
1066 3232 1219 3307 Gregorius
1235 3232 1367 3290 diaconus
1381 3232 1527 3289 cardinalis
1555 3232 1605 3290 SS.
1622 3232 1710 3307 Sergii
1725 3239 1753 3289 ct

953 3321 1062 3377 Eaeclti.

989 3419 1087 3474 Datum
1107 3418 1231 3490 Lugduni
1251 3435 1302 3490 per
1329 3434 1441 3474 manum
1459 3418 1588 3476 aimerici
1610 3420 1639 3476 S.
1655 3419 1690 3475 lt.
1716 3420 1749 3475 E.

952 3506 1059 3564 diaconi
1087 3507 1232 3564 cardinalis
1253 3515 1279 3563 et
1307 3507 1463 3564 cancellarii
1491 3525 1536 3563 xvir
1556 3507 1620 3564 ttet.
1642 3508 1747 3564 ldartii.

953 3595 1046 3652 indict.
1069 3614 1084 3650 x
1104 3595 1306 3653 incarnationis
1335 3596 1483 3653 Dominicae
1497 3612 1568 3652 anno
1585 3599 1663 3666 ttSi,
1680 3613 1750 3668 pou-

952 3685 1072 3741 tillcatus
1104 3685 1206 3741 domiui
1238 3685 1388 3742 innocentii
1426 3700 1505 3756 papae
1532 3685 1646 3741 secundi
1678 3700 1751 3742 suno

954 3774 1046 3828 tertio.

1268 3871 1442 3926 cxxxvlii.

953 3967 1037 4024 Balla
1050 3983 1100 4039 pro
1113 3968 1298 4024 institutio-nc
1311 3968 1514 4025 canonicorum
1530 3969 1705 4039 regularium
1719 3970 1751 4025 in

1050 4038 1171 4093 canobio
1188 4039 1288 4095 Sancti
1303 4038 1394 4095 Laudi
1411 4039 1646 4095 constantiensis.

1179 4136 1272 4203 (Auno
1288 4137 1367 4203 ctat,
1384 4135 1467 4189 llari.
1487 4134 1526 4205 2.)

1105 4233 1189 4305 {dett
1208 4231 1312 4289 Christ.
1329 4240 1348 4288 t.
1365 4232 1414 4300 xl,
1431 4233 1510 4287 lnstr.
1527 4232 1602 4304 Eia]

1366 4336 1464 4377 servus
1481 4335 1623 4376 servorum
1638 4319 1698 4387 Dei,
1710 4335 1752 4375 ve·

951 4409 1069 4465 nerahili
1115 4409 1193 4465 tratri
1229 4413 1346 4465 decano
1383 4408 1584 4465 constantiensi
1611 4408 1750 4481 episcopo,

952 4497 1066 4568 ejusque
1096 4497 1304 4554 successoribus
1342 4498 1473 4554 canonice
1500 4497 1697 4555 substituendis
1723 4498 1752 4552 in

952 4594 1124 4659 perpetuum.

96 4646 614 4719 ‘mwffinumssdioewmffmu'r
636 4655 664 4707 οἵ
691 4651 897 4724 u‘nummi’er
987 4676 1062 4732 Tunc
1077 4674 1201 4732 Ecclesia
1216 4676 1265 4731 Dei
1281 4675 1441 4730 suoordiue
1471 4674 1585 4748 regitur,
1615 4690 1676 4729 eum
1693 4674 1751 4743 ejus

92 4744 148 4802 ¹¹⁰⁶
168 4753 292 4800 mmm
314 4744 456 4803 “dmm
481 4747 563 4805 ¹500ss
582 4749 724 4821 institue,
763 4751 899 4823 pimenti
952 4763 1077 4837 regimen
1092 4763 1209 4836 sapienti
1223 4770 1251 4820 et
1265 4763 1401 4836 religiosa
1415 4778 1542 4834 personat
1560 4762 1749 4819 committitur.

92 4842 212 4899 decreto
226 4842 376 4899 sancimus.
395 4843 423 4899 Si
440 4844 500 4918 quis
514 4846 599 4920 igitur
613 4847 676 4904 huic
691 4852 793 4905 nostrae
802 4848 900 4906 consti·
953 4852 1111 4909 Gaudentius
1124 4852 1281 4918 admodum,
1303 4852 1464 4908 charissime
1479 4851 1561 4906 trater
1575 4850 1675 4924 Algare
1689 4848 1752 4923 epi-

93 4939 196 4994 tntioui
223 4938 343 4996 scienter
370 4941 506 4998 contraire
534 4944 690 5015 tentaverit,
719 4945 899 5003 anathematis
953 4956 1045 5014 scope,
1069 4939 1198 5013 quoniam
1218 4947 1244 4996 le
1261 4940 1296 4996 td
1325 4938 1588 4995 admissittttliffllem
1613 4938 1749 4994 consttu-

92 5036 237 5093 sententia
250 5037 425 5109 percellatur.
952 5028 1045 5085 tiensis
1060 5028 1191 5086 Ecclesia
1210 5026 1303 5084 divina
1330 5025 1501 5100 dispensatio
1515 5026 1639 5084 evocavit
1652 5044 1660 5091 ;
1673 5026 1749 5085 ideo·

343 5163 349 5175 .
497 5164 503 5176 .
659 5165 665 5177 .
743 5167 748 5178 .
952 5134 1004 5190 que
1019 5117 1066 5173 tibi
1092 5125 1120 5173 ct
1138 5115 1268 5173 Ecclesia
1287 5123 1340 5171 tua
1358 5115 1543 5187 inposterum
1561 5114 1747 5188 providentes,

128 5164 192 5234 Εὕα
209 5164 385 5220 humum
399 5165 546 5223 ⁶⁸²h⁰¹¹⁰ae
560 5165 691 5224 ΜΘΝ
705 5183 860 5241 ‘fumus'
951 5206 1025 5262 bona
1039 5215 1065 5263 ct
1078 5204 1276 5278 possessiones,
1289 5202 1430 5259 libertates
1450 5211 1476 5259 et
1491 5203 1675 5260 immunitates
1689 5218 1750 5276 quas

132 5262 202 5316 ⁰⁸¹⁸
217 5261 340 5318 munim
366 5278 418 5335 W
437 5278 534 5320 '⁰⁸⁰⁰‘
549 5264 685 5335 *Ym‘n‘ci
713 5275 814 5323 ”nm
840 5266 898 5323 ΒΟ·
950 5310 1037 5366 usque
1052 5295 1087 5349 ad
1101 5294 1160 5350 haec
1173 5301 1295 5364 tempera
1323 5290 1417 5363 quiete
1430 5300 1457 5349 et
1479 5291 1600 5364 legitime
1613 5292 1749 5348 Constan-

95 5374 186 5414 Μ’
214 5358 468 5417 ΒωῙθὸῑὲᾱῙῧωῐή
491 5362 638 5418 Wffi¹¹⁸¹5⁸
652 5370 679 5419 ⁰¹
693 5364 861 5431 ⁰⁸⁰⁰0¹¹³ffflr
877 5382 897 5422 ¹¹
951 5383 1047 5438 tieusis
1058 5381 1182 5438 Ecclesia
1196 5379 1318 5437 noscitur
1329 5380 1497 5452 possedisse,
1514 5380 1562 5437 tibi
1576 5388 1604 5437 et
1617 5380 1670 5436 tuis
1684 5396 1749 5437 suc·
1828 5436 1831 5441 ,

94 5456 162 5512 ¹³⁰⁵
177 5456 327 5525 Ρθῦῐΰᾶήί,
356 5456 529 5530 pontificatus
543 5475 611 5517 tero
626 5460 719 5517 domni
748 5463 897 5520 lnnoeenlii
951 5470 1109 5528 sessoribus
1127 5468 1262 5544 privilegii
1286 5468 1373 5525 nostri
1387 5468 1540 5527 munimine
1570 5468 1745 5526 roboramus.

96 5548 121 5609 ll
136 5566 219 5625 papa
231 5566 305 5611 suno
318 5569 351 5611 n.
951 5560 1083 5617 Praeterea
1103 5558 1194 5616 Sancti
1222 5558 1309 5614 Medi
1324 5572 1384 5631 quta
1410 5557 1439 5613 in
1457 5557 1566 5616 civitate
1595 5556 1748 5618 bethema-
