3772 6006
21 198 24 203 ’
104 204 178 267 illl
328 207 523 269 wiccharti
546 207 917 270 Matuessbutuvsts
940 204 1117 268 hlthAClll
1140 206 1257 266 FRAG.
1281 205 1332 265 Eli
1355 196 1595 264 A'MAthilO.
1756 201 1783 261 li

743 516 1173 650 EPILOGUS.

139 886 322 960 Explicuissc
337 885 406 942 urihi
429 885 527 941 videor
549 886 631 956 jussu
654 887 757 949 vestre,
774 886 874 941 Petras
898 891 926 941 et
942 885 967 949 Α
982 898 1091 954 quassu,
1103 885 1241 938 eternam
1253 880 1402 937 vobiscum
1415 878 1451 936 de
1461 895 1559 952 parvo
1571 877 1682 934 labore
1693 879 1783 951 gratier

104 976 227 1042 domini,
240 977 377 1032 utilitum
394 975 571 1032 sanctissimi
582 974 634 1030 viri
646 973 844 1047 qualicunque
853 974 928 1050 stylo
983 970 1054 1042 quie
1064 968 1161 1027 studio
1173 973 1267 1027 vestro
1278 974 1306 1026 et
1316 967 1461 1026 voluntati
1473 984 1530 1024 sex
1540 967 1737 1040 septimanis
1746 984 1783 1039 pn

103 1066 314 1138 exsculperem.
328 1064 527 1121 obedientiam
543 1080 611 1135 orgo
621 1063 751 1130 exhibui,
763 1065 815 1120 etsi
830 1068 927 1121 votum
983 1058 1389 1131 rninuslucubrevi.Pnrcrgo
1400 1058 1471 1128 erit3
1486 1063 1522 1114 ut
1533 1062 1612 1130 post
1623 1056 1718 1129 huius
1729 1057 1783 1113 euir

104 1163 233 1213 vestrum
247 1171 303 1210 non
323 1153 445 1226 explevi.
466 1153 558 1209 Vestri
572 1153 625 1210 erit
637 1151 750 1224 judicii,
767 1170 802 1208 en
820 1159 928 1209 utrum·
983 1148 1169 1221 corporisque
1184 1148 1343 1206 discidium
1362 1147 1486 1204 totidem
1504 1146 1627 1204 diebus
1646 1163 1700 1218 pro
1713 1146 1783 1202 mei

105 1261 170 1317 que.
187 1247 312 1300 Excusat
329 1243 463 1300 voluutas
481 1241 698 1316 impotentiam
716 1242 793 1315 quis,
805 1242 861 1300 etsi
874 1258 927 1299 ns·
983 1237 1141 1294 immoletis
1157 1238 1277 1305 hostias,
1293 1241 1362 1309 quot
1378 1236 1514 1294 noctium
1531 1251 1594 1310 ego
1612 1236 1746 1292 tt'lstano
1759 1253 1783 1292 cr.

105 1335 184 1407 quivi
201 1334 279 1406 quod
297 1333 396 1404 debui,
416 1332 468 1388 leci
485 1333 561 1405 quod
587 1332 676 1404 potui.
700 1331 834 1389 Paciseer
848 1348 926 1406 ergo,
983 1329 1093 1385 secrevi
1107 1327 1255 1384 excubias.
1274 1325 1379 1385 valete.

159 1485 281 1559 bapstirit
300 1486 363 1541 Vita
384 1485 411 1541 S.
433 1485 548 1541 Wtstoni
564 1485 684 1556 episcopi
698 1492 723 1542 et
742 1487 915 1556 contessoris,
933 1487 1010 1557 cujus
1031 1487 1128 1541 saneta
1142 1481 1277 1555 depositio
1292 1481 1444 1537 celebratur
1460 1496 1512 1535 xiv
1528 1479 1601 1538 Kal.
1622 1480 1775 1535 Februarii.

285 1815 752 1956 Wlhatitttl
796 1813 1662 1956 manuusssbtstuusts

819 2073 1097 2166 uuisioni

280 2256 328 2311 ab
350 2254 494 2313 sursunt
514 2255 717 2313 nubeculis!
738 2255 783 2313 Db}
804 2256 888 2314 Vli'it
905 2256 952 2313 ΕΤ
972 2257 1131 2315 SCRIPTlS
1148 2256 1300 2315 bonulus
1320 2257 1422 2316 seori
1441 2259 1668 2332 (ERIGENAE).

314 2378 397 2450 (Vide
412 2379 590 2451 Patrotopisc,
604 2382 625 2436 t.
638 2378 748 2450 CXXII,
765 2379 822 2438 col.
837 2382 884 2454 92,
899 2381 977 2438 lnior
992 2380 1197 2455 Proicgornena
1212 2382 1248 2440 ad
1264 2382 1358 2456 Opera
1370 2382 1494 2441 ioannis
1510 2385 1629 2457 Sonti.)

114 2583 486 2593 m*—

813 2703 1114 2798 uxcEtvP'va

949 2893 984 2932 EX

190 3054 719 3184 wasnaum
748 3054 1749 3188 MALMESBURIENSIS

390 3307 1044 3448 nttREvniTtObti
1096 3312 1550 3451 abitabit.

115 3575 157 3643 (lt.
170 3574 300 3642 Acrsrus,
313 3573 396 3630 Prei.
412 3576 447 3631 ed
462 3575 576 3631 loannis
593 3572 757 3632 parisiensis
772 3573 1036 3632 determinationem
1050 3575 1082 3632 aie
1098 3574 1176 3633 morto
1194 3573 1331 3632 existendi
1344 3591 1443 3647 corpus
1457 3575 1568 3633 Christi
1582 3577 1615 3633 in
1633 3581 1783 3638 Euabmbtr

408 3665 495 3721 loni.
513 3664 593 3734 1686,
609 3664 695 3734 in-80,
713 3681 740 3738 p.
756 3665 802 3732 82,
816 3682 850 3722 ex
864 3665 929 3724 cod.
946 3682 1000 3722 ms.
1018 3665 1150 3723 biblioth.
1169 3664 1320 3725 hemhath.
1336 3682 1365 3722 n.
1385 3667 1429 3736 39,
1444 3665 1541 3736 ln·i⁰.)

915 3828 1009 3843 —u

165 3976 270 4018 rncrrrr
289 3977 433 4019 rossano
453 3978 597 4020 wracscsu
619 3981 644 4020 nn
663 3979 885 4021 asansvnrcorm
952 3961 1030 4034 Bait
1043 3963 1155 4019 cunctis
1171 3963 1371 4021 sacerdotibus
1388 3962 1536 4036 pudenda.
1550 3962 1676 4020 Interea
1690 3967 1720 4022 te
1733 3962 1783 4021 adn

449 4069 596 4110 auscensi.
992 4053 1089 4109 nitum
1104 4052 1169 4109 volo
1184 4056 1215 4109 ut
1232 4069 1325 4109 unum
1340 4068 1374 4110 ex
1388 4052 1435 4109 his
1447 4052 1498 4124 qui
1513 4052 1553 4108 de
1570 4051 1689 4111 talibus
1705 4054 1783 4124 dispe

148 4139 180 4197 lu
195 4138 342 4197 historicis
353 4158 406 4199 uos
418 4142 634 4199 assuetionibus
646 4147 804 4216 occupatos
815 4143 937 4200 detorsit
990 4145 1106 4211 verunt,
1122 4141 1293 4214 fugiendum
1309 4143 1395 4212 scias,
1408 4141 1565 4198 Rabenum
1579 4143 1720 4207 numine.
1734 4141 1781 4214 qui

113 4229 258 4303 proposito
272 4236 332 4301 tun,
345 4232 468 4289 Roberte
484 4231 587 4301 amice,
601 4231 936 4306 voluntas.Nuperaclm
989 4229 1073 4288 libris
1084 4232 1229 4302 bassiare
1239 4233 1432 4288 ecclesiasticis
1443 4231 1524 4299 dicit,
1543 4241 1743 4289 sacramenta
1753 4229 1783 4288 el*

111 4322 142 4377 iu
157 4317 333 4376 bibliothece
347 4324 448 4378 nostra
469 4336 537 4378 eum
560 4321 742 4392 sederemus,
763 4325 792 4378 et
812 4321 936 4394 quisque
990 4320 1030 4379 ris
1043 4323 1182 4394 proficere
1201 4323 1235 4379 ed
1256 4321 1388 4393 sagium
1408 4321 1554 4394 corporis,
1572 4337 1608 4378 ac
1631 4322 1783 4395 perhooa

112 4423 165 4478 pro
179 4423 233 4464 suo
245 4407 341 4464 studio
360 4407 450 4466 libros
468 4409 620 4479 evolveret,
637 4408 786 4484 impegisti
802 4410 831 4467 ln
846 4411 933 4468 Ame-
990 4411 1127 4484 ruptioui,
1155 4411 1199 4468 vel
1224 4412 1337 4478 morbo.
1368 4409 1412 4468 vel
1433 4413 1531 4481 etsie,
1555 4412 1602 4469 vel
1629 4427 1783 4480 secessus

112 4496 217 4552 tarium
229 4497 266 4554 De
276 4499 466 4556 ecciesiasticis
478 4500 588 4571 officiis.
602 4500 692 4572 cujus
703 4517 771 4558 cum
782 4501 935 4559 materiem
990 4505 1135 4573 postremo
1151 4505 1243 4558 moris
1260 4499 1403 4558 obnoxia:
1425 4499 1542 4571 quade
1562 4498 1693 4559 Domini
1709 4516 1783 4573 corps

80 4585 83 4589 ’
112 4603 145 4641 er
159 4585 364 4660 primestatim
376 4587 455 4646 tituli
471 4591 564 4647 fronte
580 4605 771 4663 cognoscens,
782 4589 935 4664 ampiexus
989 4591 1084 4648 dicere
1105 4590 1231 4657 credere,
1252 4589 1379 4648 scribere
1393 4588 1493 4662 quanti
1514 4589 1557 4644 sit
1576 4589 1722 4661 periculi,
1737 4589 1781 4647 vid

111 4693 142 4733 es
163 4674 344 4734 occasionem
368 4695 427 4751 que
450 4679 618 4736 rudimenta
643 4696 722 4738 nove
747 4680 936 4754 professionis
990 4679 1203 4737 Praetereaiihrl
1214 4681 1278 4751 ejus
1290 4696 1342 4753 per
1353 4693 1498 4751 asperum
1509 4678 1783 4738 conleruntsoieuti

112 4766 269 4823 uuimeres.
285 4767 338 4823 Sed
351 4768 419 4840 quie
436 4769 587 4826 confestim
599 4769 690 4826 animi
702 4770 743 4826 tui
754 4769 935 4829 alacritatem
989 4767 1521 4836 minimumeceommodantdoctriue3
1531 4768 1783 4843 doctiorumquip

111 4855 240 4952 tuphevit
263 4857 499 4916 testimoniorum
524 4858 697 4933 perplexitas
716 4865 746 4918 et
765 4876 935 4919 sermonum
989 4857 1149 4930 laboribus,
1167 4860 1269 4916 autad
1289 4858 1428 4928 litteram,
1444 4857 1542 4914 autad
1554 4861 1783 4927 seutentiam‚u

111 4948 262 5020 asperiter,
278 4949 387 5021 rogasti
400 4966 445 5007 me
460 4954 493 5006 ut
507 4967 574 5008 eum
585 4951 798 5009 abbreviarem.
809 4951 936 5024 Egoeu-
990 4950 1060 5007 nino
1076 4950 1219 5023 usurpati.
1244 4948 1376 5022 Denique
1398 4947 1456 5004 duo
1478 4946 1546 5003 libri
1566 4948 1734 5006 voluminis
1749 4947 1783 5004 illi

113 5042 170 5093 tem
181 5038 231 5110 qui
250 5037 340 5095 semel
352 5038 552 5111 proposuerim
571 5040 682 5096 deterre
704 5041 755 5098 tihi
776 5045 809 5098 ut
825 5041 935 5100 homiui
990 5041 1066 5113 quod
1083 5038 1231 5111 supradixi
1256 5055 1291 5095 es
1305 5037 1426 5108 Isidoro,
1442 5041 1471 5093 et
1485 5036 1590 5093 tertius
1607 5054 1645 5094 cx
1660 5038 1783 5113 Augusti

114 5123 312 5196 diiectissimo,
338 5144 447 5185 munus
472 5129 640 5201 injunctum
666 5145 723 5187 uon
746 5135 938 5204 aspernanter
993 5129 1030 5187 De
1055 5127 1182 5187 doctrina
1211 5127 1372 5186 Christiano
1394 5131 1423 5184 ei
1446 5124 1589 5182 Pastoreli
1624 5126 1758 5200 Gregorii

113 5214 220 5284 eecepl.
243 5215 274 5270 ln
295 5232 352 5287 quo
375 5216 497 5287 experiri
522 5214 630 5287 licebit,
653 5222 798 5289 quantum
821 5223 938 5291 propter
993 5216 1114 5273 verbum
1131 5221 1202 5273 sunt
1221 5215 1399 5289 transcripti.
1423 5215 1455 5270 lu
1471 5213 1547 5270 libro
1563 5229 1656 5286 porro
1673 5216 1712 5272 De
1727 5223 1783 5271 nah

113 5300 273 5358 faciliorem
290 5304 470 5363 intellectum
481 5307 511 5363 iu
527 5307 690 5380 deiicienda
706 5325 839 5365 sermone
855 5309 936 5367 labo·
953 5296 973 5363 C
994 5325 1086 5367 rernm
1101 5308 1172 5383 quid
1188 5308 1258 5366 dicit
1272 5308 1351 5366 eliud
1375 5322 1463 5380 quam
1479 5305 1612 5364 Isidorus
1628 5308 1781 5383 Etymotop

118 5389 190 5458 nevi,
206 5392 255 5464 qui
272 5394 379 5453 cultius
393 5395 527 5457 tortessls
540 5397 620 5475 ioqui
634 5398 725 5474 potui.
743 5398 792 5457 list
806 5398 940 5459 sulmres
994 5417 1068 5466 rnna,
1082 5399 1127 5458 vel
1142 5400 1172 5459 lu
1188 5398 1237 5459 illo
1252 5399 1289 5459 be
1303 5398 1452 5475 compoto?
1472 5395 1547 5463 Quid
1568 5395 1629 5455 uisi
1650 5399 1734 5476 quod
1757 5402 1783 5455 bs

119 5485 154 5542 ds
169 5500 227 5558 qua
241 5488 380 5545 tractatur
396 5490 612 5562 pernecessaria
632 5494 662 5550 et
676 5491 760 5564 culus
775 5491 941 5564 ignorantia
999 5490 1038 5548 De
1053 5488 1231 5565 temporibus,
1250 5492 1353 5564 prater
1370 5487 1500 5562 quadam
1523 5483 1737 5561 allegoriarum
1753 5505 1783 5548 aa
