3772 6006
51 183 130 245 tlte
538 183 588 244 DE
609 184 745 249 etesiis
766 184 924 250 PONTIF.
948 186 1061 249 abun.
1084 220 1122 233 -
1143 185 1217 249 bib.
1239 188 1264 247 l.
1676 181 1756 244 llll)

50 318 127 375 tium
143 318 314 391 salubrique
329 317 451 374 consilio
466 334 631 390 rnonsmua,
642 326 674 376 ιιι
689 324 807 393 propter
822 321 872 378 Ilei
888 322 915 389 Α
931 320 1115 393 subjicimus,
1131 317 1292 390 apostolica
1307 316 1479 374 auctoritate
1492 316 1703 390 precipientes,
1719 318 1754 370 ui

50 425 182 464 amorem
198 414 285 479 atque
307 408 412 463 luturae
435 407 650 464 vicissitudinis
674 425 768 479 spem,
783 411 875 466 eidem
930 403 1754 477 omnishomolotiusdngliaatuiscanonicisjussionihus

53 495 132 553 irutri
147 501 251 552 vostras
266 496 394 569 regionis
410 497 638 569 archiepiscopo,
650 513 683 552 ac
694 498 718 553 si
732 498 815 554 nobis
831 500 877 554 de
930 499 1056 568 obediat,
1069 504 1097 554 ei
1112 504 1140 553 ιι
1154 497 1226 553 ιιιιι
1240 512 1303 552 esse
1318 496 1470 567 primatem
1487 500 1575 565 atrine
1590 492 1752 565 speculato·

54 588 148 644 bitum
165 587 320 643 ministerii
336 586 476 644 honorem
496 586 654 656 exsolvero,
670 593 699 644 et
714 596 744 645 nt
762 588 877 660 praesuli
931 605 992 644 rem
1008 590 1097 667 totins
1113 586 1229 655 insula,
1241 587 1287 642 cui
1305 586 1381 641 vices
1393 589 1508 640 nostras
1523 599 1575 656 per
1588 583 1687 639 omnia
1701 596 1752 653 ge·

54 679 213 750 primatum
237 678 346 748 gerenti
371 677 528 733 eitlcaoiior
548 678 649 734 sciatis
673 678 802 739 obedire,
819 694 877 734 non
932 682 1039 738 rendae
1058 680 1088 736 in
1102 681 1220 751 regione
1237 679 1286 735 illa
1307 676 1521 734 commisimus.
1538 676 1631 731 Tuam
1655 679 1752 730 autem
1843 680 1847 689 “

54 765 148 838 ignari
164 765 232 836 quid
248 781 300 820 vas
314 764 465 821 electionis
487 766 636 822 insinuet:
653 766 763 822 obedite
775 781 879 838 proepo·
933 770 1090 827 Ecclesiam
1106 769 1290 826 Doroborniae
1312 768 1500 825 constitutam
1517 770 1549 821 ut
1564 763 1710 835 propriam
1726 765 1754 818 et

54 857 117 913 sitis
143 859 240 914 vestris
262 857 354 927 (tteir.
371 858 455 931 aur),
471 863 500 914 et
520 875 657 916 rursum:
673 859 728 928 Qui
748 857 879 931 potestati
932 861 1059 933 primam
1076 859 1206 916 sobolem
1223 859 1371 931 religionis
1394 855 1538 914 vestraein
1553 852 1668 911 Christo
1683 867 1753 923 spe·

54 949 171 1013 resistit,
184 948 233 1002 Dei
243 946 415 1003 ordinationi
429 950 532 1004 resistit
544 951 634 1019 (Rom.
646 949 720 1020 xvir).
740 949 877 1020 ideoque,
933 951 1043 1007 cialiter
1056 949 1111 1006 sub
1125 948 1248 1005 tuitione
1264 963 1369 1004 manus
1384 950 1489 1002 nostra
1504 949 1648 1010 tenemus,
1665 955 1753 1013 quam

55 1037 170 1105 iratres,
182 1052 231 1092 vos
242 1037 435 1092 admonemus
447 1039 659 1109 universosque
669 1037 804 1094 ordinum
816 1052 881 1109 gra·
932 1042 1068 1097 volumus
1079 1039 1107 1093 in
1121 1040 1197 1108 pacis
1212 1035 1424 1107 tranquillitate
1439 1049 1543 1107 vigere,
1555 1032 1675 1102 ejusque
1686 1031 1754 1100 jura

56 1126 124 1194 dus,
142 1124 343 1196 precipientes
358 1141 393 1181 ex
409 1124 463 1181 hac
475 1127 633 1198 apostolica
651 1127 829 1194 auctoritate,
848 1130 881 1182 nt
933 1135 962 1187 ei
985 1131 1138 1200 diguitatis
1163 1125 1313 1199 privilegia
1328 1125 1357 1181 iu
1379 1136 1550 1196 perpetuum
1575 1120 1754 1175 immutilata

57 1214 158 1270 nullus
174 1214 211 1270 aii
227 1213 275 1286 qui
295 1219 453 1286 presumat
477 1223 578 1271 contra
601 1215 673 1284 hae,
689 1232 752 1288 que
771 1217 807 1271 ab
823 1215 878 1271 hao
933 1218 1051 1287 servari,
1063 1217 1139 1289 quod
1156 1217 1251 1288 prima
1262 1220 1391 1270 etmatsr
1405 1219 1451 1268 eat
1466 1210 1590 1267 aliarum
1607 1209 1751 1277 omnium,

56 1300 217 1374 apostolica
231 1303 300 1358 sede
315 1303 385 1359 olim
401 1303 561 1360 constituta
573 1305 764 1375 presentibus
775 1307 820 1361 vel
835 1304 879 1359 lu·
934 1308 1070 1382 primitus
1094 1307 1123 1362 in
1148 1310 1245 1361 vestra
1267 1303 1385 1375 regione
1408 1301 1566 1357 constituta
1588 1298 1618 1352 in
1644 1296 1754 1353 honora

57 1394 133 1448 iuris
149 1392 331 1464 temporibus
346 1393 497 1460 contraire,
512 1393 563 1448 sed
579 1410 695 1462 semper
709 1409 880 1465 prememo·
933 1397 1031 1454 Sancti
1048 1394 1206 1452 Salvatoris
1222 1393 1336 1448 Domini
1352 1391 1442 1447 nostri
1457 1387 1527 1445 Jesn
1538 1387 1660 1444 Christi.
1675 1383 1755 1442 Sori-

58 1490 125 1538 rata
135 1479 267 1538 Ecclesia
278 1498 422 1537 concessa
435 1482 718 1554 potestatesillibataa
728 1488 881 1539 serventur
934 1496 1014 1558 ptum
1037 1493 1081 1541 est
1104 1482 1202 1539 anim:
1225 1483 1282 1538 lion
1306 1484 1348 1535 est
1369 1483 1480 1536 ιιιιιιι
1503 1484 1534 1533 ιιι
1556 1480 1595 1534 ιιι
1624 1476 1754 1532 Dominae

58 1570 336 1643 inperpetuumlit
359 1573 436 1643 quod
460 1578 681 1637 vos,annueuts
705 1571 879 1628 divinaclo·
933 1570 1259 1648 (illiep.1r),etnbi
1288 1563 1756 1638 esicapulvegatum,rcliqua
1860 1630 1864 1639 1

59 1660 880 1731 mentia,hacperacturosludubitatamentecontldimus
895 1692 918 1758 B
934 1665 1067 1721 membra
1093 1663 1195 1718 lortius
1217 1664 1399 1731 vegetantur.
1422 1656 1480 1711 Vos
1505 1655 1615 1726 iisque,
1640 1653 1755 1720 iratres,

61 1766 125 1823 quae
139 1765 325 1806 commonere
340 1751 509 1816 statuimus,
521 1751 713 1808 fraternitatis
724 1756 822 1807 vestris
839 1768 880 1807 re·
934 1755 995 1811 baec
1010 1751 1175 1825 apostolicas
1186 1747 1366 1805 auctoritatis
1378 1744 1517 1802 mandata
1528 1759 1594 1800 cum
1607 1741 1756 1797 alacritate

60 1836 197 1909 ligiosum
214 1839 394 1907 propositum
417 1837 592 1895 ineffabilem
615 1839 709 1895 sancti
725 1839 882 1897 Salvatoris
934 1849 962 1901 ei
973 1841 1165 1912 subjectionis
1175 1837 1443 1894 reverentiaaudite
1454 1839 1483 1890 et
1492 1830 1676 1904 suscipito,et
1688 1844 1755 1884 cum

58 1926 149 1980 nostri
166 1926 325 1997 potentiam
342 1943 504 1996 exoramus,
515 1933 547 1984 ut
558 1929 604 1999 pia
616 1946 667 1985 vos
683 1945 799 2001 semper
814 1928 882 1985 rali—
935 1933 1055 2006 praelato
1071 1931 1159 1985 tratre
1169 1933 1268 1983 nostro
1279 1924 1498 1997 archiepiscopo
1514 1929 1608 1978 vestro
1619 1920 1648 1975 in
1661 1933 1757 1974 mesae

59 2016 145 2088 giono
161 2017 302 2087 pollentes
319 2019 438 2088 perenni
454 2019 565 2075 tribunt
581 2020 684 2075 latitia
693 2019 841 2092 gratulari,
853 2026 883 2075 ot
937 2022 985 2077 Dei
1001 2020 1142 2076 laborate.
1161 2017 1191 2073 Si
1205 2024 1302 2072 autem
1319 2015 1415 2086 quivis
1430 2014 1492 2069 haec
1516 2011 1687 2085 perturbare
1711 2023 1761 2063 vo·

59 2105 196 2162 fraternis
211 2106 363 2163 affectibus
387 2106 566 2165 collaetantes
588 2115 756 2166 sanctorum
774 2107 884 2164 maritis
938 2109 1035 2177 luerit,
1051 2113 1079 2165 ct
1094 2112 1197 2165 nostra
1214 2105 1392 2163 definitionis
1408 2109 1517 2159 statuta
1538 2099 1672 2157 divellere
1687 2111 1759 2153 cou-

60 2195 90 2252 in
106 2201 214 2252 eterna
229 2197 408 2254 beatitudine
433 2199 545 2255 sociari.
564 2199 639 2256 Deus
653 2216 703 2256 vos
719 2199 883 2255 incolumes
939 2201 1063 2256 teuderii
1076 2214 1110 2254 so
1126 2195 1244 2265 violare,
1261 2195 1335 2251 sciat
1354 2209 1386 2250 sc
1409 2198 1511 2250 contra
1536 2192 1633 2260 ipsum
1658 2186 1761 2243 mundi

61 2285 217 2355 custodiat,
232 2286 415 2342 dilectissimi
432 2288 573 2344 tratres.»
937 2290 1129 2356 salvatorem,
1151 2294 1178 2343 ei
1201 2286 1278 2341 beati
1307 2283 1383 2339 Patri
1413 2281 1618 2338 auctoritatem
1644 2277 1716 2345 nili;
1733 2286 1763 2332 st

97 2397 111 2424 ι
133 2373 300 2431 Gssoomus
324 2376 494 2448 episcopus,
521 2393 623 2434 sorvus
645 2394 794 2434 sorvorum
822 2377 882 2445 Dei,
938 2379 1005 2435 ideo
1016 2379 1073 2434 nisl
1084 2375 1240 2448 resipuerit
1250 2379 1361 2430 sternas
1373 2369 1574 2428 damnationis
1586 2365 1764 2424 senientiam

62 2462 207 2535 episcopis
222 2463 329 2535 ingliae
346 2463 483 2522 salutem.
939 2470 1097 2525 incurrere.
1115 2466 1191 2522 Deus
1206 2481 1257 2521 voa
1276 2462 1439 2519 incolumes
1463 2458 1617 2526 custodiat,
1632 2453 1764 2513 dilectis·

99 2574 113 2603 ιι
130 2551 179 2608 liei
194 2553 402 2625 omnipotentis
417 2554 568 2611 immensas
580 2555 694 2626 pietatis
710 2555 886 2628 magnitudi·
941 2557 1010 2616 simi
1026 2558 1139 2612 iratres.
1156 2578 1169 2606 >t

63 2658 131 2698 nem
147 2641 360 2710 collaudamus,
376 2644 425 2716 qui
440 2660 499 2699 uae
518 2645 682 2715 majestatis
705 2645 827 2717 gloriam
844 2644 886 2701 sic
976 2669 991 2698 «
1009 2647 1065 2702 Lao
1076 2646 1242 2716 episcopus,
1254 2654 1510 2699 servusservorum
1520 2636 1765 2705 heimmeramo

64 2731 188 2788 dilatare
201 2732 339 2804 dignatus
355 2738 409 2801 eal,
426 2741 456 2789 ut
472 2734 501 2790 iu
517 2751 632 2791 omnem
653 2740 760 2791 terram
786 2733 888 2791 exierit
943 2737 993 2811 [ul.
1006 2734 1174 2805 athelardo]
1189 2731 1406 2804 archiepiscopo
1421 2725 1650 2785 Doroberuonsia
1666 2725 1767 2781 Eccle-

62 2821 125 2892 jam
143 2838 231 2880 sonus
247 2824 467 2894 predicatorum
485 2840 619 2893 suorum,
630 2828 658 2880 et
673 2825 703 2879 in
719 2825 793 2880 llues
809 2822 889 2880 orbis
943 2828 995 2884 siae
1010 2827 1039 2882 in
1057 2838 1240 2898 perpetuum.

66 2915 150 2968 terrea
165 2912 253 2967 verba
267 2928 379 2969 eorum.
391 2912 480 2985 Cujus
497 2913 637 2969 incitabitl
653 2914 770 2986 piatatis
785 2914 888 2986 gratia,
980 2938 995 2967 «
1011 2914 1170 2972 Poniitlcali
1187 2910 1356 2969 discretioni
1371 2908 1516 2981 praecipua
1531 2904 1665 2963 convenit
1689 2917 1767 2973 pra·

65 3002 143 3059 sicut
166 3002 319 3059 noscimur
342 3003 494 3076 procreati,
511 3005 552 3060 iia
567 3020 683 3076 quoquo
707 3019 811 3060 sumus
833 3002 889 3058 ad·
945 2990 1768 3066 salibusecclesiarumsecundumeorumirreprehensi·
1834 3072 1838 3079 1

65 3090 168 3163 optati,
180 3097 288 3148 sancia
305 3093 534 3164 regenerationis
551 3097 699 3166 portantes
716 3092 888 3166 mysterium
903 3056 926 3125 c
947 3096 1032 3154 bilem
1050 3096 1135 3150 iidem
1153 3092 1331 3149 audientiam
1348 3092 1484 3161 praebere.
1495 3089 1645 3151 eteorum,
1656 3083 1706 3155 qui
1718 3097 1769 3154 par

66 3180 96 3235 in
112 3179 304 3252 spomglorin
320 3180 446 3237 liliorum
470 3182 520 3238 Dei
546 3187 720 3254 pertesum
742 3182 891 3239 Christum
945 3177 1772 3255 bsaiumPelrumapostolorumprinoipem,einosgcrars

68 3268 222 3327 Dominum
236 3271 565 3328 nostrum.lieverenlia
576 3274 674 3345 itaque
686 3278 786 3329 restra
797 3272 891 3329 dicato
946 3274 1183 3337 desideraverint,
1195 3288 1259 3344 qua
1270 3269 1420 3328 canonicis
1434 3283 1492 3324 non
1509 3266 1690 3338 rolrsgeniur
1704 3278 1769 3318 san·

67 3357 188 3430 collegio
204 3357 393 3428 collaetantes,
411 3369 441 3416 ut
456 3361 486 3416 in
502 3361 559 3417 ilde
574 3362 706 3428 stabiles,
717 3368 746 3420 et
761 3362 791 3417 in
806 3377 893 3434 opere
946 3365 1103 3430 ctionihus,
1127 3364 1262 3418 edentum
1290 3361 1465 3424 concedere;
1487 3361 1520 3412 ni
1546 3370 1613 3411 cum
1637 3353 1664 3409 id
1689 3350 1766 3424 quod

67 3448 201 3505 elllcaoes
226 3448 429 3516 inveniamini,
457 3449 613 3506 hortamur
635 3452 744 3508 bonore
768 3451 891 3507 invicem
946 3455 1113 3512 desiderant
1127 3439 1769 3520 obtinuerint,flagrantiorssergareligionis

66 3538 288 3610 pravenientes,
313 3543 341 3595 ei
368 3539 442 3595 aller
470 3539 594 3596 alterius
624 3557 712 3598 onera
735 3547 891 3613 portantes,
947 3559 1077 3600 amorem
1093 3545 1229 3598 existant.
1247 3539 1434 3596 Exhortanda
1458 3537 1555 3607 iisque
1577 3531 1662 3589 nobis
1676 3535 1722 3587 ιιι
1736 3545 1769 3587 sc

67 3629 144 3698 quod
175 3627 218 3683 sic
241 3628 439 3700 adimplebitis
461 3629 555 3702 legem
582 3630 701 3697 Christi,
725 3630 893 3686 charitalem
947 3621 1768 3707 predicandalraiernaslrniiae,prodioeoesibuaanglia

68 3716 237 3772 continuam
266 3716 405 3773 hahentes
420 3717 449 3772 in
475 3717 630 3775 dilectione
646 3718 696 3774 ilai
712 3722 742 3774 et
757 3718 892 3789 proximi,
947 3709 1770 3788 tibicommissisvidslicetepiscoporumseumonasterio·

68 3805 131 3862 siue
144 3822 202 3880 qua
218 3807 399 3878 impossibile
414 3816 456 3864 esi
472 3808 587 3880 placere
604 3810 672 3865 Deo.
685 3808 792 3864 Fratris
806 3808 895 3879 igitur
947 3827 1013 3869 rum
1030 3817 1089 3866 tam
1106 3807 1318 3865 monachorum
1334 3820 1423 3876 quam
1435 3804 1606 3860 clericorum
1618 3795 1769 3870 etpuslls-

69 3897 161 3953 nostri
176 3897 315 3967 Tatwini,
327 3899 376 3969 qni
388 3898 477 3954 besta
491 3898 635 3955 momoria
650 3898 806 3971 Augustini
820 3914 894 3967 pra·
948 3917 1025 3960 rum.
1042 3902 1110 3968 Qua
1125 3900 1202 3956 sicut
1218 3896 1373 3954 abolitanis
1387 3893 1568 3967 temporibus
1583 3898 1632 3946 tua
1646 3886 1769 3946 ecclesis

69 3985 207 4042 dicatoris
223 3987 310 4043 vestri
326 3987 468 4043 cathedras
490 3988 665 4057 subrogatus
679 3992 734 4055 est,
752 3988 894 4044 adventus
949 3991 1133 4062 tenuit,uiiu
1145 4004 1227 4046 sacro
1243 3985 1351 4043 scrinio
1367 3990 1466 4041 nostro
1479 3981 1617 4055 requisita
1632 3977 1770 4052 cognovi·

72 4091 125 4131 nos
141 4075 300 4131 admodum
317 4075 481 4146 letificavit,
497 4077 576 4148 quod
593 4077 687 4134 virum
704 4074 853 4148 religionis
867 4080 895 4131 et
949 4098 1025 4148 mus,
1037 4082 1077 4137 ita
1091 4079 1143 4136 tibi
1161 4078 1278 4149 tuisque
1292 4073 1512 4132 successoribus
1525 4070 1651 4127 tenenda
1665 4066 1769 4125 contir-

70 4180 183 4237 mflssssffl
200 4166 362 4237 probitatis,
375 4168 430 4222 sub
445 4165 509 4236 i9⁸⁰
525 4176 665 4239 ῑθωβθιθι
678 4183 735 4238 quo
750 4165 826 4239 ῬΜ
842 4180 894 4221 ⁰⁰⁸
950 4187 1076 4238 mamus,
1087 4185 1188 4226 omnes
1199 4167 1359 4239 anglorum
1370 4163 1636 4221 ecclesiasaancius
1646 4173 1680 4214 ao
1690 4172 1771 4229 egre-

70 4254 161 4319 sietii,
178 4271 244 4310 eum
262 4256 459 4326 eognovimus.
477 4256 600 4312 Proinde
615 4255 725 4312 auditis
740 4258 804 4326 ejus
821 4253 894 4326 pati·
949 4259 1196 4335 giusprasdieator
1207 4244 1771 4328 Gregoriusordiuarit,atquecatholica

69 4343 202 4399 tionibus
217 4349 437 4400 antecessorum
448 4345 511 4415 ejus
520 4346 589 4416 jura
600 4345 750 4417 dignitatis
766 4343 893 4417 perquiri
950 4350 1135 4407 oonssrmavit
1144 4349 1229 4404 besto
1240 4345 1406 4417 Augustino
1420 4341 1638 4413 archiepiscopo
1649 4333 1769 4393 sincello

72 4432 102 4486 in
118 4449 199 4488 sacro
213 4432 321 4488 scrinio
337 4433 471 4503 lecimus,
487 4443 514 4489 et
529 4436 712 4491 invenientes
735 4451 802 4490 eum
815 4435 896 4503 iusta
911 4427 934 4493 D
949 4457 1003 4497 suo
1013 4441 1158 4510 subjectas
1170 4436 1266 4494 torein
1276 4450 1368 4490 avum
1381 4449 1430 4502 per
1441 4447 1554 4487 sacrum
1566 4443 1652 4485 usum
1671 4422 1769 4495 pallii:

70 4523 246 4592 postulasse,
259 4539 375 4579 sacrum
388 4523 508 4596 pallium
520 4540 587 4581 cum
601 4524 755 4582 venerabili
768 4541 822 4582 usu
834 4525 896 4581 dal·
947 4536 977 4586 el
991 4530 1054 4585 ideo
1069 4544 1103 4584 ex
1118 4526 1292 4582 auctoritaie
1304 4523 1380 4579 beati
1392 4520 1468 4577 Petri
1480 4516 1679 4590 apostolorum
1692 4514 1770 4585 prin·

70 4608 182 4665 metica
211 4609 370 4682 apostoliea
392 4611 418 4668 ei
440 4613 613 4669 auctoritate
637 4613 825 4679 tradidimus,
841 4630 895 4669 au·
948 4616 1254 4689 cipis‚cuia1)omiuo
1271 4619 1327 4670 Deo
1343 4616 1473 4685 potestas
1487 4606 1598 4681 ligandi
1614 4612 1702 4678 atquc
1716 4599 1774 4658 sol·

71 4707 195 4758 uuentss
210 4704 406 4775 quoquotum
420 4703 691 4776 diguitatisomnia,
704 4722 769 4779 quas
784 4706 894 4778 prade-
948 4705 1034 4764 vendi
1058 4721 1197 4763 concessa
1220 4707 1264 4761 esi
1287 4703 1419 4760 dicente:
1438 4701 1476 4756 Tu
1492 4713 1521 4755 es
1537 4703 1633 4754 Petrus
1648 4697 1675 4749 ei
1689 4705 1772 4761 saper

70 4807 200 4848 cessores
214 4791 260 4848 sni
277 4808 294 4847 a
309 4796 440 4864 tempore
455 4793 544 4849 baala
567 4794 715 4850 memoriae
736 4792 894 4866 Augustini
948 4795 1019 4852 banc
1032 4798 1137 4867 petram
1151 4792 1294 4864 aedificabo
1309 4791 1456 4847 Ecclesium
1471 4802 1561 4843 meam
1578 4788 1605 4839 et
1621 4789 1713 4854 portae
1727 4776 1771 4834 iri·

70 4880 206 4937 habuisse
218 4881 477 4938 noscuntur.Sicul
487 4898 553 4953 ergo
566 4881 789 4955 predecessoris
800 4881 893 4939 nostri
946 4887 1023 4958 terni
1031 4901 1086 4941 neo
1098 4882 1427 4956 prevalebuntodversnr
1436 4886 1540 4945 eam,et
1549 4870 1672 4930 tibicinio
1681 4868 1772 4927 stoma

70 4970 199 5042 Gregorii
216 4971 298 5028 Rom.
316 4971 461 5042 pontilicis
480 4973 628 5029 decretum
653 4974 772 5044 pretato
795 4975 893 5044 dugu-
948 4977 1027 5048 regni
1040 4975 1180 5046 stolorum,
1193 4976 1220 5030 ei
1234 4970 1412 5045 quodcunque
1428 4966 1558 5040 ligaveris
1569 4978 1654 5031 saper
1666 4965 1772 5017 terram

71 5060 148 5116 atino
164 5060 286 5118 sincello
297 5078 350 5117 suo
361 5060 541 5134 predicatori
558 5065 653 5118 vestro
664 5077 766 5119 omnes
776 5063 893 5133 episco-
947 5067 1000 5122 crit
1016 5065 1134 5135 lipsium
1145 5071 1172 5119 et
1186 5065 1216 5118 in
1231 5060 1318 5128 coelis,
1333 5068 1360 5116 et
1374 5059 1552 5133 qaodcunque
1565 5052 1771 5120 soluerisreper

71 5165 123 5220 poa
136 5151 245 5219 Anglie
262 5150 398 5222 subjecit,
416 5152 458 5208 sic
475 5168 538 5221 nos,
556 5152 614 5208 Deo
636 5157 754 5208 auctore
768 5158 794 5208 ot
811 5151 894 5207 beato
948 5161 1051 5210 terrem
1074 5152 1127 5210 erit
1149 5154 1268 5209 rolatum
1291 5158 1316 5206 et
1330 5151 1359 5205 in
1374 5147 1448 5204 cotis
1463 5144 1565 5216 (dotti.
1581 5141 1651 5214 xvv),
1666 5140 1726 5196 imo
1741 5143 1771 5196 ei

71 5238 153 5293 Petro
169 5243 367 5312 apostolorum
392 5245 534 5315 principe,
550 5243 617 5300 licet
633 5242 747 5317 indigni
761 5244 825 5315 ejus
841 5259 894 5299 no·
948 5242 1109 5299 secundum
1125 5241 1261 5297 instituta
1275 5253 1426 5295 sacrorum
1442 5249 1590 5292 canonum
1613 5244 1771 5289 censuram

70 5327 150 5384 mins
173 5330 263 5387 vicem
286 5339 431 5405 gerentes,
456 5334 521 5401 libi,
542 5335 687 5405 Taivvins,
710 5332 893 5391 llorobernia
947 5320 1772 5401 licetimmariiiejusdemPatriclsvigoriregnicoelorum

70 5418 192 5475 civitatis
214 5420 433 5497 archiepiscopo
457 5423 573 5495 tuisque
588 5424 806 5483 successoribus
820 5423 893 5497 lagi·
946 5409 1771 5493 vicomgersntea,iiblddelardoiuieqnescccessoribus
1796 5474 1805 5489 ·
1879 5468 1883 5475 ,

69 5510 152 5569 timia
165 5526 267 5570 omues
281 5511 417 5572 ecclesias
432 5515 587 5573 Britannia
597 5531 755 5590 aerumque
765 5521 893 5577 rectores
948 5509 1216 5584 omuestuglorum
1224 5504 1467 5569 ecclesiastiscis
1472 5503 1577 5578 priscis
1587 5497 1769 5575 temporibus
1838 5536 1843 5543 -
