3750 6000
153 220 207 278 bil
437 254 440 260 =
468 223 652 281 APPENDIX
672 225 722 281 Ab
741 223 947 281 innocnnntt
966 223 990 279 ΙΙ
1011 222 1211 280 PlillllLEGlrl
1228 223 1274 279 ET
1291 219 1483 282 lalisiones
1747 226 1805 283 700

191 346 289 401 Datum
325 345 418 403 Rome
450 348 522 419 apud
563 349 693 406 Sanctum
737 349 846 405 Petrum
882 349 946 405 Kal.
966 346 1070 415 Abus,
1086 347 1265 417 etiam,juxta
1276 355 1399 403 tenorem
1413 349 1804 415 canonum,honomtisdeso·

153 432 218 490 Enii
233 433 328 505 (206').
1008 436 1042 492 tis
1057 436 1156 492 animis
1170 445 1197 492 et
1211 435 1356 493 allectione
1371 438 1493 492 unanimi
1507 438 1620 494 invitum
1634 454 1680 495 me
1688 445 1716 495 et
1730 437 1804 494 viri-

512 534 584 590 v111,
1006 525 1059 580 bus
1086 525 1219 596 imparem
1248 525 1423 581 concorditer
1450 527 1602 600 elegerunt,
1630 528 1805 599 electumque

160 657 257 714 ww
278 659 302 713 ὴ
330 657 521 717 “immo
619 663 669 718 dl
680 663 699 718 G
750 663 792 718 0ιὶ
813 679 841 717 m
857 661 920 718 diac
1006 622 1104 686 postca
1118 615 1203 670 irater
1217 623 1313 670 noster
1329 616 1426 671 Petrus
1440 616 1606 682 Portuensis,
1620 616 1805 673 convenienti·

181 673 465 795 pnumpcnidinnlem,
477 678 509 787 iz
518 679 811 806 mmqufflo'sss
821 750 879 790 sm
887 681 954 790 mg·
1008 703 1058 759 bus
1070 703 1239 760 diversarum
1255 704 1400 777 regionum
1415 704 1562 776 episcopis,
1586 706 1621 761 ad
1634 706 1718 761 altare
1731 705 1804 760 beati

195 801 458 858 sumllorlntnrut
475 803 953 878 Gtrnrdolinpolismrnsipraestent
1008 793 1090 859 peili,
1120 792 1273 848 ⁸¹1b0⁰¹¹ii⁵
1291 793 1630 861 OmniUffisissiiOminum
1646 793 1803 866 ll⁰⁰¹ifi⁰⁰¹¹¹

195 875 395 939 reuerentiam,
408 875 453 930 cni
464 875 600 932 ssscrilit
614 877 648 932 ds
658 876 824 934 celebrando
834 878 953 934 concilio
1008 880 1180 937 celeberrine
1194 881 1375 938 consecravit.

191 940 354 999 manime·
1043 971 1144 1026 Varum
1160 971 1267 1042 quidam
1284 970 1319 1026 de
1334 970 1466 1027 iratribus
1485 971 1545 1028 loco
1559 979 1586 1027 et
1599 980 1722 1044 tempore
1748 987 1803 1028 no-

393 1043 482 1112 (anno
498 1045 576 1111 ¹¹3⁰·
592 1044 654 1100 Maii
671 1046 710 1116 1·)
1007 1059 1065 1114 vitii
1080 1066 1107 1113 et
1120 1059 1280 1130 paucissimi
1301 1074 1425 1127 numero,
1441 1060 1621 1132 quorumdam
1635 1060 1804 1132 perfidomm

377 1139 502 1212 illinon„
518 1144 597 1208 ibid,
613 1158 641 1199 n.
654 1143 741 1216 XLl.l
1008 1147 1116 1204 blandis
1142 1148 1249 1203 astutiis
1263 1149 1398 1218 sabuceti,
1417 1149 1503 1205 altare
1528 1148 1601 1204 aliud
1629 1151 1747 1221 erigere,
1777 1158 1804 1205 et

196 1232 330 1292 Dicturus
348 1238 585 1308 praedecessorum
601 1249 755 1296 nostrornm
773 1241 951 1304 consuetudo,
1007 1237 1151 1293 anathema
1166 1237 1274 1294 Hierico
1295 1236 1322 1292 in
1353 1239 1539 1294 sanctuarium
1554 1238 1604 1293 Dei
1618 1238 1803 1308 introducere,

156 1329 185 1378 et
198 1324 310 1397 negotia
325 1342 413 1398 nuper
425 1331 654 1403 emergentianos
666 1329 830 1401 compellunt
841 1338 868 1385 ut
880 1330 953 1403 tega-
1008 1332 1035 1382 et
1049 1324 1225 1381 simulacrum
1241 1326 1347 1397 Phegor
1361 1326 1396 1382 de
1418 1326 1561 1382 inauribus
1575 1327 1719 1383 mulierum
1733 1327 1803 1382 insi-

156 1416 211 1466 tum
228 1427 265 1468 ex
284 1413 368 1471 latere
384 1424 478 1472 nostro
492 1418 527 1473 ad
541 1433 592 1473 vos
605 1418 725 1492 dirigere
738 1418 900 1486 debeamus,
911 1418 953 1473 di·
1006 1413 1137 1486 pientiam
1153 1423 1215 1469 sunt
1230 1414 1256 1468 in
1272 1415 1391 1470 tenebris
1406 1414 1539 1472 fabricare
1553 1417 1653 1472 conati.
1663 1416 1717 1472 Sed
1727 1417 1803 1471 Deus

154 1497 311 1573 lectumque
339 1503 425 1560 illium
445 1514 567 1561 nostrum
588 1506 754 1582 Gregorium
783 1507 951 1565 cardinalem
1006 1503 1194 1574 omnipotens,
1229 1503 1275 1576 qui
1296 1502 1443 1560 concilium
1463 1504 1622 1576 achitophel
1648 1503 1802 1569 infatuavit,

155 1586 300 1646 diaconum
319 1592 346 1646 in
365 1601 456 1664 partes
474 1595 626 1666 Aquitaniae
645 1597 791 1659 mittentes,
816 1606 845 1652 ut
874 1597 952 1652 solita
1006 1607 1099 1648 eorum
1114 1607 1195 1663 prava
1209 1592 1324 1648 consilia
1351 1592 1434 1647 modo
1448 1593 1582 1649 destruxit
1609 1593 1741 1649 mirabili.
1762 1595 1805 1649 De

155 1692 218 1733 euru
232 1679 331 1750 pietate
356 1698 407 1752 pro
431 1683 504 1739 beati
521 1685 601 1753 Petri,
630 1693 657 1741 et
678 1694 774 1741 nostra
800 1686 950 1742 reverentia
966 1713 992 1773 B
1006 1680 1089 1736 domo
1103 1697 1221 1753 namque
1231 1682 1329 1736 Leonis
1345 1681 1488 1752 lraiapani
1504 1680 1552 1754 {nt
1568 1681 1759 1755 Frangipanis,
1776 1687 1806 1737 et

158 1765 276 1840 benigne
290 1771 456 1841 suscipiatis,
472 1773 552 1846 eique
567 1790 622 1846 quo
641 1774 737 1830 ordine
752 1790 802 1830 nos
816 1775 952 1832 Dominus
1007 1770 1147 1841 sicolibil,
1165 1770 1243 1838 cujus
1264 1770 1433 1841 potissimum
1459 1769 1564 1825 viribus
1583 1770 1746 1827 videbantur
1760 1771 1808 1824 in-

156 1857 315 1926 apostolicae
329 1859 387 1916 sedi
400 1877 521 1931 preaesse
532 1863 626 1929 voluit,
638 1877 670 1919 sc
683 1864 718 1919 de
733 1865 872 1929 scandalo,
880 1865 953 1936 quod
1007 1858 1066 1926 niti,
1088 1867 1222 1915 nocturno
1241 1866 1364 1929 tempore
1379 1857 1528 1930 fugientes,
1549 1875 1579 1915 se
1593 1866 1669 1914 trans
1684 1859 1806 1915 Tiberim

153 1959 169 1997 a
183 1947 355 2015 paucissimis
369 1948 396 2003 iu
418 1949 539 2006 Eomana
554 1951 679 2007 Ecclesia
703 1953 803 2009 lactum
828 1954 951 2019 audistis,
1006 1946 1189 2013 contulerunt,
1211 1947 1287 2002 stibi
1302 1947 1380 2017 quasi
1395 1946 1513 2018 quodam
1528 1963 1644 2004 carcerc
1657 1948 1806 2015 latitantes,

153 2047 232 2089 aures
247 2044 354 2092 vestras
369 2037 428 2093 siue
454 2039 623 2096 haesitatione
645 2041 803 2112 praebeatis.
822 2042 953 2112 Ejusdem
1007 2036 1225 2107 praenotationis
1236 2052 1290 2091 suti⁴
1301 2036 1478 2107 ignominiam
1488 2036 1596 2092 crebris
1605 2036 1747 2092 doloribus
1762 2036 1810 2093 fle·

154 2119 282 2177 nimirum
298 2121 379 2180 tidem
406 2134 581 2184 sacrosancta
608 2130 728 2185 Romana
747 2130 869 2186 Ecclesia
884 2146 951 2199 pro·
1005 2123 1096 2181 biiiler
1111 2125 1295 2195 experiuntur.

154 2208 245 2265 batam
261 2213 349 2278 babet,
367 2231 455 2288 neque
470 2216 546 2272 alind
562 2218 639 2273 uobis
651 2219 799 2279 enarrabit,
816 2228 915 2291 praeter
925 2219 952 2274 id
1042 2215 1113 2270 Sane
1125 2214 1218 2270 clerus
1233 2214 1321 2269 omnis
1336 2213 1476 2269 Romanus
1490 2213 1628 2270 individua
1643 2215 1723 2270 nobis
1736 2216 1806 2271 cba-

155 2299 228 2369 quod
244 2302 340 2357 veritas
364 2303 457 2363 docet.
493 2307 627 2362 Praeterea
652 2309 824 2363 universitati
852 2319 952 2365 vestrm
1005 2302 1083 2358 ritate
1097 2304 1227 2358 cohaeret.
1243 2303 1393 2358 Praelcctus
1408 2303 1489 2359 Urbis
1502 2304 1556 2359 Lao
1568 2304 1727 2376 Fraiapanis
1741 2321 1805 2360 cum

154 2387 343 2460 significamus
354 2392 426 2462 qirod
438 2410 487 2467 pro
499 2411 607 2451 morum
620 2395 770 2465 honestate,
785 2397 951 2468 prudentiae·
1004 2391 1096 2448 filioet
1108 2392 1210 2448 Cencio
1227 2392 1385 2462 liraiapane,
1404 2400 1431 2446 ct
1447 2392 1554 2448 nobiles
1570 2408 1675 2458 omnes·
1687 2393 1805 2464 elpiebss

154 2476 349 2550 queefficaeu,
361 2480 431 2538 sicut
442 2482 529 2539 beatae
541 2485 738 2541 recordationis
749 2500 820 2556 papa
830 2486 947 2542 Pascha·
1005 2480 1093 2538 omnis
1104 2481 1226 2536 Romana
1237 2490 1395 2537 consuetam
1407 2480 1488 2535 nobis
1496 2479 1653 2537 fidelitatem
1669 2481 1805 2538 iecemut.

153 2563 187 2619 lis
210 2567 325 2623 nutritor
351 2578 455 2639 noster,
487 2581 513 2626 et
533 2582 594 2643 post
611 2573 735 2629 eumalii
763 2582 951 2629 antecessores
1004 2570 1181 2641 Nosquoquc
1202 2569 1460 2640 quaeodlciinostri
1482 2577 1553 2637 sunt,
1574 2569 1601 2624 in
1620 2571 1703 2635 Urbe,
1732 2570 1807 2626 intus

153 2654 240 2710 nostri
255 2656 370 2713 Romani
385 2658 525 2727 pontifices
541 2660 674 2729 lecerunt,
690 2661 875 2717 venerabilem
892 2661 949 2717 trs-
1004 2664 1031 2712 et
1045 2667 1122 2712 extra
1137 2657 1223 2713 libere
1239 2673 1414 2713 exercemus:
1428 2658 1615 2714 ordinationes
1624 2657 1805 2715 cardinalium

153 2749 220 2798 trem
237 2752 358 2800 nostrum
370 2745 519 2803 Gerardum
536 2748 772 2823 Engolismensem
789 2750 949 2822 episcopum
1004 2744 1133 2810 fecimus,
1146 2746 1340 2815 etepiscnpos,
1352 2746 1559 2818 largienteDeo
1571 2747 1803 2804 consecravimus.

153 2845 203 2901 per
214 2840 318 2887 vestras
332 2835 486 2904 provincias
497 2837 521 2892 ei
532 2847 698 2908 cooperante
709 2839 866 2910 apostoliam
877 2841 950 2895 sedis
1005 2834 1145 2906 Rogamus
1159 2833 1250 2904 iiaqlffl
1264 2834 1432 2890 imiimi-iem
1453 2846 1535 2901 tuam,
1563 2843 1592 2890 Ui
1615 2834 1686 2892 Sicut
1712 2836 1748 2892 (ie
1778 2845 1805 2892 te

151 2917 313 2977 liberalitate
327 2922 354 2976 in
382 2933 486 2994 purtem
502 2926 692 2982 sollicitudinis
716 2935 815 2984 vestrae
838 2929 949 2985 vocavi·
1004 2939 1082 2994 spem
1099 2921 1283 2979 tinuissimam
1293 2923 1666 2994 possidemus,prollomana
1679 2925 1805 2982 Ecclesia

153 3023 225 3064 mus.
243 3010 293 3065 l'er
306 3015 453 3083 praesentia
468 3013 551 3088 igitur
565 3016 644 3071 vobis
658 3016 760 3087 scripta
775 3017 948 3084 mandamus,
980 3074 987 3099 1
1005 3020 1134 3068 consueta
1149 3011 1249 3067 debeas
1261 3012 1388 3067 instantia
1399 3012 1534 3082 laborare,
1550 3013 1805 3072 etdilectionistuae

153 3104 181 3151 ul
196 3097 285 3154 eidem
309 3100 388 3155 iralri
413 3110 514 3167 nostro,
541 3112 666 3176 tanquam
688 3105 847 3172 apostolice.
876 3072 1124 3173 sedisssinsignia
1148 3099 1301 3155 manifestis
1324 3116 1375 3156 nos
1397 3100 1482 3157 iacias
1506 3101 1647 3158 aflectibus
1667 3103 1800 3174 experiri.

154 3186 245 3258 legato
270 3188 393 3245 debitam
416 3192 516 3247 curetis
532 3194 711 3249 reverentiam
729 3193 873 3251 exhibere.
891 3196 949 3250 Nos
1003 3189 1068 3245 Erec
1092 3190 1163 3244 enim
1186 3205 1273 3262 agens
1290 3198 1316 3245 et
1330 3190 1481 3246 itomanam
1511 3191 1663 3247 Ecclesium
1691 3208 1804 3264 semper

154 3275 228 3332 enim
242 3277 267 3332 ei
282 3284 310 3334 et
324 3279 423 3336 dilecto
436 3279 492 3337 titio
505 3289 598 3338 nostro
613 3283 742 3338 dedimus
759 3282 785 3336 ia
800 3283 947 3350 mandatis,
1003 3278 1160 3343 obnoxiam,
1182 3285 1210 3333 et
1224 3293 1274 3333 nos
1288 3278 1337 3333 tibi
1359 3278 1394 3333 de
1418 3286 1517 3334 cataro
1545 3279 1630 3336 facies
1645 3280 1798 3337 debitores.

153 3372 182 3419 ut
195 3375 345 3423 convocato
368 3367 483 3424 tratrem
506 3371 636 3442 collegio,
664 3370 806 3442 sanctique
833 3372 949 3443 Spiritus
1002 3368 1060 3423 Nec
1078 3374 1113 3431 te,
1130 3366 1300 3435 charissime,
1321 3367 1469 3423 llaimerici
1485 3368 1619 3438 quondam
1629 3368 1801 3437 cancellarii,

152 3454 238 3525 gratis
253 3455 378 3511 invocata
401 3459 567 3530 corrigenda
581 3459 732 3530 corrigam,
749 3468 776 3518 et
790 3476 851 3533 quse
865 3461 949 3534 digna
1003 3454 1141 3527 predonis
1161 3455 1291 3524 improbi,
1321 3454 1444 3512 simoniae
1458 3455 1539 3521 servi,
1566 3473 1614 3512 ⁸01¹
1636 3457 1755 3513 i⁰lnni⁸
1768 3460 1804 3515 de

155 3541 254 3598 luerint
269 3544 475 3601 confirmatione
489 3549 681 3604 corroborent.
1002 3544 1109 3607 Creme,
1135 3544 1256 3598 bominis
1271 3544 1420 3615 turpissimi
1435 3551 1462 3599 et
1479 3544 1670 3611 incircumcisi,
1694 3555 1722 3603 et
1737 3564 1804 3606 vere

188 3629 287 3687 Datum
303 3633 396 3690 Romae
408 3635 478 3705 apud
494 3636 622 3693 Sanctum
637 3638 825 3709 Petrum,Ksl.
841 3640 912 3696 Maii.
1002 3632 1153 3698 Nicolaitae,
1169 3641 1339 3688 monstruosa
1355 3632 1498 3688 mendacia
1512 3642 1660 3701 moveant;
1676 3651 1729 3691 uec
1739 3635 1804 3692 tidei

519 3744 557 3799 lx
570 3785 576 3798 ,
1004 3727 1056 3776 tuae
1064 3720 1446 3791 murumeorumvauiloquia,
1456 3731 1501 3775 aut
1511 3736 1648 3776 venenosa
1658 3723 1803 3781 mendacia

153 3852 165 3876 υ
182 3828 307 3885 Nobilem
321 3831 504 3902 prudentiam
526 3855 537 3881 ‚
553 3833 702 3904 cujusdam
722 3835 759 3891 ad
781 3838 947 3893 wemmam
1001 3817 1155 3881 penetrent,
1184 3810 1229 3881 qni
1244 3809 1318 3865 velut
1332 3808 1398 3864 Cain
1413 3824 1429 3862 a
1445 3808 1514 3907 facie
1526 3809 1643 3907 'Domini
1659 3811 1744 3882 (Gen.
1763 3819 1803 3883 rr)

187 3901 299 3956 mitat
311 3904 521 3961 ,mmmmm
540 3904 629 3960 Μία,
646 3908 789 3963 memorfoe
799 3913 883 3979 pam
898 3925 948 3965 ,po
1003 3896 1138 3969 fugientes
1153 3897 1289 3953 maledicti
1304 3906 1411 3965 eterra,
1430 3897 1691 3970 tratrrcidirsignum
1705 3916 1800 3957 mere·

187 3975 282 4042 peste.
294 3975 420 4046 Exponit
434 3974 467 4030 ds
479 3976 649 4046 pontificatu
662 3977 765 4034 odseae
777 3979 881 4048 delato,
894 3988 946 4038 etc.
1002 3986 1077 4041 nicia
1093 3995 1229 4056 coguntur
1244 3986 1332 4041 [route
1346 3995 1468 4058 gestare.

387 4064 476 4132 (dono
493 4065 571 4127 1130.
587 4065 650 4121 Maii
666 4068 710 4135 t.)
1036 4075 1135 4130 Datum
1150 4076 1243 4130 Romae
1256 4076 1328 4147 apud
1341 4076 1370 4132 S.
1389 4077 1498 4131 Petrum
1513 4073 1573 4129 Kal.
1590 4075 1667 4131 llaii.

368 4149 494 4223 ilianum,
506 4152 573 4209 ibid.
589 4170 619 4208 n.
639 4153 728 4226 Xlll.]
1384 4183 1409 4237 x

152 4325 157 4338 Ι
186 4237 431 4295 νθιθῑῑῦὓωῑῑῑῧίω
446 4256 593 4308 m⁰m⁰''⁰⁵’
615 4242 715 4312 ⁰¹⁰i¹¹⁸
735 4243 948 4315 ifoecipue‘iuae
1000 4269 1802 4356 [budooicol'rancorumreni]tepntnmsuum,Ottnnem

149 4330 223 4384 inter
238 4327 388 4384 teetbouoe
397 4344 481 4384 mem.
502 4338 608 4399 patrem
623 4345 713 4385 mcum
725 4330 809 4404 longo
824 4340 947 4402 tempore
1115 4343 1276 4414 episcopum
1294 4341 1678 4400 Tudertinumcommsndal·

152 4415 244 4471 stabili
258 4414 385 4471 firmitate
409 4416 525 4485 duravit,
546 4418 660 4490 dignum
682 4419 808 4474 duximus
827 4421 946 4477 nobilem
962 4434 989 4496 Ι)
1253 4435 1343 4516 (mo
1354 4448 1432 4514 1130,
1445 4448 1508 4503 Maii
1523 4452 1561 4517 p)

150 4504 321 4575 prudentiam
337 4513 409 4559 tuam
420 4505 665 4576 sedisapostolicae
679 4506 776 4562 litteris
792 4508 912 4576 visitare,
923 4520 949 4567 et
1348 4563 1353 4577 ,
1377 4565 1383 4576 ,
1483 4565 1491 4579 ,
1509 4565 1518 4577 ,

149 4599 251 4647 mutuae
264 4589 415 4648 affectionis
430 4592 533 4650 loedera
548 4594 639 4664 dignis
648 4594 857 4668 allegationibus
867 4597 947 4653 inno·
1203 4562 1423 4636 mmmm*
1433 4563 1592 4636 amni

148 4695 226 4736 vare.
244 4678 430 4749 Quamobrem
444 4690 545 4751 quanto
560 4690 586 4736 te
604 4683 707 4738 arctius
722 4684 863 4740 charitatis
882 4685 946 4740 bra·
1036 4676 1197 4733 iamdudum
1230 4677 1378 4734 voluntatis
1402 4685 1503 4735 nostrae
1525 4693 1559 4736 uc
1582 4677 1711 4735 desiderii
1736 4679 1800 4750 luit,

147 4769 216 4824 cbiis
230 4769 356 4841 cupimus
370 4770 529 4841 amplexari,
551 4779 624 4827 tauto
639 4771 797 4844 diligentius
819 4774 854 4829 de
876 4782 945 4829 statu
1002 4775 1034 4823 ut
1058 4766 1266 4822 desiderabilem
1291 4767 1369 4821 nobis
1391 4782 1536 4837 personam
1560 4775 1645 4835 tuam,
1673 4779 1701 4824 et
1716 4776 1801 4827 totam

148 4858 279 4914 Romnum
293 4858 435 4927 Ecclesiae,
452 4876 500 4914 seu
514 4858 549 4915 de
570 4861 612 4915 bis
628 4876 689 4932 qua·
704 4877 790 4931 penes
804 4879 857 4917 nos
884 4871 945 4918 euna
1000 4854 1168 4911 Gallicanam
1184 4854 1336 4910 Ecclesiam
1360 4855 1405 4910 tali
1422 4855 1594 4910 visitaremus
1616 4856 1719 4927 legato,
1751 4859 1801 4930 qui

149 4955 221 5014 scta,
238 4948 388 5003 litterarum
404 4957 560 5004 nostrarum
572 4949 646 5005 serie
658 4949 797 5006 dilectioni
814 4960 865 5006 tue
886 4951 948 5006 inti·
1001 4944 1049 5000 Dei
1065 4952 1092 4999 et
1105 4942 1236 4999 Ecclesiae
1250 4943 1382 4999 bonoram
1398 4951 1480 5016 atque
1490 4944 1603 4998 salutem
1619 4951 1691 4999 tuam
1706 4955 1801 5003 nosset

149 5036 408 5092 mnrecurnvimus.
429 5035 553 5093 Obeunte
581 5037 715 5109 siquidem
731 5037 783 5108 piae
808 5040 947 5096 mimoni&
999 5031 1548 5102 etposselstrenueacfidelileroperari.
1568 5031 1702 5088 Caelet'tlm
1718 5035 1800 5090 nobis

148 5137 219 5193 papa
233 5122 364 5190 Honorio,
389 5124 489 5180 tratres
503 5126 588 5181 nostri
615 5127 767 5182 cardinales
795 5128 947 5200 presbyleri
1000 5144 1064 5201 erga
1080 5128 1199 5199 plurima
1212 5128 1361 5199 occupatis,
1372 5127 1540 5183 desiderium
1555 5137 1680 5185 nostrum
1693 5130 1800 5188 hucus-

150 5219 178 5266 et
191 5211 320 5267 diacones
333 5227 394 5267 curn
410 5213 484 5268 omni
498 5214 573 5270 clero
587 5215 720 5282 Romano,
737 5224 881 5287 expetente
896 5233 945 5288 po·
998 5216 1176 5289 queditatum
1188 5223 1239 5271 est.
1249 5216 1530 5288 Saueupportunitate
1545 5218 1645 5284 nablia,
1656 5219 1800 5291 ¹quodpro

148 5298 223 5370 pulo,
240 5308 267 5354 et
281 5299 428 5356 indelessis
443 5301 556 5358 vocibus
570 5302 721 5370 insistente,
749 5305 940 5362 consentienti·
999 5312 1122 5375 tempore
1136 5302 1315 5360 intermisisse
1331 5305 1526 5376 conspicimus,
1554 5306 1614 5377 ipsa
1634 5305 1692 5377 jam
1705 5307 1801 5365 debito

182 5448 317 5530 (tob'lbe
327 5448 424 5530 eadem
435 5448 572 5574 leffatione
582 5453 731 5511 Gerardiin
743 5455 886 5527 Aquitanis
896 5456 946 5511 sub
998 5456 1033 5511 ab
1046 5455 1174 5527 antipapa
1188 5456 1318 5527 episcopo
1333 5456 1546 5529 Engotismensi.
1562 5457 1616 5513 Sed
1631 5473 1685 5529 qua
1712 5475 1799 5517 occa·

149 5519 947 5607 Paschalr,memmrterelmusltalmesburirnsisinrebus
999 5527 1086 5609 sione,
1115 5527 1209 5597 accipe
1231 5544 1265 5582 ex
1293 5528 1320 5585 S.
1338 5528 1487 5608 bernardo,
1517 5527 1611 5611 quida
1635 5545 1672 5611 eo
1686 5529 1797 5589 abunde

148 5600 235 5664 gestis
251 5606 347 5664 regum
362 5590 541 5664 Angelorum.
560 5594 624 5650 Hac
638 5594 672 5651 de
687 5596 822 5669 legatione
841 5598 947 5654 credita
999 5608 1054 5671 agit
1069 5614 1095 5653 m
1111 5599 1227 5670 epistola
1244 5599 1293 5656 1⁶26
1303 5597 1336 5652 ad
1352 5614 1495 5669 eprscopos
1511 5600 1676 5671 Aquitania.
