3772 6006
132 225 183 281 858
743 212 954 273 INNOGENTil
982 215 1007 272 ii
1035 214 1149 273 PAPAE.
1733 217 1785 272 360

132 360 209 411 suna,
222 342 302 414 hujus
329 348 426 397 nostra
453 337 650 397 constitutionis
675 338 803 411 paginam
832 340 929 411 sciens,
944 348 973 410 Α
986 340 1128 399 Saucimus
1141 340 1223 397 ctiam
1242 349 1271 398 ut
1301 357 1474 415 quascunque
1500 339 1691 414 possessiones,
1707 356 1786 411 qua·

135 440 229 491 contra
245 448 305 488 eam
321 439 421 486 temero
447 429 540 484 venire
568 427 718 495 tenorent,
745 427 863 485 secundo
878 437 936 485 ter·
989 446 1096 503 cunque
1122 431 1194 486 bona
1222 431 1316 487 eadem
1346 433 1465 488 Ecclesia
1492 429 1722 503 inpraesentiarum
1736 446 1787 484 ca-

130 522 206 579 tiore
221 518 398 588 commonita,
408 517 430 572 si
440 532 623 589 uoneongruc
634 515 804 584 satisfecerit,
820 524 936 591 potesta-
989 520 1085 576 aoniae
1099 520 1228 592 possidet,
1243 527 1291 576 aut
1315 521 1344 575 in
1371 520 1489 576 futurum
1506 518 1678 575 concessione
1691 518 1785 588 ponti-

127 613 165 668 tis
194 608 360 679 honorisque
384 606 425 662 sui
454 605 586 678 dignitate
623 612 723 675 emeat,
750 621 879 677 reamque
905 621 935 662 se
986 607 1079 678 ficum,
1094 608 1253 665 iiberalitate
1266 624 1362 682 regum
1390 609 1435 665 vel
1462 607 1626 680 principum,
1648 605 1785 663 oblatione

128 699 222 758 divino
235 697 342 768 judicio
357 694 472 752 existere
498 694 532 750 de
559 701 712 766 perpetrata
731 693 871 765 iniquitate
884 710 935 750 co·
987 694 1117 765 fidolium,
1133 713 1190 766 seu,
1206 695 1351 767 aliisjustis
1360 697 1458 766 modis,
1468 697 1527 752 Dco
1536 694 1677 768 propritio,
1687 695 1785 765 poterit

126 795 254 864 gnoscat,
282 792 309 840 ct
323 801 339 840 a
353 783 535 839 sacratissimo
564 798 679 855 corpore
692 798 724 838 ac
738 783 870 854 sanguiue
884 783 934 838 Dei
987 785 1109 858 adipisci,
1125 785 1202 841 firma
1216 785 1264 841 tibi
1279 787 1384 856 tuisque
1411 784 1610 842 successoribus
1637 792 1665 839 et
1682 782 1785 839 illibata

128 886 155 934 ct
168 874 278 933 Domini
305 871 494 945 lledomptoris
520 871 604 927 nostri
633 871 696 927 iesu
719 870 817 926 Christi
846 870 934 927 aliena
985 883 1171 945 permaneant,
1187 874 1344 945 adjicientes
1359 875 1468 947 insuper
1490 881 1519 929 ut
1533 888 1698 945 quaecunque
1712 873 1786 928 bona

125 965 183 1035 liat,
219 969 299 1035 atque
328 962 356 1017 in
384 968 505 1016 extremo
534 960 659 1017 examine
686 959 813 1015 districtae
837 958 932 1015 ultioni
987 969 1040 1018 tam
1055 963 1083 1017 in
1097 964 1217 1020 ecclesiis
1231 979 1312 1033 quarn
1327 963 1355 1018 ia
1370 962 1492 1031 decimis,
1509 962 1552 1017 vel
1566 961 1785 1031 aliispossessio

126 1055 275 1125 subjaceat.
294 1051 403 1107 Cunctis
417 1056 507 1105 autem
535 1049 627 1104 cidem
655 1048 715 1104 loco
736 1065 784 1103 sua
795 1047 859 1118 jura
872 1063 931 1102 scr-

127 1143 255 1202 eantibus
269 1141 303 1196 sit
317 1154 373 1212 pax
388 1137 497 1195 Domini
512 1136 594 1192 nostri
622 1138 684 1192 iesu
698 1136 807 1207 Christi,
834 1143 931 1208 quate-

126 1249 177 1289 nus
191 1239 218 1288 et
232 1230 276 1286 hic
290 1229 406 1284 fructum
421 1227 502 1283 bona
517 1225 630 1282 actionis
642 1223 803 1297 percipiant,
818 1231 846 1280 ct
859 1223 931 1294 apud

128 1320 278 1377 districtam
291 1317 411 1389 judicem
428 1315 542 1388 praemia
556 1321 664 1370 aetemae
687 1312 761 1387 pacis
774 1311 926 1369 inveniant.

124 1414 224 1478 Amen,
240 1424 332 1474 amen,
347 1421 438 1462 aman.

161 1511 220 1582 Ego
234 1503 407 1563 innocentius
431 1499 577 1558 Catholicae
600 1498 721 1558 ecclesia
735 1499 877 1573 episcopus
890 1516 928 1556 ss.

160 1607 220 1679 Ego
236 1601 377 1660 Conradus
392 1599 550 1657 sabinensis
563 1597 707 1672 episcopus
720 1615 757 1654 ss.

160 1705 221 1776 Ego
235 1699 377 1757 athericus
390 1695 521 1754 Ostiensis
535 1710 678 1769 episcopus
691 1710 726 1751 ss.

985 1051 1064 1107 uibus
1078 1051 1161 1107 frater
1175 1059 1264 1108 noster
1277 1051 1457 1125 Reginbertus
1480 1049 1654 1106 Brixiniensis
1676 1050 1784 1122 episco-

984 1166 1035 1221 pus
1049 1150 1084 1206 ad
1098 1167 1161 1207 usus
1174 1149 1367 1207 canonicorum
1392 1149 1512 1223 praefatae
1525 1148 1646 1205 ecclesia
1659 1147 1781 1215 contulit,

983 1248 1030 1296 aut
1043 1239 1124 1296 etiarn
1148 1239 1376 1296 asuecassoribus
1401 1238 1461 1309 ejus
1490 1237 1588 1294 luerint
1601 1237 1629 1292 in
1644 1244 1782 1310 posterum

984 1344 1033 1402 pro
1047 1344 1096 1385 sua
1109 1328 1253 1385 devotione
1280 1328 1387 1396 coliata,
1414 1327 1504 1382 nullus
1517 1326 1556 1382 eis
1583 1325 1783 1382 succedentium

983 1417 1172 1489 episeopomm
1202 1416 1304 1487 aliquid
1331 1416 1429 1472 exinde
1457 1415 1581 1471 minuere
1606 1414 1649 1471 rai
1677 1413 1784 1471 auferre

983 1513 1140 1578 prasumat.
1158 1506 1193 1563 Ut
1206 1513 1296 1561 autern
1311 1504 1471 1576 prepositus
1499 1512 1526 1560 et
1549 1503 1645 1559 habes
1658 1503 1781 1574 ejusdem

982 1594 1044 1664 loci,
1060 1593 1252 1667 omnipotentis
1274 1593 1324 1649 Dei
1346 1593 1456 1649 servitio
1480 1608 1576 1648 vacare
1598 1591 1707 1647 tiberius
1729 1607 1781 1646 va-

936 1683 1064 1777 Bleunt,
1094 1682 1129 1739 ab
1144 1681 1218 1739 omui
1246 1681 1387 1738 exactione
1413 1696 1503 1737 rerum
1531 1680 1718 1752 temporalium
1732 1696 1782 1736 ros

160 1801 221 1872 figo
236 1794 389 1855 Bernartius
412 1792 551 1866 presbyter
577 1790 721 1848 cardinalis
748 1789 787 1846 tit,
817 1790 923 1846 sanem
977 1770 1078 1828 liberos
1091 1778 1118 1826 et
1132 1767 1780 1842 quictasdecateroessedecernimus.Obeuuta

126 1889 218 1947 Crucis
232 1887 260 1942 in
275 1881 442 1941 Hierusalem
456 1898 492 1936 ss.

159 1988 221 2060 Ego
249 1983 392 2041 Anselmus
416 1979 557 2052 presbyter
591 1977 735 2034 cardinalis
763 1977 802 2033 tit.
833 1974 925 2032 Sancti

124 2073 260 2134 laurentii
274 2072 303 2129 iu
316 2069 418 2128 lucina
431 2085 470 2124 ss.

158 2175 219 2247 Ego
233 2171 320 2227 lucas
334 2167 424 2241 presb.
438 2164 513 2222 eard.
526 2163 565 2220 tit.
578 2164 627 2221 SS.
639 2163 750 2220 loannis
759 2170 787 2219 et
800 2161 875 2218 Pauli
884 2178 921 2217 ss.

156 2273 215 2344 Ego
234 2267 380 2325 balduinus
406 2262 497 2337 presb.
525 2261 602 2318 card.
633 2261 672 2316 tit.
702 2261 807 2317 Sancta
833 2259 922 2314 liariae

121 2359 260 2419 fundentis
275 2357 367 2414 olcurn
381 2370 420 2409 ss.

157 2459 218 2532 Ego
232 2453 312 2513 Oddo
327 2450 397 2507 diac.
415 2449 489 2506 canl.
505 2449 538 2506 S.
558 2445 671 2520 Georgii
696 2445 732 2502 ad
755 2444 851 2501 Velurn
864 2445 922 2498 hu·

120 2564 197 2606 reum
215 2563 252 2602 ss.

157 2639 218 2710 Ego
233 2631 323 2691 Cnido
338 2629 408 2686 diae.
437 2627 516 2685 card.
547 2626 674 2682 Sanctor.
707 2624 812 2680 Cosmae
826 2629 854 2678 at
866 2621 922 2677 ita-

123 2725 208 2783 ntiaui
221 2740 259 2778 ss.

156 2825 215 2896 Ego
230 2816 320 2876 (luido
334 2816 408 2872 diac.
422 2813 496 2870 eard.
512 2811 604 2897 sandi
618 2810 730 2868 Adriani
743 2827 779 2867 ss.

158 2921 218 2993 qu
233 2915 402 2988 Grisogonus
415 2912 486 2967 diac.
502 2909 575 2967 card.
588 2909 617 2965 S.
629 2908 720 2964 llarite
729 2907 758 2962 ia
771 2905 876 2979 porticu
885 2920 921 2958 ss.

158 3011 219 3083 Ego
234 3004 374 3063 liubaidus
385 3001 457 3057 diac.
472 2999 549 3056 card.
567 2998 596 3055 S.
607 2998 698 3053 naria
708 2997 736 3051 in
746 2995 871 3052 vialata
884 3010 920 3049 ss.

158 3100 216 3172 Ego
231 3098 279 3154 iro
294 3093 365 3149 diac.
381 3090 456 3148 card.
472 3089 501 3147 S.
517 3088 609 3144 ilariaa
623 3087 651 3142 in
666 3087 753 3142 Lauro
767 3101 807 3140 ss.

157 3190 216 3262 Ego
246 3182 404 3242 Octarimus
431 3178 502 3235 diae.
530 3176 608 3234 card.
644 3174 734 3231 Sancti
761 3172 867 3230 Nicolai
894 3171 922 3227 in

121 3280 236 3337 Carccre
250 3291 290 3330 ss.

154 3368 254 3425 Datum
265 3359 389 3419 Laterani
404 3375 453 3432 per
467 3371 576 3413 manum
600 3351 728 3411 himerici
750 3360 849 3408 sancta
863 3351 920 3407 llo·

120 3472 210 3515 mana
223 3450 352 3510 Ecclesia
366 3448 436 3505 diac.
453 3446 528 3503 rard.
545 3452 572 3501 et
585 3442 715 3512 cancell„
731 3457 751 3498 ιι
764 3440 827 3496 ldus
839 3439 921 3510 Apri-

119 3547 162 3617 lis,
179 3540 324 3600 indictione
337 3554 358 3607 ι,
372 3533 568 3593 lncamatiouis
582 3532 732 3590 Dominicae
750 3545 824 3586 anno
839 3531 918 3596 1138,

976 1874 1081 1927 terete
1095 1884 1166 1925 nunc
1193 1868 1315 1940 ejusdem
1344 1867 1396 1924 loci
1424 1867 1580 1940 preposito,
1610 1866 1779 1924 veltuorum

977 1957 1306 2031 quolibetsuccessomm,
1333 1958 1424 2013 nullas
1450 1956 1519 2012 inihi
1545 1955 1665 2028 qualibet
1682 1955 1779 2013 subre-

977 2046 1078 2120 ptionis
1090 2046 1186 2103 astutia
1213 2063 1260 2102 sau
1288 2045 1418 2102 violantia
1432 2051 1614 2117 preponatur,
1635 2043 1686 2099 uisi
1698 2059 1779 2115 quem

977 2135 1074 2192 iratres
1101 2134 1225 2205 ejusdem
1256 2133 1309 2191 loci
1337 2133 1476 2190 communi
1502 2148 1612 2188 assensu
1627 2139 1654 2188 et
1667 2132 1778 2188 fratrum

976 2224 1157 2296 parsconsilii
1172 2222 1297 2290 sanioris,
1326 2221 1474 2278 secundum
1501 2221 1552 2276 liei
1567 2222 1690 2276 timorem
1707 2221 1777 2276 etii.

975 2312 1117 2386 Augustini
1130 2312 1254 2385 regulam
1283 2309 1449 2382 providerint
1470 2309 1637 2382 eligendum.
1656 2308 1780 2364 Chrisma

976 2416 1103 2472 namque,
1132 2402 1222 2456 oleum
1250 2415 1366 2468 sacmm,
1409 2398 1628 2454 consecrationes
1653 2397 1777 2453 altarium

975 2504 1023 2546 sau
1050 2488 1234 2555 ecclesiarum,
1261 2487 1443 2544 ordinationes
1473 2486 1641 2556 elericorum,
1670 2485 1715 2557 qni
1743 2485 1778 2541 ad

975 2603 1066 2644 sacros
1094 2587 1202 2643 ordines
1229 2585 1328 2642 fuerint
1362 2584 1551 2658 promovendi,
1581 2602 1598 2640 a
1624 2583 1777 2640 diaecesano

975 2675 1129 2749 suscipiatis
1143 2675 1285 2747 episcopo,
1313 2674 1335 2730 si
1350 2674 1459 2746 quidem
1487 2673 1645 2730 Catholicae
1659 2673 1739 2730 fuerit
1752 2681 1779 2730 et

976 2767 1091 2840 qratiam
1105 2771 1185 2836 atquc
1210 2764 1429 2820 communionem
1458 2763 1613 2835 apostolica
1640 2762 1712 2819 sedis
1725 2763 1777 2818 ha·

975 2854 1074 2919 buerit,
1099 2870 1185 2927 eaque
1213 2853 1292 2910 robis
1319 2852 1376 2908 sine
1405 2852 1535 2924 pravitate
1562 2851 1606 2909 val
1634 2852 1777 2909 exactione

975 2942 1104 2999 exhibere
1119 2941 1253 3012 volucrit;
1283 2941 1402 3013 alioquin
1432 2941 1609 3006 Catholicum,
1626 2956 1776 3013 quemcun-

977 3047 1029 3103 que
1057 3030 1213 3099 malueritis,
1252 3029 1355 3087 adeatis
1393 3030 1547 3099 antistitem,
1576 3029 1623 3103 qai
1650 3029 1776 3085 nimirum

975 3127 1066 3178 nostra
1081 3120 1163 3176 fultus
1177 3119 1345 3186 auctoritate,
1370 3118 1442 3189 quod
1464 3119 1614 3189 postulatur
1626 3117 1774 3191 indulgeat.

974 3210 1047 3267 Nulli
1063 3225 1129 3283 ergo
1143 3209 1282 3281 episcopo,
1310 3208 1376 3264 nulli
1403 3208 1514 3264 omniuo
1533 3207 1673 3263 hominum
1689 3208 1777 3263 fassit

975 3307 1131 3379 predictam
1149 3306 1296 3363 Ecclesiam
1325 3305 1491 3379 perturbare,
1520 3312 1566 3360 aut
1593 3304 1652 3375 ejus
1665 3320 1775 3376 posses-

974 3395 1064 3452 siones
1083 3396 1199 3466 auferre,
1227 3394 1271 3452 rel
1299 3394 1404 3451 ablatas
1429 3393 1554 3463 retinere,
1583 3392 1714 3460 minuere,
1730 3391 1774 3449 voi

974 3483 1109 3556 aliquibus
1136 3483 1325 3541 vexationibus
1350 3484 1474 3556 fatigare,
1503 3481 1550 3538 sed
1565 3482 1775 3556 omniaiuteqra

972 3581 1175 3643 conservantur,
1191 3573 1287 3629 vestris
1301 3581 1328 3628 et
1341 3588 1490 3645 pauperum
1514 3571 1607 3627 usibus
1620 3570 1771 3642 profutura.

118 3634 289 3711 P⁰⁰¹¹¹¹⁰⁸²⁰⁵
314 3642 378 3684 vem
406 3625 500 3681 d⁰m¹¹¹
526 3625 676 3679 mmmm
703 3619 813 3677 soeunffl
839 3633 920 3691 ΡΨ)
973 3662 1143 3735 sepulturam
1158 3677 1265 3733 quoque
1280 3661 1363 3733 ipsius
1376 3659 1429 3717 loci
1456 3660 1568 3716 omnino
1582 3660 1697 3715 liberam
1711 3675 1771 3715 esse

118 3739 190 3783 “¹¹⁰⁰
204 3738 247 3777 ¹¹·
972 3750 1152 3819 decernimus,
1169 3759 1306 3806 uteorum
1321 3748 1367 3820 qui
1395 3748 1451 3805 illic
1464 3748 1572 3820 sepeliri
1599 3746 1772 3804 deliberave-

153 3819 261 3880 Pendet
274 3811 521 3888 iuiissilumh‘···
970 3839 1034 3909 rint,
1064 3837 1202 3894 devotioni
1229 3845 1256 3893 et
1283 3845 1411 3895 extrema
1452 3836 1592 3903 voluntati,
1622 3837 1673 3891 nisi
1702 3837 1772 3893 forto

442 3905 588 3966 CCCXffl·
971 3926 1198 3984 excommunicas
1227 3926 1289 3993 sint,
1318 3926 1407 3982 nurus
1433 3925 1553 3982 obsistat.
1570 3925 1599 3982 ει
1613 3925 1673 3996 qus
1687 3925 1773 3998 agaur-

120 4018 255 4081 Ordinem
264 4011 468 4108 obnitimini}
484 4007 504 4062 Ρ
505 4002 800 4096 'mmmmm
810 4000 843 4056 ‘i‘
852 4015 915 4055 ΜΟ·
970 4025 1032 4081 huic
1047 4034 1148 4082 nostras
1161 4024 1344 4081 constitutioni
1371 4032 1473 4080 temere
1500 4022 1632 4080 eonuaire
1652 4029 1773 4078 tentass-

152 4094 407 4189 ”a'mmim'ioe
435 4084 632 4160 'mmm
650 4085 814 4152 mirmah
835 4081 915 4136 'md'
968 4114 1012 4182 rit,
1028 4115 1146 4171 secundo
1173 4114 1286 4172 tertiove
1312 4114 1502 4175 commonitus,
1526 4113 1548 4167 si
1563 4128 1618 4168 uon
1633 4127 1770 4184 praesum·

153 4186 236 4254 “lim
249 4172 399 4249 Wd‘ffla
415 4170 551 4241 maur·
967 4203 1089 4274 ptionem
1104 4221 1181 4260 suam
1195 4219 1317 4277 congrua
1343 4202 1525 4260 satisfactione
1544 4201 1700 4269 correxerit,
1716 4217 1771 4273 po·

333 4261 695 4342 “⁰⁰⁰1138’Apffl'30')
968 4293 1070 4353 testatis
1097 4293 1261 4364 honorisque
1287 4293 1330 4348 sui
1355 4292 1487 4366 dignitate
1514 4297 1614 4359 careat,
1638 4305 1770 4361 reumque

217 4372 320 4444 lllnao,
335 4363 448 4422 Aaaal.
464 4364 584 4429 fram„
599 4366 619 4414 t.
634 4358 670 4427 ii,
687 4374 718 4429 p.
736 4353 811 4428 888]

388 4462 394 4473 ⁸
833 4452 839 4463 ,
887 4452 893 4464 ,
923 4405 996 4485 Dae
1009 4390 1103 4449 divino
1114 4389 1217 4461 judicio
1246 4389 1364 4447 existere
1390 4389 1425 4447 de
1451 4396 1605 4462 perpetrata
1627 4387 1767 4459 iniquitate

148 4476 506 4535 1⁸⁸⁰⁶⁸NT¹⁰⁸091⁸⁰⁰P¹¹⁵2
519 4472 613 4556 ΜΨ
633 4469 776 4554 ΨῩΟΝΠῙ,
792 4454 851 4553 ⁰.⁰¹’
866 4451 912 4508 ‘¹¹‘
964 4486 1123 4553 mgnoscat,
1137 4487 1218 4551 atque
1232 4495 1249 4535 a
1262 4479 1443 4536 sacratissimo
1456 4494 1569 4551 corpore
1594 4484 1620 4534 et
1634 4476 1766 4550 anguine

112 4564 183 4622 10010
197 4558 253 4614 55⁰
263 4557 443 4649 mmm?
453 4552 599 4644 ilfi-1³⁰⁹,to
610 4544 788 4643 V¹¹¹f¹¹¹¹f⁰¹¹⁵¹r
798 4557 912 4612 “imm
963 4568 1014 4625 Dei
1029 4576 1055 4625 et
1067 4569 1175 4625 Domini
1191 4569 1379 4641 Redemptoris
1392 4568 1476 4625 nostri
1496 4568 1559 4623 iesu
1582 4566 1691 4634 Christi,
1702 4566 1767 4622 alie·

113 4645 312 4712 atwwswlibffl
339 4653 469 4697 ⁰²⁰⁰¹¹¹⁰³
494 4631 696 4701 ⁵⁰b⁸⁰¹¹¹⁹¹²d¹⁵e
710 4647 739 4688 ¹¹¹
752 4639 910 4704 immam
964 4656 1083 4726 nusfiat,
1100 4664 1180 4729 atque
1193 4657 1222 4712 in
1236 4665 1357 4715 exhemo
1381 4657 1507 4713 examine
1529 4656 1656 4713 districtas
1671 4654 1766 4711 ultioni

109 4738 280 4801 memoriam·
963 4755 1113 4827 subiaceat.
1127 4756 1235 4812 Cunctis
1248 4763 1337 4813 autern
1367 4754 1457 4812 eidem
1483 4757 1543 4812 loco
1571 4772 1620 4811 sua
1636 4754 1697 4826 jura
1710 4769 1765 4810 ser·

146 4829 482 4930 Vellefflhifiufflf'wfflm
495 4838 574 4924 ,ium
600 4836 651 4922 ¹¹9⁸
667 4818 842 4878 “immadi
857 4833 908 4875 ω’
960 4844 1132 4904 rantibussit
1144 4861 1200 4917 pax
1213 4845 1324 4902 Domini
1339 4845 1423 4902 nostri
1452 4845 1514 4901 iesu
1528 4843 1637 4910 Christi,
1666 4851 1764 4915 quate·

111 4946 172 4990 rum
187 4913 696 5015 qu10²0²²¹¹i¹¹¹²⁰i⁰⁸il¹¹¹⁰¹¹⁰⁰⁰ss¹¹⁸f⁰·
711 4909 905 5009 Qua¹¹l⁰b¹⁸¹¹fr
959 4949 1011 4991 nus
1038 4935 1133 4991 ethic
1157 4935 1274 4992 fructum
1304 4935 1385 4992 bona
1412 4934 1526 4992 actionis
1553 4933 1712 5007 percipiant,
1737 4940 1765 4989 et

110 5020 208 5078 dilecte
234 5015 263 5069 ¹¹¹
287 5009 406 5106 D⁰¹¹¹³PP
434 5004 474 5105 {¹¹¹
500 4999 662 5100 ΗΜΘ
686 5005 840 5099 Ρῗθζροὲιῖει
856 5005 907 5053 ‘¹¹¹⁸
959 5022 1032 5097 apud
1045 5022 1194 5080 districtum
1206 5022 1339 5094 judicem,
1356 5031 1427 5094 ctc.,
1443 5023 1593 5081 inveniant.
1610 5025 1707 5079 Amen.

110 5101 315 5167 rationabilibus
325 5092 500 5170 pehtrombus
513 5105 658 5147 annuimus
671 5095 698 5144 et
713 5087 905 5145 Vrlthrnensem

108 5192 268 5258 mesiam,
296 5185 339 5242 ,ui
367 5189 474 5239 ,uem
501 5181 560 5237 000
588 5191 705 5251 pm,
728 5174 904 5250 dign-(meris,
992 5154 1055 5230 Epo
1068 5156 1242 5214 Innocentius
1256 5157 1402 5215 Catholicae
1416 5157 1544 5215 Ecclesia
1558 5154 1715 5229 episeopus.

108 5280 247 5363 praeeatis
273 5272 365 5346 scripti
391 5270 492 5344 pagiua
517 5266 725 5332 communimus,
755 5265 784 5320 in
809 5264 905 5336 primis
992 5271 1092 5328 ilatum
1119 5272 1244 5329 maram
1273 5289 1323 5344 per
1349 5290 1459 5331 manum
1498 5271 1625 5330 himerici
1658 5281 1760 5329 sanctas

21 5410 25 5417 ·
107 5371 241 5448 siquidem
254 5367 400 5423 statuentes
424 5366 453 5414 ut
480 5357 547 5415 ordo
572 5355 718 5414 canonicus
744 5353 790 5427 qui
804 5371 904 5411 secum
956 5359 1086 5419 Romana
1101 5361 1228 5418 Ecclesia
1255 5361 1363 5420 diaconi
1389 5363 1534 5421 caminatis
1553 5369 1580 5418 ot
1593 5361 1757 5428 cancellarii,

105 5468 171 5522 dum
185 5461 216 5517 Β.
232 5450 372 5528 Augustini
385 5447 519 5521 regulam,
534 5454 561 5502 et
574 5462 698 5503 normam
713 5445 904 5503 Pramonstra·
955 5463 976 5506 ιι
985 5449 1045 5506 iial.
1055 5449 1127 5517 Maii,
1140 5449 1285 5507 indictione
1295 5466 1315 5520 1,
1326 5453 1520 5509 incarnationis
1527 5450 1677 5507 flaminicae
1686 5466 1758 5507 anno

105 5551 220 5612 tensium
247 5546 359 5602 fratrum
385 5536 488 5594 ibidem
516 5535 635 5592 noscitur
662 5534 806 5605 institutus,
834 5551 902 5608 per·
956 5536 1037 5611 tras,
1053 5538 1223 5611 pontificatus
1246 5555 1311 5599 vero
1329 5540 1423 5597 domni
1452 5538 1603 5599 innocentii
1628 5539 1654 5596 ll
1677 5553 1757 5612 papa

100 5640 191 5718 mauis
203 5633 305 5696 ibidem
320 5625 486 5703 temporibus
505 5623 697 5686 inviolabiliter
717 5634 899 5702 massuetus.
954 5642 1026 5687 amo
1040 5643 1102 5687 ern.
