3772 6006
118 246 171 299 gqq
752 236 958 294 INNOOENTII
976 241 1000 297 ii
1019 244 1117 302 PAPAE
1711 259 1765 313 52⁰

117 366 264 437 accipiant,
304 374 330 424 et
357 365 429 437 apud
467 364 619 420 districtum
652 362 772 432 judicem
799 361 912 433 praemia
925 370 954 431 Α
968 368 1063 426 usibus
1077 372 1241 429 omnimodis
1255 372 1409 446 protutura.
1426 375 1455 432 Si
1470 391 1524 450 qua
1549 375 1633 451 igitur
1646 377 1675 434 in
1689 377 1764 437 iutu-

116 464 224 513 aeternae
237 455 312 528 pacis
327 454 474 510 inveniant.
965 473 1027 513 rum
1041 458 1226 518 ecclesiastica
1236 460 1279 517 vel
1289 463 1428 519 sacularis
1438 481 1564 535 persona,
1575 468 1646 525 hunc
1660 477 1763 526 nostra

151 552 250 608 Datum
275 550 505 622 Trans-Tyberim
531 565 582 621 per
617 562 727 604 manum
754 545 909 618 hymeriei,
965 546 1165 604 constitutionis
1179 549 1309 623 paginam
1324 551 1426 620 sciens,
1456 563 1550 609 eontra
1578 570 1638 611 eum
1658 564 1762 615 temere

117 641 148 697 S.
167 639 296 696 Romanas
323 639 456 696 Ecclesiae
469 638 576 694 diaconi
591 635 736 692 cardinalis
760 641 787 690 et
800 634 911 691 cancel·
965 634 1060 692 vaniro
1074 638 1227 705 tentaverit,
1252 640 1374 696 secundo
1388 640 1503 698 tertiove
1517 645 1691 711 commonita,
1708 646 1761 702 nisi

116 728 186 794 larii,
203 728 325 784 secundo
339 728 402 783 idus
418 726 555 792 Octobris,
569 725 716 781 indictione
731 731 836 795 quartu,
865 725 913 777 ln·
965 721 1149 780 satisfactione
1163 740 1286 797 congrua
1301 728 1493 800 emendaverit,
1511 732 1656 802 potestatis
1674 734 1763 790 hono-

116 817 283 874 carnutionis
305 815 413 873 Domini
430 815 508 881 itit),
538 813 711 884 pontificatus
738 810 912 872 verodomni
965 809 1058 884 risque
1069 812 1111 867 sui
1137 813 1268 886 dignitate
1281 825 1384 884 careat,
1415 833 1543 891 reamque
1562 836 1593 877 se
1615 821 1764 891 divinoju·

117 905 266 962 iunocentii
280 921 358 977 papae
372 903 483 960 secundi
498 918 568 958 anuo
583 901 737 958 undecimo.
965 898 1036 955 dicio
1051 900 1166 959 existere
1188 904 1225 960 de
1253 913 1408 977 perpetrata
1436 906 1575 979 iniquitate
1602 919 1762 982 cognoseat,

466 1026 556 1082 CUM·
965 995 993 1042 et
1006 1001 1024 1042 a
1038 990 1222 1049 sacratissimo
1236 1007 1352 1064 corpore
1367 1002 1393 1050 et
1407 997 1540 1067 sangnine
1554 997 1604 1053 Dei
1616 1006 1642 1055 ct
1655 999 1765 1056 Domini

118 1127 249 1185 Ecclesiae
258 1126 419 1181 Penueusis
428 1123 627 1196 possessiones,
638 1123 753 1194 petente
769 1118 912 1176 Grimuido
964 1075 1054 1177 ΗΘΜ.
1080 1079 1148 1179 ³⁰⁸9
1172 1079 1273 1180 (immi
1291 1082 1390 1182 fufm
1413 1083 1470 1183 ω’
1499 1092 1581 1158 ⁸¹q¹¹⁰
1595 1086 1623 1143 5⁰
1639 1095 1763 1145 ‘¹²¹'0m0

356 1196 480 1268 33,ng
499 1195 664 1263 confimat·
965 1179 1094 1222 examine
1107 1167 1237 1227 districta
1252 1170 1346 1227 ultrom
1364 1171 1514 1241 subpaceat.
1548 1174 1658 1231 Cunctis
1671 1185 1763 1234 autem

965 1251 1055 1308 eidem
1069 1254 1129 1311 loco
1140 1256 1216 1326 justa
1230 1259 1402 1315 serventibus
1425 1260 1460 1315 sit
1474 1276 1527 1333 pax
1550 1263 1662 1319 Domini
1676 1265 1764 1321 nostri

964 1340 1028 1397 lesu
1042 1342 1151 1414 Christi,
1168 1355 1301 1417 quatenus
1315 1354 1342 1404 et
1361 1347 1407 1405 hic
1421 1348 1538 1406 fructum
1555 1350 1635 1408 houae
1648 1353 1763 1410 rebonis

408 1502 414 1514 ι
892 1493 897 1504 Ι
964 1429 1762 1511 percipiant,etapuddistrictumjudicempraemiaaeternaa

152 1507 344 1561 INN0⁰¹³NT¹¹J⁸
371 1517 527 1575 0l¹⁸0⁰lluss
558 1515 655 1557 selim
680 1511 822 1554 ⁸²ll0l⁰¹¹¹
849 1494 911 1560 ⁰⁸¹⁹
964 1517 1042 1588 pacis
1055 1519 1203 1577 inveniant.
1215 1524 1315 1592 Amen,
1329 1539 1419 1593 amen,
1436 1540 1530 1582 amen.

116 1611 181 1651 ven.
201 1595 249 1650 Fr.
280 1594 429 1649 Garunnoo
457 1588 594 1645 Penuensi
618 1586 757 1660 episcopo,
796 1584 912 1654 ejusque
1001 1615 1059 1688 Ego
1081 1618 1255 1676 ,nmmum

117 1681 321 1739 successoribus
348 1679 480 1737 canonice
521 1674 717 1733 substituendis
755 1673 783 1727 in
808 1685 1125 1791 Pe‘90'3subscripsi.
1242 1664 1253 1677 ⁴

115 1781 204 1828 tuum.

342 1294 431 1361 (anno
447 1294 525 1354 iero,
551 1289 613 1346 oc.
628 1288 686 1358 ar.)

258 1390 404 1464 [Uasacen
421 1388 506 1444 italic
520 1402 610 1454 sucre,
637 1385 660 1453 1,
674 1381 770 1454 tlibi

1281 1621 1429 1680 Catholicae
1456 1624 1588 1682 Ecclesiae
1615 1627 1761 1700 episcopus

1000 1792 1061 1865 Ego
1078 1795 1218 1854 Corradus
1234 1797 1366 1856 Sahiuen.
1382 1801 1530 1874 episeopus
1545 1802 1705 1876 subscripsi.

151 1879 225 1936 Sicut
248 1877 355 1949 injusta
381 1873 555 1946 poscentibus
574 1870 667 1928 nullus
681 1877 723 1926 est
750 1866 909 1924 tribuendus

115 1966 239 2033 allectus,
259 1967 295 2021 ita
323 1965 446 2037 legitima
472 1960 666 2035 postulantium
695 1973 749 2014 nou
772 1965 815 2013 est
829 1953 910 2011 diffe-

114 2057 200 2112 renda
214 2055 320 2127 petitio.
339 2055 500 2124 Eapropter,
528 2051 625 2105 dilecte
640 2048 669 2102 iu
696 2046 814 2102 Domino
828 2044 910 2099 irater

114 2143 254 2200 Grimairle
282 2142 421 2213 episcope,
450 2154 547 2210 preces
561 2146 620 2193 tuas
647 2134 822 2191 rationabiles
850 2132 908 2188 cle·

116 2240 224 2288 menter
237 2230 405 2296 admisimus,
433 2236 461 2283 et
486 2227 627 2283 ecclesiam
643 2226 675 2279 B.
695 2223 796 2288 llarim,
812 2228 839 2276 et
852 2219 913 2293 glo·

117 2320 183 2377 riosi
198 2319 298 2375 Christi
311 2317 440 2389 martyris
468 2331 500 2371 ac
526 2315 615 2370 ievitae
629 2311 738 2368 Maximi
766 2307 909 2382 praescntis

114 2408 210 2480 scripti
225 2406 370 2480 privilegio
385 2403 594 2467 communimus,
610 2408 758 2456 statuentes
779 2405 809 2453 ut
823 2411 909 2469 quas-

114 2514 221 2570 cunque
236 2496 433 2569 possessiones,
450 2506 620 2565 quaecunque
647 2491 719 2546 bona
745 2487 840 2544 eadem
860 2501 908 2542 ec-

114 2587 199 2644 clesia
223 2584 457 2657 inpraesentiarum
469 2582 543 2650 juste
568 2588 597 2634 et
619 2576 751 2634 canonice
774 2574 906 2647 possidet,

113 2683 199 2740 autin
226 2682 345 2738 iuturum
360 2679 539 2736 concessione
567 2674 733 2748 pontificum,
762 2672 907 2744 largitione

113 2786 208 2844 regum
224 2769 266 2824 vel
280 2768 443 2840 principum,
472 2764 609 2821 oblatione
623 2761 752 2827 lidelium,
782 2776 829 2815 seu
848 2759 908 2814 aliis

112 2857 241 2932 legitimis
255 2856 343 2912 modis
358 2857 417 2911 Deo
432 2853 549 2926 propitio
576 2851 674 2924 poterit
687 2847 812 2921 adipisci,
830 2846 907 2903 firma

113 2947 159 3003 tihi
180 2947 287 3018 tuisque
302 2943 506 3000 successoribus
534 2956 567 2997 ac
581 2940 686 2995 illibata
710 2944 901 3010 permaneant.

112 3037 143 3091 in
159 3035 258 3108 quibus
272 3036 331 3090 baec
357 3032 476 3104 propriis
488 3029 618 3086 duximus
632 3025 809 3099 exprimenda
824 3039 905 3080 voca·

111 3124 183 3181 huiis
200 3141 206 3180 :
223 3124 358 3182 civitatem
374 3122 461 3193 ipsam
475 3135 537 3176 oum
551 3116 678 3174 omnihus
694 3115 749 3170 suis
764 3113 904 3186 pertinen·
921 3087 945 3152 0

112 3213 165 3282 tiis,
184 3212 310 3271 videlicet
339 3226 402 3267 cum
425 3208 561 3267 casalibus
575 3206 656 3273 Nato,
672 3203 751 3270 Cese,
767 3210 794 3257 et
809 3200 905 3268 casali,

110 3302 142 3359 S.
159 3304 291 3359 ioannem
312 3301 346 3355 de
369 3300 516 3371 Cypressc,
545 3295 632 3359 hlezu,
661 3290 804 3348 castellum
832 3289 906 3362 quod

110 3389 210 3447 dicitur
224 3388 307 3444 Coiiis
320 3388 409 3452 Altus,
426 3385 517 3441 villam
531 3382 566 3439 dc
581 3378 745 3447 Peteruella,
762 3377 905 3434 ecclesiam

111 3481 139 3536 S.
157 3477 251 3533 hieriae
278 3477 313 3533 de
328 3475 438 3532 liciano
454 3489 515 3529 curn
529 3469 654 3528 ecclesiis
669 3476 696 3524 et
708 3467 835 3524 omnibus
850 3466 906 3521 suis

1000 1887 1057 1961 Fgo
1073 1889 1207 1948 Geraldus
1221 1893 1316 1966 presb.
1330 1896 1405 1952 card.
1418 1896 1455 1953 tit.
1467 1897 1496 1953 S.
1511 1897 1603 1954 Crucis
1617 1898 1645 1954 in
1660 1898 1761 1957 liieru-

964 1977 1050 2034 salem
1066 1979 1200 2051 subscrip,

998 2067 1062 2138 Ego
1077 2069 1173 2125 l‘etrus
1187 2070 1262 2126 card.
1275 2070 1343 2128 titul.
1358 2073 1476 2129 Pastoris
1491 2075 1581 2132 subsc.

1000 2155 1059 2226 Ego
1075 2155 1160 2214 Guizo
1174 2160 1269 2230 presb.
1286 2160 1389 2217 cardin.
1406 2161 1435 2219 S.
1451 2162 1567 2220 Caeciliae
1581 2164 1673 2221 subsc.

999 2251 1060 2322 ligo
1075 2251 1226 2326 Gregorius
1240 2254 1311 2312 diac
1327 2257 1404 2314 card.
1421 2258 1461 2313 tit.
1477 2258 1530 2314 SS.
1543 2259 1634 2331 Sergii
1647 2268 1675 2316 et
1688 2261 1759 2317 ilan-

962 2337 1006 2395 chi
1021 2339 1181 2412 subscripsi.

1000 2438 1061 2509 Ego
1077 2437 1242 2497 Octavianus
1254 2440 1385 2499 diaconus
1395 2443 1471 2500 card.
1486 2443 1517 2500 S.
1528 2443 1633 2502 Nicolai
1646 2447 1674 2502 iu
1689 2447 1758 2503 Car-

962 2539 1024 2582 cere
1040 2526 1199 2598 subscripsi.

997 2615 1057 2687 Ego
1070 2616 1190 2672 Thomas
1202 2617 1230 2674 S.
1247 2618 1280 2674 ll.
1295 2619 1329 2676 E.
1346 2620 1416 2679 diac.
1432 2624 1508 2679 card.
1525 2624 1601 2680 suhs.

998 2703 1095 2759 Datum
1109 2705 1201 2761 Later.
1221 2723 1269 2778 per
1283 2724 1381 2765 mauris
1393 2713 1530 2782 aymerici
1544 2713 1572 2769 S.
1587 2714 1620 2769 ll.
1635 2714 1668 2771 it.
1685 2714 1757 2771 diac.

961 2791 1036 2848 card.
1051 2801 1077 2848 et
1092 2793 1257 2863 cancellarii,
1274 2811 1302 2851 vr
1316 2798 1433 2854 Kalend.
1448 2801 1594 2868 Novemb,
1610 2802 1703 2858 indict.
1718 2818 1757 2870 rv,

960 2882 1097 2936 incarnat.
1116 2883 1195 2938 Dour.
1211 2899 1283 2941 anno
1299 2886 1377 2954 iilo,
1407 2888 1579 2959 pontificatus
1594 2892 1754 2947 verodom.

961 2969 1110 3025 iunocentii
1125 2986 1203 3043 papae
1218 2973 1252 3043 il,
1268 2989 1339 3030 anno
1353 2991 1390 3030 xi.

1309 3098 1414 3156 CDLll.

961 3189 1758 3258 SosiclesCrisenouiroriomioutioneliciirmilaudunte

1226 3281 1301 3336 papa
1316 3265 1485 3323 liberantur.

1191 3366 1283 3434 (Anno
1303 3364 1382 3430 iiio,
1398 3364 1468 3420 Nov.
1487 3366 1525 3437 i.)

1102 3457 1189 3529 [tati.
1206 3458 1320 3530 Christ,
1332 3461 1393 3529 ΧΗ,
1404 3462 1531 3519 lustrum.
1542 3465 1615 3537 ΗΜ

109 3566 290 3640 pertinentiis,
319 3563 465 3620 ecclesiam
492 3562 523 3616 S.
552 3559 624 3614 Petri
652 3557 816 3614 dchaureto
843 3570 905 3610 cum
996 3544 1760 3621 ¹NN⁰⁰⁸NT¹1180lJl⁸⁰⁰llu⁸2sellussel'ifflumlleisdl·

26 3688 30 3693 Ι
110 3655 233 3713 ecclesiis
249 3662 274 3710 et
296 3653 423 3710 omnibus
438 3650 495 3706 suis
521 3646 730 3720 appendicibus,
760 3644 906 3701 empsim
959 3630 1112 3690 iectraiilia
1131 3639 1267 3692 husones
1281 3637 1426 3695 abbatissae
1441 3640 1597 3697 Crisenonis
1612 3650 1639 3698 et
1653 3644 1760 3700 cunctis

111 3745 142 3802 S.
163 3742 289 3810 Serotini,
320 3741 464 3798 ecclesiam
491 3738 520 3795 S.
535 3735 671 3793 saturiani
696 3734 724 3789 iu
747 3732 821 3789 Colle
836 3731 905 3788 Cor·
960 3721 1082 3790 eiusdem
1097 3722 1150 3781 ¹⁰⁰1
1163 3726 1313 3796 ⁸⁰i⁰llb1¹⁸r
1343 3727 1458 3784 Sllulem
1473 3738 1499 3786 0²
1514 3731 1694 3802 apostolicam
1708 3732 1759 3789 be·

111 3834 177 3902 tino,
192 3832 337 3890 ecclesiam
353 3831 384 3886 S.
400 3828 497 3885 Felicis
512 3827 547 3883 de
561 3826 650 3881 bionte
666 3822 787 3888 Silvano,
813 3821 905 3877 eccle·
960 3810 1155 3869 neditiionem.

1 3944 3 3949 ·
109 3923 178 3983 siam
192 3923 224 3978 S.
236 3918 374 3977 Michaelis
389 3926 416 3974 et
430 3919 459 3973 S.
479 3914 602 3981 ioannis,
618 3910 763 3969 ecclesiam
782 3909 814 3966 S.
838 3911 905 3964 Bar·
994 3909 1060 3963 Tam
1076 3926 1108 3965 ex
1123 3912 1301 3982 praesentium
1317 3913 1413 3971 latoris
1427 3915 1555 3973 relatione
1570 3933 1651 3989 quam
1662 3934 1696 3975 en
1710 3919 1758 3976 lit-

110 4022 181 4077 hnrse
199 4021 234 4076 de
247 4018 358 4076 civitate
371 4018 400 4073 S.
416 4014 525 4088 iuguli,
536 4028 598 4069 cum
613 4010 730 4068 ecclesia
751 4010 779 4065 S.
796 4007 904 4079 Angeii,
958 4005 1025 4060 teris
1040 4004 1088 4062 lilii
1098 4009 1184 4063 nostri
1195 4008 1228 4064 G.
1243 4010 1356 4066 illustris
1364 4013 1573 4070 Nivernensium
1585 4014 1758 4082 comitis,vos

110 4118 137 4166 et
151 4109 179 4165 S.
192 4107 318 4174 Andreas,
332 4113 359 4161 et
370 4104 398 4160 S.
414 4102 525 4169 autimi,
541 4100 686 4157 ecclesiam
702 4098 731 4154 S.
752 4096 844 4152 hiariae
870 4095 905 4151 de
951 4103 985 4170 'et
999 4093 1088 4150 locum
1103 4105 1224 4153 vestrum
1238 4114 1299 4156 curn
1316 4102 1486 4172 appendiciis
1496 4103 1578 4158 suisa
1584 4105 1653 4178 jugo
1663 4111 1689 4159 ct
1704 4103 1756 4160 do-

109 4198 193 4263 Atris,
223 4194 367 4253 ecelesiam
383 4193 415 4250 S.
430 4190 520 4246 hieriae
538 4189 573 4244 de
591 4186 723 4252 lioscuio,
758 4184 904 4241 ecclesiam
958 4182 1106 4240 minatione
1116 4186 1329 4243 hiolismensium
1344 4192 1542 4247 monachorum
1556 4192 1662 4262 penitus
1676 4192 1754 4249 abso

110 4288 142 4344 S.
160 4286 254 4341 liariae
267 4285 302 4340 de
316 4280 446 4348 Planella,
477 4277 622 4335 ecclesiam
638 4276 669 4331 S.
690 4273 780 4329 hiariae
798 4272 834 4328 de
848 4272 904 4329 Cu·
958 4270 1028 4326 lutus
1038 4288 1097 4329 esse
1115 4274 1269 4332 audirimus
1282 4285 1309 4332 et
1320 4286 1433 4350 gratum
1448 4280 1601 4349 habuimus,
1630 4289 1656 4336 et
1674 4280 1757 4352 quid·

108 4383 191 4450 mulo,
208 4381 354 4439 ecclesium
370 4378 401 4435 S.
420 4376 512 4432 hiarino
526 4375 561 4430 de
575 4377 671 4442 Quane
683 4371 803 4438 civitate,
816 4370 905 4427 eccle·
959 4359 1024 4432 quid
1039 4376 1055 4416 a
1068 4361 1177 4419 dilectis
1192 4362 1254 4419 liliis
1268 4365 1319 4421 liu.
1338 4367 1416 4423 houae
1436 4367 1575 4425 memoria
1588 4377 1652 4425 tunc
1667 4369 1758 4425 butis-

109 4473 178 4528 siam
193 4472 223 4526 B.
239 4471 332 4526 liariae
347 4468 380 4522 de
405 4464 556 4529 Catiniauo,
586 4461 732 4519 ecclesiam
748 4459 779 4516 S.
812 4460 905 4516 hiariae
919 4445 944 4508 D
959 4447 1031 4505 ⁸50⁶·
1051 4450 1182 4523 09180090
1195 4460 1222 4508 ⁸²
1235 4452 1271 4508 G·
1286 4454 1384 4511 illustri
1399 4456 1565 4513 Nllelssessii
1579 4456 1688 4522 00ffli¹²2
1712 4458 1756 4514 iel

958 4537 993 4594 da
1007 4539 1178 4597 ordinatione
1193 4549 1296 4611 vestra,
1314 4543 1357 4599 vel
1372 4544 1405 4600 de
1420 4561 1517 4602 seusus
1530 4546 1753 4616 commutatione,

958 4635 1107 4691 secundum
1126 4637 1323 4708 providentiam
1339 4640 1537 4700 venerabiiium
1556 4643 1686 4700 abbatum
1701 4644 1755 4699 lln.

957 4723 1183 4793 Pontiniacensis,
1199 4734 1225 4782 et
1240 4730 1271 4784 ll.
1287 4728 1488 4800 vizeliacensis,
1506 4738 1533 4787 et
1544 4731 1578 4789 G.
1593 4731 1753 4800 itacensis,

107 4828 254 4887 ecclesiam
269 4826 298 4882 S.
314 4822 418 4880 liuline
431 4820 466 4877 de
481 4818 626 4892 Aquilano,
643 4817 788 4874 ecclesiam
803 4816 835 4872 S.
854 4819 904 4871 An·
957 4827 985 4876 et
999 4820 1034 4876 G.
1050 4821 1266 4879 Cluraevaiiensis
1280 4825 1389 4897 prioris,
1418 4828 1518 4900 quibus
1533 4828 1560 4885 id
1575 4829 1753 4898 iniunximus,

107 4918 162 4991 geli
172 4917 207 4973 de
217 4917 310 4981 Puteo,
327 4910 472 4970 ecclesiam
487 4909 516 4966 S.
533 4908 624 4964 tiana
633 4907 668 4964 de
682 4905 800 4971 liubiliu,
816 4904 904 4962 ecclo-
957 4909 1098 4981 provisum
1109 4919 1136 4967 et
1150 4919 1278 4968 statutum
1292 4921 1344 4977 est,
1356 4930 1407 4972 nos
1421 4933 1529 4989 quoque
1544 4917 1572 4973 id
1586 4917 1713 4975 volumus
1728 4927 1756 4974 er

107 5007 175 5062 siam
192 5001 364 5062 S.Laureutii
375 4997 545 5066 daleheim,
560 4994 706 5053 ecclesiam
722 4994 750 5051 S.
763 4992 854 5050 liariae
868 4993 903 5048 de
957 4997 1030 5054 sedis
1044 4998 1201 5070 apostolica
1214 5002 1374 5058 anctoritate
1389 5012 1477 5060 rarum
1488 5005 1629 5060 habemus,
1642 5004 1756 5062 privile.

107 5093 222 5158 Brittolt,
238 5090 383 5148 ecclesiam
399 5088 428 5144 S.
449 5085 561 5143 loannis
575 5084 604 5141 in
616 5083 727 5151 Baineo,
757 5082 901 5139 ecclesiam
956 5080 1031 5153 giuru
1044 5099 1111 5140 vero
1126 5084 1197 5156 quod
1212 5101 1294 5156 super
1308 5086 1358 5144 hoc
1368 5085 1429 5143 lieri
1443 5088 1607 5159 postulastis,
1621 5104 1683 5146 cum
1695 5106 1753 5146 rem

107 5183 139 5239 S.
158 5179 249 5235 blarioe
264 5178 298 5234 de
316 5178 409 5233 Poriio.
429 5173 608 5232 Deceruirnus
635 5187 704 5245 argo
719 5179 748 5226 ut
763 5171 831 5226 nulli
845 5186 902 5226 om·
955 5168 1063 5241 plenius
1078 5170 1235 5242 viderimus,
1265 5175 1326 5230 viso
1347 5175 1449 5246 scripio
1470 5176 1505 5232 de
1528 5176 1653 5246 eiusdem
1674 5177 1754 5249 pacis

105 5269 170 5325 ”5¹¹⁰
184 5267 324 5324 hminum
343 5264 424 5321 limi
450 5261 590 5336 Plaefillffl
619 5259 772 5317 Εθῦῑθὸῑθῐῠ
799 5267 901 5316 lemele
954 5268 1163 5340 compositione,
1180 5271 1238 5326 sine
1247 5271 1408 5329 difficultate
1422 5272 1611 5345 impetrabitis.
1619 5274 1677 5331 Nos
1688 5275 1754 5332 cha·

105 5356 275 5431 Deillilbmr
310 5360 355 5409 ³⁰²
384 5351 444 5421 01⁰³
475 5350 667 5423 D⁰⁸⁸0⁸⁸i⁰⁰0⁸
702 5347 819 5415 iustitie,
857 5346 901 5405 vel
954 5355 1070 5413 riasimae
1088 5357 1115 5412 in
1140 5358 1247 5415 Christo
1269 5358 1340 5427 fiiiae,
1369 5376 1421 5432 pro
1445 5359 1527 5418 oflicii
1555 5361 1642 5418 nostri
1661 5362 1754 5421 debito

104 5447 209 5504 ablatas
230 5442 356 5511 retinere,
386 5449 432 5497 aut
458 5440 594 5512 aliquibus
626 5437 816 5496 vexationibus
840 5435 901 5493 iati-
954 5450 1073 5501 vestram
1088 5445 1260 5504 devotionem
1276 5450 1456 5506 ,mmmm
1470 5454 1500 5506 ug
1514 5465 1688 5523 summopere
1703 5466 1754 5508 a·

103 5560 180 5621 gare,
197 5544 246 5601 sed
260 5541 352 5599 omnia
366 5539 475 5613 integra
495 5544 696 5595 conserventur
723 5552 819 5594 eorum
847 5551 899 5608 pro
954 5533 1040 5590 vestis
1061 5550 1096 5591 ne
1110 5535 1162 5592 sub
1190 5536 1275 5609 hujus
1297 5539 1440 5597 occasione
1466 5538 1601 5596 liberam,
1629 5547 1752 5598 mm

103 5650 218 5709 qnorum
231 5629 464 5709 gubernationem
473 5626 673 5686 sustentatione
680 5640 814 5684 concessa
824 5633 898 5697 suut
952 5626 1072 5700 priscam
1087 5628 1249 5702 religionem
1263 5630 1291 5688 in
1306 5631 1409 5705 aliquo,
1421 5633 1496 5705 quod
1510 5633 1581 5691 absit
1597 5635 1603 5688 i
1618 5632 1753 5693 (limium

108 4563 143 4619 de
158 4560 269 4630 bistejo,
285 4555 430 4613 ecclesiam
455 4554 484 4610 S.
508 4551 582 4607 Petri
603 4551 638 4606 ad
658 4551 838 4621 Penuensem,
856 4565 903 4607 ec·

108 4649 220 4708 alesiam
235 4647 264 4703 S.
276 4642 424 4702 Clementis
439 4642 475 4698 de
490 4639 614 4706 Balbine,
640 4637 783 4696 ecelesiam
798 4638 827 4694 S.
844 4639 905 4694 bia-

109 4741 156 4798 rin
171 4739 204 4795 de
220 4735 326 4803 Trevio,
343 4731 489 4790 ecclesiam
505 4731 537 4788 S.
556 4728 669 4801 Georgii
683 4727 719 4783 ad
748 4725 899 4795 Ornanum,
