3750 6000
134 204 210 268 lbll
588 199 785 264 wlatatltt
808 199 1183 266 debusseuatettsts
1207 201 1384 267 MONAGRI
1759 202 1836 269 teta

169 338 360 400 Gebmundus
375 337 555 396 substitutus
570 354 740 412 permanere
750 337 901 396 sustinuit.
971 349 998 416 p
1013 337 1120 396 oblitus
1134 355 1212 409 sum,
1228 339 1297 414 quia
1312 338 1444 412 ingenus
1467 336 1577 398 mentis
1600 355 1657 397 uon
1673 340 1720 397 est
1733 338 1836 397 alicula

168 430 333 502 Habuitque
344 444 544 486 successorem
554 429 695 487 thobiam
709 429 831 486 scientis
846 427 957 485 littera·
1008 428 1148 486 insultare
1173 427 1268 487 malis.
1284 427 1440 487 cachinnis
1455 444 1490 487 ax
1511 432 1615 488 aventu
1633 429 1834 503 crepantibus,

133 538 198 577 rum
218 523 262 589 tut
283 519 361 577 Bada
382 517 464 590 dicit)
487 523 615 575 extrema
636 516 769 576 satietate
794 516 954 586 imbutum,
1007 517 1834 593 interrogavitLauirancuanuidhabarentletitire,utqne

133 609 241 683 quippe
254 607 303 681 qui
317 623 375 664 non
392 607 476 663 modo
493 606 635 673 butinam,
651 608 700 664 sed
716 614 746 664 et
759 611 888 663 Grceam
901 603 957 662 lio·
1007 611 1151 680 coguovit,
1166 606 1331 664 indubitate
1347 607 1548 680 pronuntiavit
1571 606 1755 665 Gundullum
1770 607 1831 679 api·

132 714 218 771 guam
230 696 269 753 ita
281 694 438 753 familiares
449 695 580 762 baberet,
589 702 620 752 ut
630 696 672 753 eis
683 697 879 769 quodcunque
894 694 955 752 vel·
1008 697 1305 771 scopum,Wulterunr
1318 698 1376 755 lore
1388 697 1660 765 abbatem‚tertium
1673 699 1708 754 ad
1719 696 1832 754 lubrica

132 785 171 842 let
185 799 267 858 eque
282 788 313 841 ut
328 785 456 856 propria,
472 799 529 840 nou
544 783 641 841 miuus
656 783 747 841 tacete
763 797 852 855 quam
868 798 955 855 cxpe-
1008 787 1107 844 saculi
1119 786 1336 844 revolvendum.
1346 786 1473 844 liventes
1484 786 1524 844 rei
1537 786 1670 860 probavit
1679 785 1831 843 veritatem

132 873 189 931 dita
206 874 355 947 proterret.
1008 875 1351 933 dictitiuudulluaenim
1362 874 1549 948 apuditolam
1561 872 1831 947 presul,Waltarus

168 966 255 1037 leque
276 962 392 1019 dldullo
407 976 572 1021 successore
591 960 727 1032 decessit,
748 960 800 1034 qui
820 959 955 1018 videlicet
1009 964 1099 1023 abbas
1114 965 1189 1039 apud
1201 965 1343 1023 Eresbam
1360 964 1438 1021 luere
1451 988 1459 1033 ;
1470 964 1575 1021 tertius
1585 962 1658 1019 abiit
1672 962 1703 1019 in
1715 977 1830 1019 vanum.

131 1057 280 1110 extremus
290 1052 320 1110 in
332 1051 685 1110 recensionelloliausium
696 1051 868 1124 pontiltoum
878 1048 953 1124 apud
1008 1054 1106 1128 quue
1122 1046 1218 1126 malus
1234 1051 1408 1111 miraculum
1423 1051 1521 1110 risum
1532 1056 1579 1110 est
1588 1050 1746 1126 posterius,
1756 1052 1830 1124 qnod

133 1140 240 1199 lisdem
265 1141 433 1209 inventiam
449 1141 591 1199 hactenus
606 1144 685 1199 enim
701 1139 761 1197 ille.
777 1140 954 1198 Ceterorum
1008 1143 1121 1200 nullam
1136 1143 1233 1201 adbuc
1244 1157 1326 1216 spem
1343 1141 1620 1214 archiepiscopatus,
1630 1155 1685 1198 nec
1696 1139 1787 1198 etiam
1797 1139 1829 1195 ad

131 1232 250 1289 uomina
264 1230 294 1288 iu
309 1229 453 1288 chartulis
468 1234 567 1288 notata
577 1231 733 1303 subjiciam
744 1245 752 1286 z
764 1227 955 1308 llumlirdul·
1007 1231 1140 1306 Angliam
1156 1232 1299 1289 transitus
1312 1230 1493 1288 Lanlrannus
1508 1234 1690 1303 conceperat.

131 1320 190 1388 lua,
205 1319 307 1389 Deera,
323 1319 754 1389 Wercmuudua,Berumodus,
772 1317 953 1386 burthricus,
1044 1321 1174 1379 Functus
1188 1337 1256 1395 argo
1271 1325 1374 1379 annoto
1398 1319 1456 1377 lina
1478 1317 1656 1387 (lundulfus,
1675 1317 1829 1375 ltadnllnm

52 1442 55 1447 ·
130 1411 279 1479 alstanus,
290 1411 461 1478 (lodwinus,
473 1410 638 1467 siwardus:
648 1409 696 1467 bic
706 1425 739 1466 eo
749 1414 881 1482 tempore
892 1411 956 1465 erat
1008 1413 1051 1486 (ut
1064 1417 1132 1470 ante
1147 1411 1217 1485 dixi)
1229 1411 1398 1486 Sogienscrn
1413 1408 1547 1468 abbatem
1563 1423 1766 1467 successorem
1782 1407 1829 1464 ba·

132 1500 295 1572 spiscopus,
311 1515 370 1571 quo
384 1498 542 1555 Nnrmanni
558 1504 702 1555 venerunt
715 1497 859 1572 angliam,
876 1514 954 1571 pau·
1008 1501 1080 1559 buit.

132 1589 231 1663 cisque
246 1588 349 1645 dicbus
360 1588 549 1660 supervivens
561 1588 653 1645 latum
664 1587 799 1660 explevit.
812 1587 954 1645 Dereliota
1043 1592 1104 1658 Quo
1124 1590 1160 1647 ad
1180 1589 1462 1662 archiepiscopatum
1488 1588 1581 1645 levato
1603 1585 1747 1643 Ernullna
1766 1601 1828 1643 suc·

131 1677 253 1736 ecclesia
268 1675 429 1734 miserabili
443 1681 473 1732 st
487 1693 587 1746 vacua,
602 1677 733 1734 omnium
758 1692 857 1733 rerum
877 1675 956 1732 indi·
972 1666 993 1732 Β
1008 1680 1104 1737 oesslt.
1122 1679 1149 1736 la
1165 1679 1283 1735 natione
1306 1676 1415 1748 Gallus,
1439 1677 1518 1751 apud
1542 1676 1708 1734 roenobium
1732 1674 1829 1733 Sancti

133 1766 231 1842 gentis
254 1766 332 1823 intus
347 1771 377 1822 et
390 1769 480 1837 extra,
505 1767 551 1823 aix
575 1767 653 1824 enim
674 1770 799 1839 quatuor
820 1764 953 1823 canonici
1009 1769 1127 1826 Luciani
1143 1769 1172 1824 iu
1189 1768 1309 1825 Bolraco
1325 1784 1384 1824 non
1399 1782 1522 1839 paucum
1536 1772 1653 1832 tempus
1669 1764 1830 1823 monacbns

134 1860 227 1923 arant,
243 1854 293 1928 qui
309 1854 385 1911 rictu
407 1853 485 1923 exili,
501 1859 531 1912 et
545 1855 609 1928 ipso
634 1857 671 1912 ed
697 1855 795 1912 boram
812 1854 856 1911 vel
871 1870 955 1926 prece
1009 1858 1077 1932 egit.
1096 1858 1149 1916 Sed
1165 1873 1233 1915 cum
1249 1856 1391 1915 nonnulla
1415 1857 1502 1931 plens
1526 1854 1690 1914 insolentiis
1712 1855 1830 1923 videret,

134 1947 176 2004 uel
193 1944 285 2018 pretio
300 1949 477 2016 comparato,
493 1949 523 2002 et
536 1943 709 2002 indumento
734 1942 844 2017 plebeio
862 1944 952 2001 vitam
1008 1965 1071 2023 qne
1083 1964 1133 2006 nec
1144 1949 1416 2021 emendareposset,
1429 1963 1481 2005 neo
1492 1945 1550 2021 pati
1560 1944 1656 2009 vellet,
1668 1944 1831 2001 discessum

130 2034 299 2094 tolerarent.
1007 2037 1145 2096 intendit.
1156 2038 1282 2106 Quaesito
1292 2038 1375 2111 priua
1386 2035 1574 2093 abaulranoo
1585 2033 1721 2104 consilio,
1733 2034 1832 2092 incun-

167 2125 224 2182 llas
240 2123 374 2182 miserias
397 2123 541 2198 corrigere
565 2139 689 2197 pergens
714 2121 953 2195 sapientissimus
1007 2131 1121 2185 ctanter
1142 2127 1272 2184 lecturus
1288 2125 1432 2200 quidquid
1449 2125 1498 2182 ille
1510 2125 1673 2198 jubendum
1688 2126 1829 2197 putasset.

129 2211 881 2286 Laulraucusarcbiepisoopusarnostumquemdam
894 2226 953 2268 mo·
1007 2215 1069 2286 llle,
1081 2215 1131 2289 qnl
1141 2214 1270 2273 bominis
1280 2213 1455 2272 industriam
1471 2213 1560 2285 probs
1575 2210 1696 2269 calleret
1712 2211 1794 2282 (cam
1805 2212 1831 2266 et

130 2303 258 2360 oscham
275 2303 440 2378 pontificem
456 2301 519 2361 loco
535 2304 623 2362 dedit.
1006 2305 1083 2378 apud
1099 2321 1166 2362 eum
1182 2303 1232 2361 diu
1248 2303 1331 2361 Beooi
1344 2301 1509 2375 studuerat)
1522 2299 1680 2374 persuasit,
1698 2307 1730 2356 ct
1745 2298 1782 2355 ad
1801 2312 1830 2355 sa

165 2390 221 2449 Sed
237 2408 270 2449 co
286 2391 377 2451 veloci
394 2396 486 2448 morte
501 2396 641 2463 prerepto
667 2390 849 2448 Gundullum
873 2405 953 2463 aque
1006 2395 1129 2466 reuirat,
1141 2393 1210 2468 qula
1224 2393 1264 2450 ibi
1280 2393 1408 2451 animam
1425 2406 1509 2449 stram
1526 2388 1637 2447 salvare
1649 2405 1709 2447 nou
1721 2391 1828 2463 posset

130 2481 306 2539 monachum
321 2481 441 2539 induxit.
457 2481 518 2538 Sub
533 2498 567 2538 ao
583 2497 627 2538 rea
642 2481 768 2539 ecclesio
784 2484 876 2539 aucto
892 2495 953 2537 ma·
1007 2484 1090 2541 llenit
1112 2500 1191 2557 ergo,
1207 2486 1236 2540 et
1250 2488 1311 2541 toto
1333 2487 1465 2554 tempore
1490 2479 1642 2536 Lanlranci
1668 2475 1829 2535 monachus

54 2592 61 2603 ¹
129 2571 245 2645 gallice.
262 2572 394 2629 ldouacbi
410 2570 476 2644 plus
491 2571 706 2644 quinquaginta
720 2571 799 2643 lacti,
811 2588 828 2628 a
842 2570 952 2644 quibus
1005 2574 1083 2647 apud
1100 2571 1299 2641 Cautcariam,
1316 2571 1352 2629 ab
1367 2570 1505 2629 linselmo
1528 2568 1606 2642 prior
1627 2567 1750 2634 ibidem,
1767 2580 1830 2623 mox

128 2668 156 2717 st
171 2665 289 2718 amatur
312 2658 423 2731 regula,
439 2665 468 2716 et
483 2659 583 2716 omnis
605 2661 756 2716 abundant
775 2659 952 2717 necessaria.
1005 2664 1084 2736 apud
1100 2663 1230 2736 Burgum
1241 2660 1342 2730 abbas,
1354 2677 1371 2717 a
1381 2659 1507 2717 Radulio
1519 2656 1676 2731 episcopus
1688 2656 1767 2728 apud
1779 2654 1831 2711 lio·

129 2746 953 2822 DeputaturidGundulllglorias,maximequsLanlranei
1006 2751 1065 2809 lam
1095 2752 1271 2809 constitutus
1296 2755 1351 2807 ast.
1380 2748 1473 2807 Grave
1502 2747 1622 2822 quidem
1655 2748 1831 2811 memoratu,

128 2837 290 2905 industrie,
301 2835 352 2910 qni
362 2835 450 2893 etiam
462 2853 558 2894 exano
572 2837 670 2894 villam
684 2837 844 2895 Heddraam
856 2853 952 2895 cosm·
1007 2844 1124 2915 quanta
1140 2838 1290 2912 probitatis
1305 2844 1335 2896 at
1349 2837 1512 2911 prudentias
1526 2837 1556 2892 in
1571 2834 1713 2892 omnibus
1728 2832 1834 2890 ciliciis

130 2930 223 2998 ptam,
240 2924 453 2982 monachorum
476 2929 577 2982 sancto
591 2924 730 2998 Apostolo
746 2926 950 2984 tamulantium
1009 2930 1104 2987 luerit.
1120 2929 1227 2987 Centies
1246 2927 1384 3000 dejectam
1410 2926 1535 3000 priorem
1560 2929 1674 2999 partem
1695 2921 1835 2998 eeclesia,

130 2978 988 3088 usibusvicturoJuretransoripsit.liratquetiundullusc
1008 3034 1095 3093 quam
1131 3018 1310 3075 Laulrsncns
1339 3015 1543 3084 edificaverat,
1572 3013 1644 3070 adeo
1684 3009 1838 3084 splendide

130 3103 280 3175 religionis
293 3102 408 3178 pleone,
425 3104 587 3162 litterarum
602 3122 660 3163 non
676 3105 802 3174 nescius,
817 3105 847 3165 iu
864 3107 952 3165 rebus
1008 3108 1109 3178 erexit,
1126 3113 1158 3164 ut
1173 3106 1246 3164 nibil
1272 3105 1328 3164 tale
1349 3104 1444 3180 possit
1459 3104 1488 3161 in
1503 3102 1608 3176 Anglia
1626 3101 1733 3168 sideri,
1749 3099 1780 3157 in
1796 3098 1837 3154 vi·

129 3195 295 3252 forensibus
306 3201 409 3252 soeret
421 3194 604 3263 elimatus,et
615 3196 662 3266 qui
677 3200 796 3267 putatus
807 3195 954 3254 sitdivina
1009 3205 1135 3254 trearum
1153 3196 1347 3252 fenestrarum
1364 3192 1440 3259 luce,
1454 3189 1485 3248 in
1502 3188 1661 3248 marmorei
1676 3184 1837 3262 pavimenti

131 3283 315 3357 potissimum
327 3283 699 3343 electionebnuchcnorem
708 3284 953 3354 meruisse-Nam,
1009 3285 1113 3355 nitore,
1129 3285 1158 3342 in
1173 3283 1431 3341 diversicoloribus
1455 3282 1592 3355 pictoris,
1608 3294 1673 3352 quas
1699 3276 1837 3335 mirantes

130 3390 198 3432 oum
211 3364 308 3430 adbuc
318 3372 397 3445 apud
407 3374 557 3431 cadonum
570 3373 684 3432 divinas
694 3376 858 3447 Scripturas
869 3375 954 3433 audi·
1009 3374 1108 3434 oculos
1123 3372 1246 3431 trabunt
1258 3373 1292 3430 ad
1310 3370 1427 3444 lastigie
1441 3369 1599 3428 lacunaria.
1614 3368 1646 3423 ln
1664 3367 1762 3440 burgo
1777 3381 1836 3422 mo-

9 3450 15 3461 ’
131 3466 184 3532 rat,
201 3462 274 3519 torte
288 3477 356 3520 cum
372 3461 487 3519 duobus
502 3460 567 3519 aliis
580 3463 662 3533 juxta
677 3463 853 3536 magistrum
868 3481 955 3522 evan·
1011 3463 1173 3520 nachorum
1200 3478 1341 3518 numerus
1356 3466 1471 3528 auctus,
1486 3457 1588 3532 religio
1606 3455 1692 3514 bonis
1716 3453 1836 3512 monitis

131 3547 241 3623 galium
256 3557 359 3608 tenens
373 3551 556 3609 consederat.
571 3551 660 3609 llltsri
676 3553 849 3611 vocabulum
868 3551 956 3610 Oual·
1010 3553 1136 3622 conlata,
1148 3552 1255 3609 edium
1270 3554 1398 3607 veterum
1415 3547 1570 3605 ruderibus
1586 3544 1751 3602 deturbatis
1767 3558 1835 3600 nors

132 3637 234 3710 terius,
250 3639 371 3698 alterius
386 3656 492 3697 nomen
507 3639 641 3714 elapsum
654 3646 710 3699 est.
722 3641 796 3699 'dum
813 3642 957 3716 magistro
1012 3643 1204 3701 fundamenta
1211 3635 1649 3712 lacta,culminaercota.Baquc
1659 3635 1835 3692 nmuiaennr

133 3727 206 3786 alias
229 3727 345 3786 interim
369 3729 493 3799 intento,
511 3728 552 3786 illi
568 3729 645 3787 inter
667 3746 699 3788 se
723 3730 865 3788 nonnulla
888 3730 958 3788 ludo
1012 3749 1098 3790 vorax
1114 3732 1191 3805 ignis
1206 3730 1420 3802 absumpsisset
1441 3725 1589 3784 meditanti
1614 3723 1734 3782 relicere
1749 3723 1836 3782 bonos

133 3818 802 3892 agentes,experiamurinquiunt,resolutione
810 3820 957 3891 loliorum,
1013 3822 1188 3898 pontificalis
1203 3821 1357 3893 impactus.
1370 3816 1422 3886 lbi,
1432 3814 1750 3890 quamviaonrnlaiam
1767 3815 1837 3872 laeta

131 3906 958 3983 quisuoatrumiuturussitabbas,quisepiscopus.Si·
1012 3913 1181 3969 viderentur
1206 3910 1397 3983 (praevenerat
1422 3908 1500 3964 sulm
1528 3903 1668 3963 caecitas
1697 3899 1837 3961 Gundnill

132 3994 252 4069 mulque
264 4011 331 4055 cum
348 3996 425 4055 dieto
440 3996 572 4055 revoluto
587 3998 655 4056 lolio
670 3999 781 4055 invonit
791 3998 960 4056 Gondnllus
1014 3999 1143 4058 omnium
1168 4013 1371 4056 successorum
1396 3994 1592 4068 diligentiam)
1606 3998 1704 4050 tamea
1727 4004 1838 4065 semper

132 4085 231 4157 prior:
248 4108 263 4136 a
277 4084 384 4144 Fidelis
398 4102 497 4144 servus
511 4091 540 4144 et
554 4086 693 4160 prudens,
706 4104 793 4161 quem
809 4089 961 4146 constituit
1014 4088 1127 4163 aliquid
1141 4086 1336 4154 comminisci,
1353 4086 1401 4143 nbi
1420 4084 1513 4141 virtus
1536 4082 1697 4141 enitescere
1722 4084 1837 4155 posset;

131 4174 842 4250 Dominuaaupsrlamiliamsuam(Hsttdxxrrlm
851 4177 960 4236 Walts·
1014 4179 1130 4235 lirmara
1141 4179 1273 4250 antiqua,
1286 4175 1380 4235 moliri
1393 4173 1528 4233 recentia.
1539 4171 1617 4230 vtxlt
1628 4170 1660 4227 in
1670 4172 1837 4244 episcopatu

132 4281 198 4323 rus:
213 4286 228 4316 a
243 4264 331 4337 linge.
343 4281 425 4322 sarrs
438 4265 511 4322 bone
526 4270 556 4321 st
571 4264 764 4334 lldelia,intra
775 4266 805 4322 in
818 4267 958 4340 gaudium
973 4291 998 4356 ι)
1013 4267 1126 4340 aliquot
1136 4265 1199 4323 diss
1209 4281 1297 4338 super
1308 4263 1496 4322 novennium.
1509 4260 1695 4332 [lacessitque
1710 4263 1837 4334 quatuor

131 4352 242 4412 domini
259 4353 300 4411 tui
317 4352 421 4427 (doci.
436 4353 511 4426 xxv).
528 4373 542 4404 a
558 4354 684 4410 Tertium
701 4353 800 4412 neseio
815 4354 884 4428 quid
899 4355 956 4413 du·
1012 4365 1040 4415 at
1054 4356 1202 4430 octoginta
1218 4371 1310 4413 annos
1322 4360 1416 4426 natus,
1429 4351 1522 4411 multa
1532 4349 1688 4426 probitatis
1701 4365 1765 4407 aua
1781 4362 1837 4405 mc

131 4457 198 4499 rum
210 4443 364 4499 incentum
379 4440 509 4499 turbavit
519 4457 527 4497 :
539 4442 617 4515 quod
632 4441 689 4500 etsi
705 4443 815 4514 audiri,
831 4444 957 4504 libenter
1009 4450 1152 4505 numenta
1166 4444 1344 4518 relinquens.

578 4661 901 4752 PROLOGUS
931 4663 1092 4752 Ltuttt
1121 4660 1384 4755 SECUNDI.

166 4895 286 4954 Librum
311 4894 439 4969 primum
464 4893 523 4951 huo
547 4909 642 4968 usque
663 4892 780 4953 Gbriato
802 4892 960 4952 solatiante
1015 4900 1044 4954 et
1057 4895 1248 4955 Orientalium
1269 4895 1429 4970 anglorum
1446 4891 1596 4968 pontifices
1618 4895 1836 4964 anteponerent.

131 4986 272 5057 protraxi,
288 4985 317 5043 iu
333 5001 390 5059 quo
407 4982 480 5041 nibil
500 4983 577 5041 intra
601 4982 839 5056 pollicitationem
863 5000 959 5042 rusam
1015 4985 1096 5052 Quod
1111 4985 1311 5043 autemaliam
1337 4983 1441 5042 sariam
1466 4996 1623 5055 regnorum
1646 4978 1744 5050 moui,
1766 4975 1838 5035 norit

130 5074 232 5132 lecisaa
257 5075 365 5147 rldsor,
383 5075 482 5132 direue
507 5073 650 5146 quidquid
676 5074 711 5131 de
734 5072 959 5133 Gantuariorum
1014 5070 1105 5132 lector
1120 5075 1225 5131 lactum
1242 5072 1424 5142 necessitate,
1437 5076 1471 5128 ut
1491 5068 1630 5129 maximis
1644 5067 1732 5141 prius
1748 5061 1838 5139 regnis

131 5162 175 5220 rel
186 5162 357 5222 Minucium
369 5164 514 5239 episcopis
525 5162 715 5220 memorabile
727 5168 828 5221 uestra
838 5163 959 5222 scientia
1013 5163 1204 5232 enumeratis,
1229 5178 1354 5236 quorum
1377 5166 1408 5219 et
1425 5158 1494 5217 aoul
1519 5166 1549 5216 et
1572 5157 1648 5214 lacta
1676 5154 1838 5217 exstabant,

131 5252 227 5324 potuit
249 5255 402 5327 attingere.
423 5254 507 5311 Nune
531 5268 600 5326 ergo
625 5253 788 5311 monadum
815 5251 958 5327 regalium
1013 5249 1646 5322 tunedemumillssnbjicsrentnr,quorum
1659 5239 1840 5318 peucomrrta

131 5340 287 5398 Gestorum
318 5343 500 5416 propositum
526 5344 596 5400 ordo
626 5352 768 5415 posceret,
796 5348 828 5400 ut
855 5342 958 5400 atatim
1012 5354 1157 5398 annorum
1173 5345 1291 5399 veterno
1306 5344 1336 5397 at
1351 5337 1504 5413 potestatis
1518 5333 1680 5411 exiguitate
1693 5331 1839 5391 obsolere-

48 5490 53 5497 ,
131 5427 364 5487 westsaxonicos
389 5447 588 5504 prosequerer,
609 5430 665 5489 nisi
688 5448 734 5490 me
758 5432 890 5490 vicinitas
915 5431 958 5489 lo·
1011 5436 1089 5487 rant.
1105 5429 1157 5488 ilio
1172 5435 1268 5489 autem
1285 5436 1382 5502 posset
1406 5427 1511 5486 ascribi
1537 5420 1705 5500 injurias,ai
1731 5421 1839 5496 epimo-

38 5580 43 5586 ,
132 5532 235 5579 corum
261 5518 440 5590 admouerat,
457 5526 490 5577 ut
505 5519 583 5577 illius
598 5518 789 5579 Orientalium
809 5521 956 5581 Saxonum
1010 5523 1099 5594 patus
1114 5519 1176 5579 ruia
1189 5519 1356 5579 insudarem
1371 5518 1464 5592 locis;
1480 5530 1605 5593 quoram
1618 5511 1837 5573 ueeutseriss
