3772 6006
176 232 228 288 53l
820 232 1024 288 lNNOCENTll
1046 232 1069 286 11
1091 230 1187 287 l‘dl’AE
1227 244 1234 255 '
1782 224 1833 278 532

182 358 239 411 ltro
255 363 366 410 auctore
382 355 522 425 presides,
541 355 591 408 snb
606 355 639 410 C.
660 355 730 410 Petri
747 363 773 411 et
789 366 879 412 nostra
897 357 977 411 tutela
991 359 1018 420 Α
1033 358 1147 414 nerabrli
1164 355 1243 412 iratri
1254 355 1381 410 Hanntco
1393 351 1554 408 ilorariensi
1565 349 1833 423 episeopo,salutem

178 445 353 514 suscipimus,
380 451 405 496 ct
437 431 564 512 pr'acsenti
593 444 736 516 privilegio
769 447 977 514 communimus,
1034 457 1058 501 et
1077 448 1256 517 apostolicam
1273 444 1501 498 benedictionem.

182 541 334 586 statuentes
349 541 374 584 nt
393 548 567 602 utraseunqne
590 534 785 602 possessiones,
811 550 979 606 quaecunque
1070 533 1255 590 Fraternitntis
1273 542 1324 587 tuae
1342 532 1446 586 litteras
1463 531 1581 603 benigne
1601 530 1791 600 suscepimus,
1808 537 1834 584 et

183 631 251 683 bona
272 628 978 700 jamdietummonasteriumpossidet,autinfntu-
1033 634 1131 687 detna
1163 634 1294 701 sospitate
1327 629 1461 685 certiores
1490 627 1577 684 effecti
1607 645 1701 683 sumus
1731 628 1832 702 gavisi.

182 715 618 784 rumeonressionepontilieum.
645 717 786 787 largitione
818 735 914 789 regum
935 718 979 774 rel
1035 723 1225 776 l'rrurntamrn
1241 720 1370 790 (leonium
1385 735 1416 772 ex
1433 717 1500 787 ipsis
1516 718 1681 773 voluntatem
1694 725 1769 771 tuam
1785 734 1832 773 eo·

182 807 344 877 principum,
359 805 494 858 oblatione
512 804 644 868 bdelium,
662 823 709 860 scu
725 808 784 861 aliis
804 807 887 877 justis
916 824 979 862 mo·
1032 827 1185 881 guerrinus,
1202 810 1317 878 paganis
1334 809 1446 862 rerbntn
1464 807 1569 862 Domini
1586 808 1733 877 praedicare
1754 815 1781 861 et
1796 807 1831 861 nd

183 894 395 956 discumbente
413 894 539 957 lietuino,
564 894 662 963 proterit
681 895 808 964 adipisci,
832 896 909 950 iirma
931 896 978 950 tihi

182 984 289 1053 tuisque
306 982 511 1038 successorihus
527 991 553 1037 et
568 983 671 1036 illibata
697 994 882 1053 pernraueant.
907 987 977 1040 Sane

180 1071 304 1125 loliorum
328 1082 494 1135 vestrorum,
525 1087 593 1141 quos
623 1073 743 1142 propriis
768 1073 901 1137 manibus,
933 1083 979 1128 aut

181 1161 334 1230 sumptibus
358 1159 455 1222 colitis,
487 1159 544 1213 sire
569 1160 603 1214 de
627 1162 798 1215 nutrimentis
821 1163 978 1217 anintaliom

179 1259 342 1312 vestrorum,
360 1248 448 1302 nullus
463 1249 574 1302 omniun
590 1249 632 1304 rel
648 1249 764 1305 clericus
788 1251 832 1306 rel
855 1252 940 1307 iaicas
962 1269 978 1307 a

180 1337 257 1392 vohis
272 1337 393 1391 decimas
410 1337 518 1408 exigere
532 1344 700 1407 praesumat..
718 1339 895 1394 Decernimus
911 1356 978 1412 ergo

179 1445 207 1488 ut
221 1435 287 1487 nulli
302 1435 413 1488 omuino
428 1435 566 1487 hominum
582 1435 660 1489 liceat
683 1436 822 1506 praelatum
838 1447 975 1493 monaste-

179 1532 248 1585 rinm
264 1539 364 1585 temere
377 1531 552 1600 perturbare,
576 1534 697 1600 anteitis
721 1535 912 1604 possessiones
927 1554 977 1591 au—

178 1621 258 1685 terre,
276 1617 317 1672 rel
341 1620 447 1672 ablatas
468 1620 596 1687 retinere,
619 1621 751 1690 minnere,
777 1640 824 1678 seu
840 1625 977 1696 quibusli-

1032 898 1112 953 iidem
1133 898 1235 952 Christi
1259 906 1430 952 convertere.
1457 912 1527 966 opus
1546 905 1586 951 est
1608 904 1637 950 ut
1659 896 1692 949 ad
1717 906 1831 949 matrem

1032 997 1103 1041 tuam
1117 996 1235 1042 sanctam
1256 987 1404 1040 Romanam
1421 984 1568 1040 Ecclesiam
1580 985 1685 1050 venias¹
1699 993 1833 1056 quatenus

1032 1085 1143 1156 cognito
1159 1086 1246 1138 iruetu
1265 1084 1363 1137 exinde
1379 1091 1547 1153 proventuro
1563 1084 1666 1138 ibidem
1682 1083 1833 1138 seeundum

1033 1182 1194 1236 universalis
1210 1181 1338 1236 Ecclesiae
1353 1181 1504 1236 doctrinam
1520 1190 1661 1252 assumpta
1676 1180 1764 1237 forma
1781 1181 1831 1237 do·

1031 1272 1112 1326 cendi
1137 1271 1222 1341 ipsius
1247 1271 1412 1339 auctoritate,
1447 1271 1519 1343 quod
1548 1270 1704 1327 iaciendum
1745 1270 1832 1335 luerit,

1033 1360 1179 1415 auxiliante
1194 1359 1321 1423 Dornino,
1338 1358 1472 1429 perficere
1488 1360 1593 1414 valeas.

1063 1461 1160 1514 Datum
1177 1459 1300 1514 Laterani
1317 1474 1336 1512 ιι
1352 1459 1415 1512 litus
1429 1458 1542 1530 Aprilis.

1371 1574 1493 1629 CDLXl.

179 1708 223 1762 het
241 1706 373 1762 molestiis
387 1708 514 1776 fatigare,
540 1709 589 1763 sed
613 1710 703 1764 omnia
728 1711 836 1783 integra
860 1729 976 1769 conser—
992 1721 1019 1780 B
1033 1691 1222 1763 Ad⁸¹⁴9⁰²wm
1242 1692 1410 1747 ’mmmm'u
1422 1691 1449 1746 ’ς’
1477 1691 1630 1761 Animum
1648 1691 1833 1748 camum*

181 1804 288 1860 rentur,
305 1811 397 1849 eorum
413 1813 465 1866 pro
482 1813 593 1866 quornm
609 1799 807 1869 gubernatione
829 1810 855 1855 et
870 1811 980 1857 susten-

179 1886 280 1939 tatione
297 1900 427 1939 coracessa
444 1894 515 1950 sunt,
533 1887 629 1939 usibus
645 1889 812 1944 omnimodis
825 1891 979 1960 profutura.

182 1973 209 2027 Si
226 1988 278 2044 qno
292 1973 374 2042 igitur
392 1972 418 2026 in
445 1983 584 2042 posterum
601 1975 787 2032 ecelesiastica
809 1981 983 2035 saecularisve

182 2077 312 2132 persona,
331 2063 399 2115 hanc
414 2071 515 2118 nostrae
527 2065 729 2120 constitutionis
741 2067 870 2138 paginam
881 2069 980 2135 sciens,

182 2157 276 2205 contra
295 2165 353 2203 eam
375 2158 476 2205 temere
498 2152 592 2206 venire
616 2161 772 2220 tentaterit,
798 2157 850 2210 nisi
876 2167 982 2212 reatum

183 2254 262 2292 sunm
287 2255 409 2308 congrue
429 2241 626 2307 emendaverit,
649 2246 792 2313 potestatis
817 2246 982 2316 honorisque

183 2327 223 2381 sui
238 2326 370 2398 dignitate
386 2336 485 2393 careat,
503 2345 633 2400 reamque
649 2347 679 2386 se
698 2333 790 2387 divino
802 2333 906 2402 judicio
921 2336 982 2388 eni-

183 2423 253 2469 stere
268 2415 302 2468 de
315 2423 468 2484 perpetrata
480 2416 620 2488 iniquitate
644 2430 803 2487 eognoscat,
821 2433 845 2476 et
862 2438 877 2475 a
894 2440 983 2477 saera·

183 2505 288 2557 tissime
304 2517 416 2569 corpore
433 2509 459 2557 et
475 2504 610 2575 sanguiue
627 2507 674 2561 Dei
691 2517 717 2561 et
734 2509 840 2563 Domini
864 2511 982 2565 Redem-

183 2592 272 2662 pteris
283 2591 366 2644 nostri
379 2592 443 2644 lesu
455 2592 555 2646 Christi
565 2593 653 2648 aliena
665 2595 722 2660 hat,
735 2606 817 2665 atque
827 2599 852 2651 iu
862 2607 983 2653 extreme

185 2680 310 2734 erarnine
325 2679 455 2733 districta
480 2681 573 2735 ultioni
589 2684 743 2749 subjaceat.
768 2686 878 2740 Cunctis
893 2697 983 2741 antem

184 2769 276 2822 eitlem
295 2767 444 2820 venerabili
461 2768 522 2822 loco
542 2787 588 2824 sua
601 2771 666 2840 jura
691 2774 864 2828 servantibus
879 2776 912 2828 sit
932 2793 984 2845 [ιιι

184 2856 294 2911 Domini
307 2855 389 2907 nostri
406 2855 470 2908 Jesu
485 2857 595 2924 Christi,
610 2869 743 2931 quatenus
759 2870 785 2916 et
800 2863 844 2917 hic
867 2864 984 2920 fructum

185 2945 264 3000 borrae
284 2943 399 2998 aetionis
422 2945 581 3016 percipiant,
608 2963 633 3003 et
649 2951 720 3019 apud
743 2951 894 3007 districtam
913 2956 985 3021 Judi-

184 3050 245 3090 cem
260 3033 370 3103 picentia
385 3043 495 3089 aterna
509 3037 586 3106 pacis
605 3038 756 3094 invenient.
784 3044 878 3107 ineo,

185 3140 279 3179 amen.

221 3216 283 3285 Ego
299 3216 472 3270 innocentius
489 3214 636 3270 Catholicae
655 3215 787 3271 Ecclesiae
811 3218 965 3290 episcopus.

222 3306 280 3373 Ego
297 3307 440 3359 Conradus
452 3304 612 3358 Saltincnsis
629 3305 784 3375 episcopus.

221 3393 281 3465 ligo
298 3393 451 3463 Gregorius
468 3394 600 3447 diaconus
615 3393 761 3447 cardinalis
784 3395 832 3449 SS.
855 3397 942 3467 Sergii
958 3406 983 3453 ct

184 3482 295 3536 Daechi.

221 3571 281 3640 Ego
298 3569 426 3623 hibertus
441 3569 605 3624 arbanensis
621 3569 779 3641 episeopus.

222 3660 281 3731 lige
293 3659 433 3713 Geranios
448 3659 594 3729 presbyter
612 3659 759 3714 cardinatis
781 3660 822 3715 tit.
844 3663 871 3718 S.
890 3663 984 3719 Crucis

186 3746 213 3801 ia
229 3748 391 3801 Jerusalem.

221 3837 281 3905 Ego
299 3835 426 3889 l'asallus
441 3835 573 3890 diaconus
588 3837 738 3892 cardinalis
754 3839 781 3893 S.
797 3841 946 3898 Etrstachii.

222 3923 345 3997 ligolio
371 3925 513 3995 presbyter
534 3925 607 3980 card.
622 3926 666 3981 tit.
686 3928 714 3982 S.
732 3930 870 3983 latuentii
886 3931 911 3984 in
925 3933 983 3986 Da-

184 4029 272 4068 maso.

223 4104 281 4174 Ego
304 4105 496 4175 Chrysogonus
523 4104 669 4175 presbyter
697 4105 844 4162 cardinalis
872 4110 913 4164 tit.
948 4111 979 4167 S.

187 4192 327 4247 Praxedis.

224 4281 283 4353 ligo
299 4281 358 4336 GG.
376 4281 607 4352 presbytereord.
628 4283 671 4339 tit.
691 4281 722 4335 S.
739 4284 844 4339 Calinti.

222 4378 282 4448 Ego
298 4377 464 4434 Octavianus
475 4378 604 4433 diaeonus
619 4378 764 4433 cardinalis
780 4380 819 4435 tit.
836 4381 863 4436 S.
879 4383 983 4438 Nicolai

185 4463 348 4522 iaCarcere.

222 4563 284 4629 Ego
301 4565 392 4618 l'etrus
408 4565 551 4636 presbyter
565 4564 641 4619 eard.
659 4565 700 4619 tit.
722 4566 852 4623 Pastoris.

222 4652 282 4723 Ego
299 4651 386 4707 Guizo
401 4654 543 4724 presbyter
558 4654 652 4709 cardin
664 4654 708 4709 ilis
725 4656 765 4708 tit.
792 4656 824 4710 S.
850 4658 977 4715 Caeciliae.

222 4742 320 4797 Datum
348 4743 474 4797 Laterani
497 4759 546 4813 per
571 4760 667 4798 ananus
690 4745 818 4800 himerici
842 4747 872 4802 S.
903 4749 980 4804 llam.

184 4831 316 4888 Ecclesiae
331 4832 437 4887 diaconi
452 4832 601 4887 cardinalis
614 4841 640 4888 ct
663 4834 827 4897 cancellarii¹
857 4852 903 4889 arn
926 4838 980 4891 lia-

183 4921 259 4974 lend.
283 4921 414 4976 ianuarii.
437 4921 532 4976 indict.
558 4937 597 4985 ιιι,
608 4923 806 4978 iucarnationis
831 4924 980 4982 Dominieae

182 5012 346 5078 annoitlth
369 5008 541 5082 pontificatus
564 5027 630 5066 vero
650 5011 753 5067 domini
779 5011 929 5068 iunocentii
953 5015 977 5070 ll

180 5114 257 5169 papae
272 5115 344 5154 anno
360 5100 515 5156 undecimo.

522 5201 630 5255 obex.

176 5282 300 5341 Hearicc
314 5287 480 5342 linconiensi
491 5290 627 5359 episcopa,
641 5291 809 5361 poponennd
817 5290 898 5357 iidem
908 5308 978 5346 erin-

187 5360 293 5411 aertere
310 5359 426 5419 uertenti,
444 5361 551 5413 ceritati
570 5366 602 5414 et
617 5363 699 5432 priua
717 5365 833 5417 daniam
850 5365 958 5416 nrniet.

360 5430 448 5497 pllirca
462 5446 507 5482 att.
528 5435 604 5496 tttt,
623 5434 709 5497 api-tt.
727 5437 787 5501 lt.)

224 5498 353 5569 [lloazen
372 5500 465 5554 Cattae
483 5502 602 5572 diplom.
628 5506 728 5559 iterna.
748 5506 767 5568 l,
796 5522 823 5574 p.
843 5503 921 5573 till

205 5599 397 5654 innocencius
412 5598 567 5671 episcopus,
584 5616 681 5658 servus
691 5618 834 5659 serrorum
847 5602 906 5670 Dei,
927 5619 971 5659 re·

1337 1764 1378 1818 sis
1391 1762 1529 1818 abbatem.

1209 1853 1297 1918 (dano
1315 1854 1482 1911 ttae-tttt,
1509 1852 1579 1904 Nor.
1595 1854 1659 1918 10.)

1171 1921 1286 1994 [liertiae
1304 1924 1386 1994 ,lapi
1399 1923 1501 1992 serapt.
1518 1923 1552 1990 ll,
1565 1939 1591 1992 p,
1613 1921 1701 1993 tetih]

1070 2030 1262 2083 insoearrrtas
1278 2029 1432 2098 episcopus,
1443 2037 1485 2084 ete
1488 2069 1758 2085 ......

1073 2117 1185 2170 Litteras
1208 2124 1235 2171 et
1259 2117 1367 2171 nuntios
1392 2127 1496 2173 vestros
1529 2125 1640 2187 paterna
1667 2118 1834 2190 benignitate

1036 2203 1207 2273 suscipimus,
1225 2213 1250 2258 et
1264 2221 1294 2260 ea
1317 2223 1377 2276 iprae
1399 2206 1477 2259 nobis
1490 2205 1667 2277 significastis
1688 2206 1835 2279 diiigenter

1036 2292 1210 2357 attendimus,
1237 2301 1263 2347 et
1291 2309 1339 2347 nos
1364 2294 1472 2365 quidem
1497 2296 1691 2349 monasterium
1716 2304 1833 2350 restrum

1037 2397 1128 2458 utpote
1139 2391 1189 2443 sub
1201 2390 1271 2444 beati
1285 2391 1353 2444 l’etri
1367 2390 1449 2445 tutela
1463 2398 1490 2444 et
1502 2391 1667 2461 proprietate
1678 2393 1835 2448 consistens

1038 2478 1150 2547 speciali
1161 2494 1252 2533 artiore
1267 2479 1387 2549 diligere
1406 2479 1539 2540 volumus.
1556 2488 1636 2550 atnue
1656 2480 1682 2534 in
1707 2481 1837 2537 libertate

1037 2583 1051 2619 a
1067 2566 1319 2635 praedecessoribus
1330 2568 1431 2622 nostris
1446 2576 1473 2623 et
1487 2569 1626 2623 nobissibi
1640 2570 1740 2625 collata
1756 2573 1835 2626 iami-

1038 2653 1141 2708 liariter
1150 2655 1307 2714 contovere,
1320 2665 1480 2728 restrosque
1505 2658 1659 2713 turbatores
1672 2660 1837 2715 auctoritate

1037 2742 1184 2811 apostolica
1196 2745 1386 2813 comprimere.
1406 2746 1500 2799 Vestra
1514 2747 1533 2799 it
1552 2762 1615 2817 que,
1630 2747 1723 2803 dilecti
1739 2749 1767 2802 in
1782 2749 1837 2804 Do·

1038 2830 1110 2883 raino
1125 2829 1180 2895 titii,
1198 2831 1308 2887 interest
1320 2841 1357 2900 nt,
1374 2834 1443 2888 sieut
1457 2836 1650 2889 inonasterium
1664 2845 1786 2892 restrum
1806 2838 1836 2893 in

1038 2918 1142 2990 Anglia
1153 2919 1290 2992 religionis
1307 2920 1355 2974 init
1369 2923 1484 2987 initium,
1497 2924 1534 2977 ita
1551 2923 1724 2979 nihilominus
1735 2927 1770 2981 ad
1784 2943 1838 2982 rno-

1040 3007 1151 3062 nastiom
1163 3009 1341 3075 professionis
1351 3013 1553 3066 elisere-antium
1566 3013 1739 3069 laudabiliter
1752 3015 1839 3072 inten-

904 3058 984 3098 ΜΘΗ
1000 3071 1025 3133 C
1041 3096 1121 3161 datis,
1138 3106 1163 3151 et
1180 3097 1247 3152 tales
1263 3114 1312 3152 vos
1327 3116 1416 3155 coram
1435 3101 1490 3155 Deo
1507 3109 1532 3156 et
1543 3101 1840 3163 horninibusexhibere

1039 3185 1152 3250 curetis,
1171 3187 1242 3256 (prod
1268 3188 1339 3242 Deos
1362 3188 1534 3260 omnipotens
1549 3192 1583 3244 de
1609 3192 1708 3246 vestris
1730 3194 1841 3250 actibus

1041 3273 1188 3327 horreretur
1212 3282 1239 3329 et
1260 3277 1341 3330 sedes
1366 3277 1517 3347 apostolica
1542 3279 1671 3333 maternis
1692 3280 1840 3339 affectibus

1039 3363 1201 3431 gratuletur.
1221 3364 1379 3419 blandamus
1394 3367 1473 3420 etiarn
1489 3367 1567 3420 robis
1592 3376 1619 3421 ut
1642 3368 1754 3424 biotam
1778 3388 1839 3426 ma-

1039 3450 1147 3503 nualem
1159 3452 1234 3521 parri
1246 3453 1390 3507 solaminis
1403 3456 1509 3525 qualem
1519 3457 1669 3511 Romanum
1680 3459 1839 3528 pontiticem

1039 3539 1134 3593 deerat
1149 3540 1184 3592 ad
1206 3556 1275 3610 opus
1298 3552 1416 3596 nostrum
1440 3543 1499 3598 lieri
1523 3545 1641 3600 iacietis.
1670 3545 1739 3616 Quia
1762 3565 1837 3619 vero,

1039 3628 1136 3683 dilecte
1158 3629 1184 3683 in
1208 3631 1324 3686 Domino
1347 3633 1383 3687 lili
1409 3634 1497 3706 lingo,
1524 3637 1669 3690 occasione
1693 3647 1838 3707 parentum

1039 3725 1145 3770 tuorum
1165 3719 1235 3772 idem
1251 3722 1445 3776 morrasterium
1472 3723 1553 3777 multa
1570 3725 1669 3777 damna
1692 3735 1719 3779 et
1733 3743 1836 3795 grara-

1038 3806 1835 3884 ntinasnstinereaccepimus,ntandandctibipraecipimus,

1038 3902 1171 3965 qttetenus
1186 3912 1260 3951 cosa
1276 3899 1461 3954 dominatione
1477 3902 1660 3956 reorteriornrn
1676 3907 1835 3962 monasterii

1039 3999 1073 4036 an
1087 3999 1178 4049 oreas,
1196 3994 1224 4038 nt
1239 3987 1314 4042 loeas
1335 3988 1396 4058 ipse
1420 3996 1455 4043 ab
1477 3990 1632 4059 hujusmodi
1656 4008 1742 4048 onere
1766 3995 1835 4050 libe·

1039 4079 1123 4141 retur‚
1146 4081 1172 4126 et
1195 4091 1312 4144 persona
1336 4086 1381 4132 tua
1401 4078 1500 4133 nullam
1523 4080 1620 4136 exinde
1637 4081 1833 4152 blasphemiam

1038 4160 1081 4215 rel
1091 4173 1232 4231 peccatum
1244 4164 1358 4220 ulterius
1371 4166 1513 4223 incurrere
1523 4177 1672 4226 mereatur.
1685 4171 1834 4229 liebertum

1039 4274 1147 4329 atroque
1175 4263 1336 4318 manerbum
1367 4281 1445 4337 quem
1476 4265 1639 4321 turbatorem
1669 4267 1781 4326 fratrum
1809 4281 1835 4328 et

1039 4347 1127 4401 eidem
1142 4348 1202 4406 loeo
1218 4353 1399 4421 perniciosam
1421 4371 1482 4408 esse
1506 4355 1668 4422 audirimus,
1694 4358 1730 4412 ad
1754 4376 1833 4416 suum

999 4436 1024 4495 [l
1039 4438 1244 4506 monasterinm,
1262 4441 1387 4496 videlieet
1402 4442 1496 4497 Sancti
1510 4444 1646 4511 Andreae‚·
1656 4446 1749 4502 redire
1764 4463 1836 4504 com·

1038 4524 1136 4594 peltis,
1153 4535 1179 4580 et
1193 4529 1303 4599 negotia
1319 4530 1402 4603 ipsius
1418 4532 1468 4586 ioci
1484 4532 1581 4602 prioris
1596 4543 1620 4587 et
1637 4534 1749 4589 fratrum
1765 4552 1834 4592 eon-

1038 4613 1100 4666 si'io
1126 4631 1178 4669 uon
1205 4628 1397 4673 extraneorum
1417 4621 1601 4691 quorumlibet
1621 4622 1730 4677 ordines
1754 4634 1835 4697 atque

1037 4712 1196 4771 pertractes,
1214 4714 1242 4760 et
1261 4724 1401 4762 nurnernm
1420 4726 1511 4763 corum
1528 4711 1573 4781 qui
1594 4711 1753 4768 immunitus
1772 4731 1834 4770 esso

1036 4799 1144 4867 dieitur,
1167 4804 1282 4860 consilio
1300 4806 1457 4860 eorumdem
1473 4807 1507 4862 de
1521 4807 1641 4861 honestis
1654 4815 1681 4863 et
1698 4808 1834 4880 religiosis

1036 4891 1164 4957 personis
1179 4894 1289 4948 studeas
1304 4895 1468 4965 adimplere.
1491 4897 1626 4965 l'raeeepta
1641 4896 1722 4951 etiam
1734 4900 1833 4970 quaein

1035 4978 1192 5044 apostolicae
1206 4983 1279 5036 sedis
1293 4984 1457 5038 authenticis
1473 4985 1626 5054 privilegiis
1640 4985 1747 5040 collatis
1761 5004 1833 5057 prae·

1033 5074 1090 5126 tate
1110 5073 1276 5126 monasterio
1291 5076 1474 5137 continentur,
1494 5072 1608 5126 tirmiter
1628 5082 1722 5127 teneas
1744 5082 1770 5128 et
1787 5077 1834 5130 ob-

1034 5178 1139 5217 serves.
1163 5162 1288 5215 l’reterco
1300 5163 1324 5214 si
1335 5177 1386 5231 qua
1398 5162 1445 5215 tibi
1458 5170 1498 5215 ret
1508 5161 1639 5215 iratribus
1651 5161 1704 5216 tuis
1717 5163 1834 5218 adversa

1031 5249 1203 5320 corrig-rint,
1221 5260 1293 5302 tunm
1318 5252 1369 5304 erit
1384 5250 1416 5303 ad
1433 5266 1605 5305 cr‘nnmunem
1627 5266 1680 5305 om
1692 5250 1750 5305 iarn
1772 5268 1833 5307 rnu-

1034 5350 1102 5393 treei
1128 5339 1277 5392 licei-iriam
1302 5339 1449 5393 liturarum
1476 5355 1623 5403 recurrere,
1651 5339 1692 5393 ret
1717 5341 1833 5396 eosdem

1030 5435 1090 5481 tuos
1108 5430 1206 5481 iratres
1218 5428 1411 5492 transmittere,
1429 5437 1456 5482 ut
1474 5442 1526 5481 tam
1542 5437 1568 5482 tu
1585 5445 1664 5499 qttnnt
1676 5429 1726 5498 ipsi
1739 5430 1832 5501 dignis

1028 5517 1100 5586 apnrl
1118 5532 1166 5568 uns
1182 5516 1413 5571 consolationibus
1440 5518 1589 5582 foveantur,
1615 5526 1641 5572 et
1664 5531 1679 5571 e
1699 5518 1757 5572 suis
1780 5535 1831 5590 op-

1027 5604 1215 5676 pressionibus
1240 5605 1405 5663 releventur.
1431 5607 1488 5663 Nos
1509 5612 1598 5663 antem
1621 5604 1700 5663 fratri
1727 5614 1822 5666 nostro
