3772 6006
176 205 227 258 biii

841 205 1090 262 innocensus
1110 172 1218 263 rara.
1256 158 1260 171 ¹

1768 208 1820 261 boi

177 330 251 386 mino
266 327 304 384 fili
319 331 406 384 lterno
421 329 516 397 abbas,
530 329 581 385 tuis
591 328 819 401 postulationihus
828 327 975 385 clementer
988 329 1017 392 Α
1066 330 1126 403 Ego
1136 331 1222 387 Lucas
1236 329 1380 404 presbyter
1401 329 1548 388 cardinalis
1575 330 1616 386 tit.
1637 329 1686 387 SS.
1715 329 1827 387 loannis

178 414 323 470 annuimus
337 419 364 467 et
380 414 577 468 monasterium
594 414 702 470 Sanctae
716 413 810 468 lluria
826 413 862 469 de
872 412 979 485 berghe

180 512 233 577 cui,
246 509 362 566 Domino
387 514 511 578 auctore,
542 510 687 581 praesides,
710 510 760 565 sub
775 510 849 567 beati
864 509 937 566 Petri
952 513 979 566 et

178 608 274 656 nostre
288 603 455 673 protectione
470 598 635 670 suscipimus
660 607 687 655 et
713 599 857 669 praesentis
885 598 979 670 scripti

182 690 284 763 pagina
297 689 497 747 communimus
511 694 676 754 ;statuentes
686 687 977 759 utquaeounquebona,

180 793 361 850 quascunque
372 776 567 850 possessiones
583 777 656 831 idem
667 776 861 831 monasterium
877 777 978 847 inprae-

183 876 332 932 sentiarum
343 878 418 948 juste
433 883 457 930 el
473 874 594 946 legitime
610 873 744 945 possidet.
760 878 806 928 eut
815 872 977 942 infuturum,

181 965 360 1021 concessione
375 962 544 1036 pontitionm,
559 960 724 1018 liberalitate
738 977 835 1034 regum
849 961 892 1017 vel
906 962 980 1033 prin·

183 1053 283 1124 cipum,
303 1052 443 1108 oblatione
470 1050 602 1118 fidelium,
631 1066 679 1106 seu
695 1049 756 1106 aliis
774 1050 855 1118 iustis
879 1049 977 1117 modis,

183 1145 333 1214 praetante
353 1140 480 1208 Domino,
496 1139 594 1210 poterit
608 1137 732 1211 adipisci,
748 1137 827 1194 tirma
854 1138 902 1193 tibi
926 1139 978 1194 tuis

184 1256 238 1312 que
249 1239 466 1308 successoribus,
481 1246 507 1294 et
521 1237 624 1293 illibata
639 1246 813 1309 pennaneent
828 1238 870 1305 ;in
881 1238 978 1311 quibus

180 1328 240 1384 haee
256 1328 373 1401 propriis
388 1327 545 1383 nominibus
558 1326 683 1382 duximus
694 1326 978 1399 exprimendazhaere·

180 1416 290 1472 ditatam
305 1417 413 1489 Berghe
423 1416 458 1471 ab
472 1414 568 1470 illustri
582 1413 641 1471 viro
658 1414 758 1470 adolio
772 1415 871 1472 comite
895 1415 978 1471 Colo-

179 1514 268 1570 niensi
284 1513 408 1572 eeclesiae
424 1513 457 1569 ad
467 1510 684 1568 laudandandern
707 1519 734 1568 et
746 1512 918 1569 statuendam
940 1511 977 1568 ibi

180 1603 340 1676 religionem
372 1618 423 1674 pro
443 1618 492 1658 sue
521 1601 669 1658 devotione
697 1601 847 1666 colletam;
872 1610 977 1658 curtem

178 1709 288 1764 quoque
302 1692 422 1747 Boehem
446 1705 508 1747 curn
531 1688 645 1746 decimis
665 1689 747 1756 suis;
772 1695 875 1747 terram
898 1685 1016 1760 juxtaB

179 1788 351 1844 bladesheim
367 1789 447 1843 sitam
464 1802 524 1858 quae
539 1785 636 1842 dicitur
651 1786 808 1841 Cemeruost
823 1801 886 1841 cum
899 1785 975 1841 deci-

177 1877 230 1932 mis
245 1877 314 1932 suis.
329 1879 440 1935 Curtem
451 1888 559 1947 quoque
573 1873 738 1931 Wanernala
759 1882 786 1929 ct
814 1873 924 1930 vincern
949 1875 976 1929 in

178 1974 337 2045 episcopatu
350 1971 548 2043 llerbipolcnsi
562 1970 641 2025 sitam
655 1970 683 2025 in
698 1978 788 2027 monte
803 1971 849 2042 qui
878 1970 977 2027 dieitur

177 2060 318 2133 Tlracbog,
335 2068 361 2115 et
376 2059 482 2115 vineam
489 2073 571 2114 unam
584 2058 769 2129 Trnensthorp
782 2057 975 2130 (Dransdori);

178 2149 288 2204 vineam
303 2148 420 2204 etiemin
436 2148 593 2220 bagaracha
604 2161 665 2202 eum
676 2146 863 2216 decimissuis,
873 2146 976 2202 Decer-

178 2237 270 2292 nimns
285 2237 366 2292 etiem
382 2243 410 2291 ut
424 2237 458 2292 de
469 2236 608 2291 laboribus
623 2251 692 2307 quos
707 2235 827 2307 propriis
855 2235 978 2289 manibus

181 2342 227 2389 ant
254 2334 406 2405 sumptibus
434 2332 533 2397 colitis,
565 2347 615 2387 seu
642 2339 795 2387 vestrorum
823 2331 977 2386 animalium

179 2421 360 2487 nutrimentis,
375 2420 497 2477 decimes
516 2420 580 2475 dure
592 2433 645 2474 non
661 2418 811 2491 cogamini.
828 2417 903 2474 Ordo
912 2434 979 2475 sane
1069 2460 1074 2473 .

179 2517 357 2585 monasticus,
374 2516 419 2588 qui
439 2515 588 2572 secundnm
605 2514 678 2569 beati
692 2513 831 2569 Benedicti
847 2513 979 2585 Regulum

180 2614 415 2671 etinstitutioucm
437 2613 552 2668 fratrum
575 2611 799 2668 Cistcrcieusinm
825 2612 851 2666 in
881 2613 979 2668 eodem

179 2702 345 2759 monasterio
362 2709 403 2758 est
418 2718 468 2772 per
483 2701 532 2758 Dei
545 2702 663 2774 gratiam
677 2700 848 2768 constitutus,
879 2717 979 2771 perpe-

180 2802 235 2858 tuis
251 2802 419 2872 temporibus
435 2800 535 2856 ibidem
550 2806 738 2855 conservetur.
755 2799 790 2854 Ut
805 2807 893 2854 autem
909 2798 981 2855 diri-

181 2889 225 2946 nis
239 2888 335 2946 officiis
350 2888 461 2945 liberius
475 2903 575 2944 vacare
591 2886 711 2959 possitis,
727 2886 915 2942 constituimus
948 2904 982 2944 nc

183 2979 278 3045 abbas,
292 2978 337 3050 qui
360 2977 472 3048 prealato
502 2976 626 3033 coenobio
651 2992 700 3046 pro
715 2983 836 3047 tempore
863 2976 980 3046 praeerit,

183 3068 218 3122 ad
234 3066 369 3139 synodum
397 3065 441 3122 vel
462 3065 604 3122 saecularia
628 3064 738 3133 judicie,
761 3065 814 3119 nisi
837 3080 934 3136 magna
958 3074 985 3121 et

186 3155 314 3211 evidente
330 3155 504 3220 necessitate,
535 3161 660 3224 cogatur.
685 3151 757 3208 Nulli
780 3168 847 3226 ergo
873 3153 983 3210 omnino

185 3255 325 3310 hominum
354 3254 435 3310 liceat
463 3252 608 3324 praelatum
631 3251 826 3306 monesterium
864 3259 983 3307 vestrum

186 3350 292 3398 temere
302 3343 473 3413 perturbare,
485 3339 528 3396 vel
542 3340 603 3409 ejus
616 3340 806 3412 possessiones
814 3339 932 3407 auferre,
943 3341 985 3396 rel

188 3431 295 3486 ablatas
307 3430 436 3495 retinere,
452 3428 589 3494 minuere,
607 3444 657 3484 seu
674 3427 838 3498 quibuslibet
852 3429 986 3484 molestiis

187 3517 305 3591 fatigare
318 3538 324 3584 ;
341 3518 390 3574 sed
401 3516 601 3589 omniaintegra
613 3525 810 3572 conserventur
822 3532 926 3586 corum,
937 3535 985 3588 pro

188 3628 303 3685 quorum
340 3612 536 3684 gubernatione
565 3620 592 3667 et
613 3611 811 3667 sustentatione
853 3628 985 3668 concessa

192 3708 265 3771 sunt,
281 3700 375 3756 usibus
393 3700 559 3757 omnimodis
582 3699 736 3772 prolatura.
770 3701 798 3756 Si
824 3717 877 3774 qua
904 3702 987 3774 igitur

191 3789 378 3846 ecclesiastica
393 3789 566 3846 saeeularisre
581 3804 709 3860 persona,
724 3790 796 3846 hane
810 3798 908 3846 nostrae
918 3805 987 3846 eon-

191 3873 337 3931 stitutionis
351 3874 478 3947 pagiuam
489 3873 589 3939 sciens,
605 3879 700 3929 contra
710 3889 771 3928 eam
781 3881 884 3930 temere
894 3873 988 3929 venire

194 3972 347 4040 tentaverit,
367 3972 487 4028 secundo
503 3972 620 4028 tertiove
635 3971 811 4036 commonita,
842 3971 894 4027 nisi
923 3987 988 4027 rea-

194 4068 252 4117 tum
270 4077 348 4116 suurn
360 4077 481 4135 congrua
496 4059 680 4115 satisfactione
694 4060 850 4129 correxerit,
867 4074 989 4116 esacra-

191 4149 297 4206 tissimo
311 4165 427 4220 corpore
443 4157 469 4204 ct
483 4146 616 4220 sunguine
627 4146 677 4202 Dei
699 4161 732 4204 ac
747 4146 855 4203 Domini
869 4146 991 4205 liedem.

192 4249 279 4321 pteris
285 4247 371 4304 uestri
382 4249 448 4303 lesu
458 4246 557 4302 Christi
571 4244 658 4299 alienu
668 4242 726 4310 fiat,
741 4243 856 4316 atquein
867 4253 990 4300 extremo

194 4333 317 4391 examine
327 4332 455 4388 distrietae
470 4329 609 4399 subjaceat
632 4327 737 4383 ultioni.
768 4327 878 4383 Cunctis
900 4336 992 4384 autern

1032 424 1058 474 et
1071 417 1148 473 Pauli
1167 435 1204 473 ss.

1066 508 1127 579 Ego
1141 506 1294 580 Gregorius
1308 506 1440 564 decenus
1456 507 1601 565 cardinalis
1624 507 1672 565 SS.
1689 507 1778 581 Sergii
1801 516 1827 564 et

1031 593 1137 652 Bacchi
1152 611 1189 651 ss.

1067 685 1127 756 Ego
1143 683 1305 741 Octavianus
1319 684 1448 742 diaconus
1467 684 1610 742 cardinalis
1626 685 1657 750 S,
1680 685 1786 743 Nicolai
1801 686 1828 741 in

1032 771 1150 831 Carcere
1165 789 1203 829 ss.

1067 861 1129 934 Ego
1151 861 1240 918 Gnido
1264 870 1363 920 sunctae
1389 864 1517 920 Romanae
1545 862 1678 920 Ecclesia
1699 862 1829 937 indignus

1032 949 1163 1007 sacerdos
1177 967 1214 1007 ss.

1068 1034 1135 1089 Data
1145 1035 1269 1093 Laterani
1279 1051 1330 1108 per
1343 1051 1449 1091 manum
1462 1033 1586 1092 himerici
1601 1042 1701 1092 senate
1720 1037 1825 1094 llorna-

1031 1136 1074 1179 uae
1095 1123 1225 1183 Ecclesia
1250 1124 1357 1181 diaconi
1385 1123 1531 1180 cardinalis
1559 1132 1585 1179 et
1609 1124 1775 1193 cancellarii,
1800 1142 1827 1181 rr

1031 1206 1147 1262 Kalend.
1164 1208 1259 1276 llamii,
1272 1208 1418 1265 indictione
1432 1208 1827 1277 ur,lncarnetioois1)ominicae

1031 1310 1103 1352 anno
1118 1299 1197 1364 1139,
1212 1296 1387 1368 pontificatus
1413 1312 1479 1354 vero
1504 1296 1596 1352 domni
1620 1297 1771 1355 Innocentii
1802 1300 1825 1353 ll

1030 1398 1110 1456 papa
1127 1398 1200 1441 anno
1214 1400 1251 1440 xr.

1331 1508 1521 1566 cbxxxvlt.

1030 1614 1162 1672 Ecclesia
1171 1617 1319 1672 bonensis
1332 1617 1530 1687 possessiones,
1544 1620 1659 1688 petente
1675 1617 1826 1675 Godebotdo

1272 1689 1409 1760 episcopo,
1424 1688 1587 1757 confirmat.

1242 1803 1331 1872 (hano
1346 1803 1425 1867 ltto,
1442 1801 1524 1857 Febr.
1544 1803 1602 1871 et.)

1028 1901 1134 1974 illese,
1151 1902 1271 1974 Hegesia
1285 1905 1365 1959 Rom.
1381 1906 1473 1972 pona,
1489 1915 1517 1971 p.
1535 1904 1597 1969 589,
1624 1923 1635 1952 ι
1653 1917 1689 1957 ex
1718 1902 1826 1958 schedis

1356 1988 1461 2045 Pertaii.
1489 1989 1497 2061 1

1338 2131 1514 2188 CDXXXIX.

1030 2246 1554 2319 rriotteptoexemptionesqneothario
1562 2248 1826 2319 ugmoaoannmo-

1066 2316 1827 2375 nechoramltencdictiooram.etrimclabbntioelieia·

1067 2389 1234 2513 swlgpensb,
1247 2388 1385 2443 nobilium
1400 2388 1569 2444 monialium
1584 2389 1709 2460 ejusdem
1719 2390 1826 2447 ordinis

1065 2475 1097 2514 m
1135 2458 1262 2514 oilarrdia
1277 2458 1441 2528 confirmat.

1251 2548 1340 2616 (Anno
1357 2547 1435 2614 ttto,
1452 2547 1534 2603 Febr.
1550 2547 1606 2616 28.)

1199 2635 1302 2708 [litent
1317 2637 1384 2708 Opp.
1400 2636 1481 2709 altpt,
1499 2636 1544 2701 lv,
1559 2653 1586 2707 p.
1601 2636 1662 2707 l3.l

1066 2724 1421 2795 lnnoeanrrusepiscopus,
1438 2740 1535 2781 servus
1549 2739 1692 2780 servorum
1708 2726 1769 2792 Dei,
1789 2725 1828 2780 di-

1033 2812 1104 2869 leeto
1119 2811 1175 2869 filio
1189 2814 1333 2868 Wlnreno
1342 2813 1542 2886 Egmondcnsis
1553 2814 1711 2869 monasterii
1726 2814 1831 2884 abbati,

1034 2903 1146 2973 ejusque
1161 2901 1366 2958 suecessoribus
1392 2901 1558 2974 regulariter
1581 2902 1777 2959 substituendis
1804 2904 1834 2959 in

1036 3004 1209 3069 perpetuum.

1071 3094 1175 3150 Nobilis
1184 3095 1226 3149 vir
1239 3093 1425 3151 Theudoricus
1440 3109 1533 3152 comes
1547 3096 1582 3153 de
1592 3094 1720 3152 llollandt
1734 3096 1835 3154 lliero·

1038 3193 1170 3263 solymam
1190 3191 1378 3263 proficiscens,
1409 3199 1528 3248 nostram
1557 3194 1732 3263 praesentiam
1755 3195 1832 3257 adiit,

1037 3291 1110 3346 luter
1125 3296 1224 3345 caetera
1239 3303 1312 3354 rere,
1324 3305 1385 3359 quae
1396 3304 1489 3345 secum
1504 3289 1650 3347 demotum
1662 3292 1834 3348 correctione

1038 3378 1208 3437 etsuaeritae
1232 3377 1399 3433 institutione
1427 3377 1600 3441 contulimus,
1627 3379 1698 3435 idem
1724 3380 1836 3435 illustris

1038 3468 1143 3521 virtum
1158 3466 1217 3522 rice
1232 3481 1282 3521 sua
1302 3480 1384 3537 quarn
1405 3466 1484 3521 etiam
1514 3467 1666 3523 Petrooillra
1688 3469 1836 3524 comitissae

1038 3552 1131 3606 matris
1147 3567 1202 3606 suae
1212 3551 1405 3622 Egrnondense
1419 3551 1626 3616 monesterium,
1647 3556 1729 3623 utque
1756 3555 1837 3608 etiem

1038 3641 1269 3712 lleynshurgense
1284 3639 1365 3695 beato
1377 3640 1563 3709 apostulorum
1578 3641 1694 3712 principi
1710 3640 1836 3698 devotio·

1040 3730 1082 3784 nis
1097 3729 1194 3784 intuitu
1206 3726 1388 3800 proprietario
1400 3727 1464 3796 jure
1483 3728 1591 3798 obtulit,
1625 3738 1705 3802 atque
1735 3738 1839 3786 contra·

1040 3826 1117 3882 didit.

1076 3916 1110 3970 Et
1134 3929 1184 3970 nos
1213 3914 1304 3986 igitur,
1335 3932 1450 3987 quornm
1479 3915 1616 3986 praecipuc
1647 3915 1759 3972 intereat
1778 3917 1840 3986 jure

1042 4002 1165 4072 ejusdem
1181 4002 1315 4059 eoelorurn
1343 4004 1475 4077 clavigeri
1503 4003 1657 4074 specialiter
1682 4003 1837 4070 defensare,

1043 4092 1141 4148 eadem
1153 4093 1320 4148 venerabilia
1335 4092 1394 4150 loca
1408 4092 1643 4164 improprietatem
1665 4100 1747 4165 atque
1773 4109 1840 4165 pro·

1044 4180 1187 4236 tectionem
1203 4180 1231 4235 S.
1247 4181 1378 4237 Romanae
1392 4181 1524 4238 Ecclesia
1543 4181 1723 4251 suscepimus,
1753 4197 1841 4252 eaque

1044 4283 1107 4325 curn
1121 4268 1313 4324 omnibnssuis
1325 4269 1494 4341 pertiuentiis
1504 4269 1647 4340 praesentis
1668 4269 1762 4341 scripti
1790 4286 1839 4340 pu-

1045 4358 1159 4413 trooinio
1174 4358 1386 4414 communimus.

195 4430 361 4488 eideffl¹0⁰0
381 4445 431 4484 ⁸⁰³
456 4429 517 4498 ium
543 4425 714 4482 Wlffliiblss
732 4425 770 4523 ,δὴ
801 4441 852 4497 1³³¹
881 4399 1034 4482 ”OminiD
1080 4445 1260 4502 Decernimns
1275 4461 1344 4519 ergo
1358 4454 1387 4502 ut
1402 4445 1467 4501 nulli
1482 4447 1593 4503 omnino
1603 4445 1743 4501 hominurn
1762 4446 1844 4503 liceat

195 4520 278 4575 nostri
293 4519 358 4574 lesu
373 4516 482 4585 Christi,
509 4522 643 4587 qnatenus
671 4521 697 4569 ct
711 4514 756 4569 luc
770 4513 887 4570 tractum
911 4514 989 4570 bonae
1043 4529 1155 4602 μείω
1183 4530 1349 4585 mouggyfflya
1362 4537 1467 4586 gemero
1488 4529 1657 4601 permeare,
1672 4543 1767 4584 mrum
1779 4545 1843 4600 pos.

195 4607 309 4665 actionis
337 4605 497 4677 vescimini,
539 4610 566 4659 0²
591 4601 662 4674 il)ud
695 4601 845 4659 diiiiissluffl
869 4603 989 4673 iudicem
1043 4617 1180 4674 sessiones
1191 4618 1308 4683 auferre,
1322 4618 1368 4674 vel
1382 4617 1486 4674 ablatas
1501 4617 1630 4683 retinere,
1660 4633 1708 4673 seu
1730 4617 1843 4690 quibus-

195 4705 308 4779 praemia
345 4709 458 4760 aeternae
489 4701 566 4773 petis
597 4700 746 4757 inveniant·
778 4705 867 4756 Amen
898 4717 988 4770 amen,
1043 4706 1109 4764 libet
1123 4706 1254 4762 molestiis
1264 4706 1388 4779 fatigare,
1401 4706 1448 4762 sed
1469 4705 1560 4761 omnia
1587 4705 1694 4776 integre
1723 4721 1842 4763 conser-

193 4812 281 4853 nmen.
1043 4803 1141 4850 ventur
1155 4811 1260 4861 eorum,
1279 4810 1328 4866 pro
1343 4810 1458 4867 qnorum
1473 4793 1673 4850 sustentatione
1690 4802 1717 4850 et
1733 4798 1840 4867 guber-

230 4912 291 4985 330
311 4906 485 4966 ynnocgngug
513 4903 659 4962 ggyhoyiw
683 4903 816 4962 Eoeyggjae
842 4903 990 4976 epyscopus
1043 4883 1152 5026 :ratione
1181 4896 1312 4939 concessa
1337 4892 1400 4938 sunt
1422 4883 1516 4938 usibus
1542 4882 1706 4939 omnimodis
1747 4884 1842 4955 prolu-

1055 4988 1113 5028 nra.

518 5102 523 5112 .
625 5101 630 5111 .
1077 5061 1118 5116 nd
1145 5059 1275 5116 indicium
1315 5068 1406 5116 autem
1442 5061 1514 5133 qnod
1541 5061 1636 5117 eudem
1676 5061 1842 5116 monasteria

228 5110 287 5181 133⁰
302 5105 444 5164 mumius
460 5103 569 5160 Sabmae
587 5117 735 5174 ⁸9¹⁵⁰⁰p⁰⁸
746 5117 784 5156 ὅδ’
1042 5150 1072 5205 Β,
1087 5147 1160 5204 Petri
1171 5147 1244 5218 juris
1258 5145 1384 5213 existant,
1401 5147 1517 5221 singulis
1531 5148 1610 5203 annis
1625 5155 1678 5202 tam
1700 5155 1728 5203 tn
1759 5165 1839 5220 qnam

228 5208 290 5278 ¹³⁸⁰
303 5203 502 5262 The⁰d²wi⁰⁰⁸
517 5202 545 5257 s·
563 5201 666 5258 ¹³¹¹&oe
680 5200 827 5272 ⁶9⁵⁵⁰⁰p⁰⁸
843 5216 883 5256 ⁵⁵·
1042 5250 1215 5293 successores
1226 5235 1263 5291 tui
1277 5242 1393 5307 quatuor
1409 5236 1511 5292 solidos
1525 5235 1710 5309 Frisingensis
1726 5244 1841 5292 moneta

228 5305 289 5376 [⁴:⁸⁰
304 5300 445 5358 Gerardus
470 5299 617 5371 presbyter
640 5298 788 5355 caminam
816 5297 856 5354 ω·
885 5298 990 5355 5³⁰⁰*ae
1041 5324 1286 5396 nobisnostrieque
1301 5325 1507 5382 successoribus
1521 5341 1619 5382 census
1641 5324 1752 5381 nornine
1775 5340 1841 5397 per-

193 5404 288 5462 Crncis
298 5403 324 5457 in
339 5399 491 5456 Jerusalem
505 5415 544 5455 ss.
1041 5413 1162 5470 solvetis·

227 5505 287 5575 Ego
307 5497 454 5556 Anselmns
468 5496 613 5569 presbyter
632 5494 780 5552 cardinalis
794 5495 836 5550 tit.
861 5494 889 5551 S.
915 5495 988 5550 Lau.

193 5601 273 5661 rentii
287 5600 315 5656 in
328 5596 427 5656 Lucina
442 5610 479 5650 ss.

192 5028 230 5066 SS.

1077 5500 1104 5558 Si
1117 5500 1760 5572 quaseneecclesiasticasecularisvepersona
1786 5502 1840 5556 hu-

1038 5589 1084 5661 jus
1099 5596 1199 5647 nostra
1213 5590 1413 5648 constitutionis
1426 5590 1555 5664 paginam
1566 5590 1838 5657 sciens,contraeam
