3750 6000
658 225 840 285 ttt‘1stotlt
859 225 904 283 ΕΤ
923 223 1132 283 rattutmta.
1665 226 1718 287 826

70 365 131 417 rum
147 358 305 416 animalium
329 358 419 415 nullus
442 355 553 413 omuino
577 354 699 425 clericus,
715 354 759 410 vel
778 353 871 420 laicus,
886 351 914 412 Α
929 352 1041 424 ejusque
1067 352 1265 410 successoribus
1292 351 1451 429 regulariter
1475 352 1675 426 substituendis,
1699 355 1728 412 in

76 447 196 505 decimas
209 465 226 506 a
240 448 318 506 robis
333 449 442 521 exigere
456 453 609 519 praesumat.
628 443 751 500 Obeunte
765 458 831 498 vero
846 449 872 497 te
925 451 1097 514 perpetuum.

73 553 144 593 nnnc
164 538 287 609 eJusdem
301 537 353 593 loci
368 536 476 603 abbate,
492 535 534 589 uel
554 540 659 589 tuorum
675 532 794 603 quolibet
809 546 873 587 suc·
962 549 1003 605 ,qd
1023 552 1076 606 1100
1090 549 1117 606 pn
1132 551 1287 623 ,pospoppcae
1312 550 1384 606 sedis
1408 551 1549 618 ephedra,
1564 549 1723 623 disponente

74 641 212 682 ⁶²⁸⁵⁰l¹¹¹¹¹
238 626 327 682 ¹¹¹¹¹¹l¹⁵
354 626 391 681 ibi
417 624 536 696 <l¹¹⁸¹ib⁰¹
562 622 744 693 subreptionis
765 621 870 688 ⁸⁸¹Ufi⁸i
926 638 1053 708 Domino,
1071 640 1205 696 constituti
1228 656 1286 696 esse
1304 639 1494 712 conspicimur,
1509 647 1539 694 ut
1552 639 1724 695 ecclesiarum

77 716 120 770 rel
135 714 263 771 violentia
275 722 458 788 preponatur.
484 713 537 769 Sed
552 713 631 768 liceat
642 711 720 768 vobis
734 710 871 766 communi

76 803 189 860 consilio
203 804 246 859 rel
260 803 330 874 parti
345 802 449 859 consilii
474 802 588 857 sanioris
609 799 756 856 seeundum
772 799 820 854 Dei
836 799 870 854 ti-

71 908 185 959 morem,
202 899 228 948 et
243 894 271 949 ll.
288 890 424 947 Benedicti
438 891 569 964 Regulam
585 891 686 960 ubsque
700 889 779 943 ullius
801 903 870 944 con·

73 981 230 1038 tradictione
253 980 380 1037 abbatem
405 980 514 1053 eligere.
541 979 569 1035 Si
593 995 657 1035 vero
681 978 776 1033 eadem
791 977 870 1033 sedes

73 1069 235 1142 episcopalis
256 1070 394 1126 vacarent
408 1069 450 1124 rel
465 1067 631 1124 Catholicum
655 1066 802 1139 episcopua
814 1080 869 1122 nou

72 1157 208 1228 habuerit,
234 1159 360 1226 chrisma,
385 1159 474 1214 oleum
498 1164 634 1224 sanctum,
657 1155 870 1212 consecrationes

71 1248 206 1317 altarium,
232 1265 278 1304 seu
303 1248 485 1314 basilicarum,
509 1245 691 1302 ordinationes
710 1245 868 1302 clericorum

72 1353 87 1392 a
113 1352 274 1409 quocunque
300 1336 449 1393 malueritis
476 1335 604 1408 episcopo
630 1334 708 1390 vobis
734 1334 869 1405 suscipere

68 1424 156 1481 licest.

102 1515 281 1571 Decemimus
295 1531 363 1589 ergo
378 1523 406 1572 ut
419 1515 485 1571 nulli
500 1515 611 1571 omnino
625 1513 765 1570 hominum
789 1513 868 1568 liceat

68 1602 211 1673 rraelatum
230 1605 422 1660 monesterium
446 1613 547 1660 temere
569 1603 735 1674 perturbare,
751 1610 797 1658 aut
809 1601 867 1672 ejus

926 727 1046 782 omnium
1059 743 1151 784 curam
1162 745 1266 800 gerere,
1278 736 1305 784 et
1311 727 1356 797 jus
1366 744 1444 784 suum
1454 728 1584 799 cujusque
1595 727 1722 796 tribuere,

923 817 1073 886 presertim
1099 817 1140 872 lais
1155 835 1207 889 que
1222 817 1295 873 lleati
1323 819 1393 874 Petri
1418 818 1487 889 juris
1514 817 1638 887 existunt,
1656 832 1724 873 con·

924 921 1031 961 serrare
1045 905 1148 980 integre
1165 904 1325 963 debeamus.
1342 907 1382 963 tu
1397 908 1540 980 exemplar
1553 908 1642 977 itaque
1656 921 1726 977 pras·

923 995 1093 1050 decessorum
1120 1003 1271 1052 nostrorum
1291 996 1377 1053 lelicis
1393 997 1535 1054 memoriae
1548 1013 1626 1070 papae
1641 995 1725 1051 luno-

923 1083 1003 1141 centii
1018 1090 1045 1138 et
1057 1083 1194 1140 Caelestini
1208 1083 1390 1140 llomanomm
1404 1084 1560 1158 pontificum
1578 1086 1657 1155 juxta
1679 1090 1722 1140 tc·

923 1188 1017 1228 norem
1045 1172 1266 1245 privilegiorum,
1295 1174 1491 1230 Ferrariensem
1520 1173 1679 1246 episcopum
1708 1187 1725 1227 a

922 1261 1105 1317 cardinalibus
1128 1263 1226 1317 nostris
1247 1261 1403 1336 eligendum
1427 1263 1627 1319 etallomanae
1649 1259 1722 1317 sodis

923 1350 1039 1405 annecte
1072 1349 1282 1406 consecrandum
1315 1351 1495 1417 decernimus,
1518 1357 1599 1422 atque
1622 1349 1722 1406 Ferra-

922 1439 1039 1495 riensem
1055 1439 1203 1495 Ecclesiam
1227 1439 1277 1495 sub
1297 1439 1356 1510 jure
1379 1447 1406 1496 et
1427 1438 1547 1496 dominio
1568 1438 1641 1495 sedis
1654 1454 1725 1511 apo-

922 1529 1025 1584 stolice
1038 1527 1145 1584 decreto
1173 1544 1284 1584 manere
1311 1529 1454 1585 sancimus.
1484 1530 1521 1585 'l'e
1545 1528 1635 1601 igitur,
1651 1527 1724 1584 clero

923 1626 948 1672 et
963 1617 1064 1688 populo
1080 1617 1244 1673 Ferrariensi
1267 1618 1295 1672 in
1318 1616 1445 1673 fidelitate
1464 1617 1536 1674 beati
1551 1616 1621 1673 Petri
1636 1615 1723 1689 persi·

70 1692 254 1763 possessiones
269 1692 386 1761 aulerrc,
402 1694 446 1749 rel
461 1694 563 1749 ablatas
586 1693 710 1758 retinere,
735 1691 866 1757 minuere,
882 1705 909 1767 B
923 1706 1064 1765 sigulphus,
1081 1705 1114 1761 gd
1130 1706 1214 1761 ingla,
1227 1707 1454 1776 predecessomm
1470 1714 1620 1763 nostrorum
1644 1705 1724 1761 bonae

66 1797 113 1836 seu
126 1781 291 1852 quibuslibet
305 1783 435 1838 molestiis
451 1782 574 1855 fatigare,
590 1798 636 1837 sen
651 1780 742 1837 omnia
764 1781 869 1853 integra

69 1878 263 1926 conserventur
284 1887 396 1937 eorum,
423 1888 472 1944 pro
494 1887 608 1942 quorum
632 1870 828 1943 gubernatione
843 1876 870 1924 et

69 1959 264 2016 sustentatione
304 1976 431 2017 concessa
470 1967 532 2016 sunt
571 1960 664 2015 usibus
704 1958 869 2015 omnimodis

67 2047 225 2118 profutura,
261 2050 336 2105 salsa
374 2048 508 2121 pontilicis
537 2048 667 2105 canonica
687 2048 809 2118 justitia,
841 2055 868 2104 et

63 2136 221 2206 apostolicae
244 2137 316 2194 sedis
338 2139 506 2195 auctoritate.
529 2139 558 2194 Si
574 2154 634 2208 que
653 2153 719 2210 ergo
738 2138 766 2192 in
791 2137 863 2191 sutu-

64 2240 125 2279 mm
143 2226 327 2282 ecclesiastica
347 2227 520 2282 secularisve
541 2241 656 2297 persona
678 2227 748 2281 hanc
767 2231 866 2281 nostrae

65 2313 268 2371 constitutionis
298 2316 425 2389 paginam
450 2316 537 2371 sciens
565 2322 658 2370 contra
680 2331 740 2370 eam
764 2321 865 2370 temero

65 2402 160 2459 venire
178 2405 337 2472 tentaverit,
360 2405 479 2460 seeundo
504 2405 616 2460 tertiove
639 2404 816 2460 commonita.
841 2407 865 2461 si

59 2505 114 2545 non
141 2491 324 2547 satislactione
345 2507 465 2565 congrua
501 2491 699 2560 emendaverit,
724 2493 863 2561 potestatis

64 2578 228 2650 honorisque
251 2581 292 2635 sui
314 2581 445 2653 dignitate
466 2588 571 2646 careat,
588 2595 715 2650 reamque
728 2596 756 2635 se
770 2580 863 2638 divino

57 2665 164 2737 judicio
183 2669 297 2725 existere
318 2670 352 2724 de
374 2677 527 2741 perpetrata
549 2669 687 2739 iniquitate
705 2679 861 2741 cognoscat,

65 2764 124 2811 eta
146 2757 342 2814 aaemstissmo
357 2774 480 2830 corpore.
498 2775 528 2814 ac
543 2758 674 2831 sanguine
689 2756 748 2824 Dei,
764 2766 792 2814 et
805 2759 863 2816 llo-

61 2843 131 2900 miui
161 2846 350 2917 Redemptoris
381 2848 462 2901 nostri
483 2846 661 2903 lesu-Christi
691 2846 781 2902 aliena
805 2845 860 2916 list,

62 2941 145 3004 etque
160 2934 187 2988 iu
205 2943 325 2990 extremo
350 2935 475 2990 examine
499 2935 625 2991 districtae
648 2935 742 2992 ultioni
765 2935 861 3006 subja·

60 3029 134 3078 ceat.
159 3022 267 3079 Cunctis
281 3031 370 3079 autem
398 3023 485 3078 cidem
512 3024 571 3079 loco
597 3024 669 3092 justa
694 3024 862 3081 servantibus

923 1793 1116 1850 recordationis
1143 1795 1279 1863 vitaliani,
1295 1795 1432 1860 Hadriani,
1453 1795 1560 1863 Leonis,
1575 1792 1722 1863 Benedicti,

923 1883 1044 1951 loannis,
1061 1883 1214 1946 ltlexandri.
1236 1884 1380 1952 Pasebalis,
1402 1885 1561 1952 lnnocentii,
1584 1882 1722 1940 Caelestini

923 1971 1105 2027 llomanomm
1120 1971 1288 2042 pontificum,
1300 1981 1400 2030 sauctae
1425 1972 1599 2029 Ferrariensis
1626 1972 1722 2028 Eccle-

921 2061 979 2130 siae,
993 2068 1122 2133 tauquttm
1138 2062 1294 2132 spostolicae
1314 2063 1387 2118 sedis
1400 2060 1472 2131 filie,
1489 2061 1587 2118 landos
1598 2060 1720 2131 ejusdem

921 2149 1014 2205 matris
1037 2157 1064 2205 et
1085 2149 1247 2221 patrimonia
1266 2149 1472 2221 confirmamus;
1488 2151 1574 2220 ipsam
1589 2148 1717 2205 videlicet

921 2254 1036 2293 massam
1061 2237 1262 2309 babylonicam,
1287 2255 1348 2310 qus
1367 2247 1478 2296 vocatur
1500 2237 1631 2304 Ferraria,
1657 2252 1719 2293 cum
1803 2266 1806 2275 ·

920 2325 1064 2382 duodecim
1080 2326 1170 2383 lundis
1183 2327 1252 2395 suis;
1267 2327 1309 2383 cui
1323 2327 1391 2384 alias
1404 2327 1530 2384 undecim
1553 2341 1656 2382 massas
1667 2341 1717 2382 no·

919 2424 989 2471 stras
1003 2416 1123 2471 minores
1135 2432 1196 2472 cum
1212 2416 1287 2472 omni
1309 2416 1464 2473 obedientia
1487 2424 1567 2489 atque
1587 2413 1718 2471 servitute

918 2504 1112 2577 subjugemus;
1138 2505 1165 2561 id
1179 2511 1219 2560 est
1232 2521 1348 2561 massam
1368 2505 1455 2578 ripam
1476 2504 1634 2562 Palatiolum
1654 2519 1717 2560 cum

918 2593 1062 2650 duodecim
1092 2593 1196 2660 lundis,
1225 2593 1349 2650 similiter
1375 2610 1492 2650 massam
1517 2593 1717 2664 Quartisianam

917 2697 978 2739 cum
994 2681 1136 2737 duodecim
1152 2681 1252 2750 fundis,
1263 2689 1290 2737 et
1305 2690 1387 2741 totam
1402 2691 1429 2739 et
1443 2683 1576 2756 integram
1600 2696 1717 2738 massam

917 2770 1036 2826 Donorio
1050 2787 1111 2826 cum
1127 2770 1268 2828 duodecim
1285 2770 1375 2826 lundis
1389 2772 1455 2839 suis,
1466 2779 1493 2828 et
1506 2770 1631 2827 similiter
1645 2785 1716 2826 mas·

916 2875 974 2916 sam
989 2859 1146 2931 popularem
1162 2875 1225 2915 cum
1239 2859 1382 2916 duodecim
1397 2859 1496 2930 lundis,
1508 2877 1560 2916 nec
1573 2875 1628 2916 nou
1643 2874 1713 2915 mas·

915 2965 972 3005 sam
989 2949 1127 3017 Curulum,
1144 2956 1170 3004 et
1185 2965 1300 3004 massam
1316 2948 1435 3005 Saletam
1449 2966 1510 3006 cum
1526 2948 1636 3022 virginti
1651 2963 1716 3019 qua·

915 3043 977 3094 tuor
991 3036 1081 3092 lundis
1097 3037 1162 3101 suis,
1178 3037 1259 3092 simili
1281 3037 1363 3094 modo
1386 3053 1514 3106 massam,
1531 3054 1592 3108 quae
1607 3045 1718 3094 vocatur

64 3111 101 3166 δὴ
125 3128 179 3184 1²⁸¹
193 3112 302 3167 D⁰¹¹¹l¹¹i
330 3112 413 3166 ¹¹⁰⁵lti
443 3112 634 3177 ³⁰⁶⁰·Clll5e'fiv
664 3119 808 3182 quamius,
837 3120 864 3169 02
917 3126 1108 3199 cornigerae,
1121 3141 1182 3181 cum
1197 3125 1322 3181 omnibus
1343 3125 1434 3183 lundis
1446 3128 1510 3183 suis
1539 3128 1594 3183 llas
1608 3125 1717 3198 quidem

66 3200 114 3257 hic
129 3200 246 3255 sfflclllm
268 3200 348 3256 bossae
370 3201 483 3256 flellOUlS
503 3200 663 3272 pereipiilni.
688 3207 715 3256 eb
735 3199 806 3272 apud
820 3201 865 3256 dl·
918 3215 1060 3286 pmdicmg
1074 3230 1176 3271 mGSSssS
1204 3229 1265 3272 cum
1295 3215 1420 3272 omnibus
1447 3216 1481 3272 gd
1506 3216 1616 3273 easdem
1632 3213 1719 3285 perfi-

61 3288 185 3344 mlum
211 3287 332 3358 judicem
357 3289 469 3360 Plaefflifl
492 3297 600 3345 ³2¹&ssae
622 3289 698 3360 l)acis
717 3288 864 3346 inveniam·
918 3304 1043 3359 uentibus
1057 3303 1090 3359 de
1106 3303 1227 3359 dominio
1250 3312 1277 3359 et
1296 3303 1359 3374 jura
1377 3311 1457 3376 atque
1479 3311 1612 3377 potestate
1635 3302 1720 3373 hujus

64 3381 163 3445 Amen,
176 3394 267 3447 amen,
283 3394 373 3433 amen.

100 3466 159 3540 Ego
173 3465 272 3522 Lucius
286 3467 431 3523 Catholicae
447 3467 571 3523 Ecclesiae
586 3467 728 3539 episcopus
740 3485 775 3525 ss.

99 3554 159 3627 Ego
175 3554 313 3612 Corradus
328 3555 485 3610 Sabinonsis
499 3556 640 3628 episcopus
652 3555 741 3612 subsc.

103 3642 162 3716 Ego
178 3643 319 3699 Albcricus
333 3645 480 3700 llostieusis
494 3644 635 3716 episcopus
647 3643 736 3701 subsc.

103 3731 164 3804 Ego
180 3732 273 3787 Petrus
287 3733 447 3788 ,llbanensis
460 3734 601 3804 episcopus
614 3732 703 3788 subsc.

103 3820 164 3892 Ego
180 3820 329 3893 Gregorius
344 3821 432 3891 presb.
449 3820 521 3876 card.
540 3822 578 3875 tit.
595 3821 622 3876 S.
640 3821 741 3877 Callisti
752 3839 786 3879 ss.

104 3909 163 3982 Ego
178 3908 251 3965 Gezo
267 3909 358 3981 presb.
376 3909 450 3963 card.
467 3909 505 3964 tit.
522 3910 554 3965 S.
574 3911 703 3966 Susonuae
717 3928 756 3966 ss.

105 3998 165 4071 llgo
181 3997 330 4070 Gregorius
344 3997 413 4053 diac.
429 3998 502 4053 card.
514 3998 562 4054 SS.
578 3998 675 4070 Sergii,
685 4008 711 4055 et
721 3998 817 4055 Bacchi
831 4016 866 4055 ss.

104 4087 165 4160 ligo
179 4086 251 4142 Otho
275 4085 344 4142 diac.
362 4087 434 4142 canl.
453 4086 481 4142 S.
498 4086 610 4159 Georgii
636 4086 671 4142 ad
694 4088 789 4143 velum
811 4090 868 4143 lu·

65 4192 143 4233 mum
159 4192 195 4231 ss.

104 4264 163 4337 Ego
179 4263 269 4320 Guido
283 4264 354 4320 diac.
370 4265 442 4319 card.
460 4264 509 4319 SS.
527 4265 642 4332 Cosmae,
654 4272 680 4318 et
690 4264 862 4322 Damianiss.

105 4353 165 4424 Ego
181 4353 273 4407 Petrus
287 4353 356 4408 eliae.
373 4352 446 4408 card.
463 4353 491 4408 S.
510 4352 599 4407 llarisc
614 4352 640 4406 in
654 4353 760 4408 l‘orticu
775 4371 811 4408 ss.

103 4441 203 4498 Datum
218 4441 341 4496 Laterani
357 4458 405 4512 por
420 4457 528 4495 manum
555 4441 665 4497 licronis
687 4442 820 4513 capellani
840 4421 907 4497 atD

65 4530 206 4600 scriptoris
221 4531 288 4584 sacri
305 4530 408 4602 palatii,
431 4529 524 4584 ldibus
543 4530 628 4584 llartii
644 4530 738 4586 indict.
758 4547 807 4597 uu,
825 4532 869 4586 ln·

66 4619 231 4676 carnationis
248 4618 397 4674 Dominicae
420 4633 491 4674 anno
517 4619 595 4685 tttt,
611 4619 780 4690 pontificatus
803 4636 867 4678 vero

66 4709 102 4765 D.
118 4707 192 4764 Lucii
209 4709 231 4762 ll
246 4723 324 4780 papm
339 4722 409 4762 anno
424 4723 444 4762 r.

455 4857 488 4910 ll.

65 4955 253 5025 Prlcileqtcm
274 4954 501 5023 confirmationis
524 4954 658 5009 bonorum
686 4955 814 5011 ornatam
837 4958 866 5010 et

97 5027 335 5098 jartamrancae
362 5027 540 5081 Ferrorieust'
567 5026 699 5081 Ecclesiae
726 5042 787 5098 que
814 5028 865 5082 aab

102 5104 238 5169 perpetuo
247 5099 315 5168 jaare
330 5097 403 5151 tedia
417 5096 578 5168 apostolicae
593 5112 659 5152 com
678 5099 863 5168 pertiuentiis

102 5169 233 5225 omnibus
249 5182 309 5225 esre
324 5171 351 5225 ct
366 5170 427 5239 sore
441 5168 619 5223 declaratur.

286 5290 378 5360 (duno
393 5291 473 5360 tttt,
489 5291 568 5347 llart.
588 5292 645 5362 lli.)

189 5414 324 5489 [Santoni.
341 5415 446 5471 dcccl.
463 5416 560 5478 Bolon,
577 5415 597 5480 l,
615 5417 649 5482 ll,
665 5417 740 5486 203]

100 5539 205 5599 cauae
225 5539 382 5612 episcopus,
404 5556 497 5595 serras
520 5556 658 5596 serromm
673 5538 734 5609 Dei,
749 5555 864 5597 uenera-

63 5629 113 5686 bili
129 5627 206 5687 tratri
221 5628 369 5685 Garruorsr
388 5628 551 5686 Ferrarionsi
574 5628 702 5685 Ecclesis
725 5629 861 5703 episcopo,

919 3401 1019 3449 sanctae
1031 3392 1160 3449 llomanae
1174 3392 1301 3448 Ecclesiae
1326 3393 1355 3448 in
1379 3401 1499 3450 sanctam
1522 3392 1718 3450 Ferrariensem

919 3481 1068 3537 Ecclesiam
1082 3497 1132 3553 per
1146 3482 1214 3537 hanc
1228 3481 1384 3538 denationis
1398 3482 1526 3556 paginam
1541 3482 1674 3540 donamus
1694 3488 1720 3537 et

919 3569 1059 3636 tradimus,
1076 3577 1105 3625 ut
1118 3569 1153 3625 ab
1171 3572 1222 3625 lrec
1246 3571 1312 3626 hora
1331 3571 1359 3626 in
1380 3579 1459 3627 antea
1482 3572 1561 3628 liceat
1584 3578 1638 3627 tam
1659 3568 1718 3636 tibi,

919 3658 1074 3714 charissime
1088 3657 1171 3713 lrater
1184 3656 1289 3730 Gripho
1310 3659 1447 3732 episcope,
1473 3677 1553 3731 quam
1576 3674 1717 3716 successo·

920 3746 994 3802 ribus
1010 3746 1069 3811 tuis,
1084 3746 1112 3801 in
1125 3746 1239 3819 singulis
1251 3748 1348 3803 massis
1372 3749 1498 3805 ecclesias
1521 3765 1581 3804 cum
1605 3747 1719 3814 clericis,

921 3834 1094 3907 presbyteris,
1114 3834 1236 3891 diaconis
1258 3835 1384 3893 ordinare
1408 3843 1435 3893 ct
1457 3851 1629 3904 conseerare;
1654 3835 1721 3893 illud

921 3922 1087 3980 omnimodis
1112 3923 1274 3990 sancientes,
1289 3931 1318 3978 ut
1331 3923 1509 3981 Ferrsriensis
1524 3925 1651 3982 Ecclesiae
1667 3932 1722 3981 tots

922 4012 1048 4086 parocbia
1062 4028 1110 4067 sua
1125 4010 1151 4066 in
1163 4013 1223 4081 jure
1233 4019 1259 4067 et
1273 4011 1395 4069 dominio
1408 4029 1441 4069 ac
1454 4013 1599 4086 privilegio
1621 4020 1721 4069 nostre

921 4109 1020 4158 sanctae
1035 4101 1164 4157 llomanae
1177 4098 1310 4157 Ecclesiae
1323 4102 1353 4158 B.
1369 4101 1451 4171 Petri,
1476 4101 1553 4172 cujus
1576 4109 1616 4156 est
1638 4100 1722 4172 patri·

922 4189 1042 4246 monium
1075 4198 1205 4260 perpetuo
1238 4196 1419 4254 conservetur,
1434 4197 1463 4246 et
1476 4189 1511 4244 sit
1533 4205 1641 4260 semper
1671 4187 1721 4244 sub

920 4286 1010 4334 nostra
1027 4277 1159 4334 electione
1183 4286 1263 4350 atque
1283 4277 1507 4336 consecratione:
1525 4276 1718 4348 etquicunque

920 4366 1063 4437 episcopus
1091 4366 1191 4422 electus
1213 4366 1352 4423 ordinatus
1379 4374 1403 4423 et
1433 4373 1604 4422 consecratus
1630 4364 1719 4434 luerit,

921 4454 966 4510 ille
982 4454 1091 4511 honoris
1105 4454 1231 4526 hujusce
1245 4455 1383 4528 potestatis
1397 4455 1550 4528 integritate
1577 4453 1717 4528 iungatur.

922 4543 1069 4600 Comitatus
1087 4551 1175 4599 autem
1193 4543 1369 4600 Ferrariensis
1381 4542 1448 4601 linas
1463 4551 1490 4599 et
1504 4543 1612 4599 termini
1631 4549 1716 4599 sunt:

920 4632 955 4688 ab
970 4632 1080 4689 Oriente
1096 4631 1130 4688 ub
1146 4649 1199 4688 una
1221 4640 1297 4706 parte
1321 4632 1438 4688 lluminis
1452 4632 1518 4688 Padi
1533 4632 1617 4688 altera
1631 4638 1723 4689 nostre

920 4737 1009 4777 masaa
1024 4721 1155 4794 phiscalia
1169 4729 1197 4778 et
1210 4721 1342 4779 veteraria
1357 4738 1441 4792 usque
1455 4721 1489 4777 cd
1506 4722 1608 4779 lessam
1620 4721 1721 4778 Besso·

919 4811 961 4865 nis
976 4816 1114 4866 transcunt
1127 4810 1226 4866 llumen
1242 4810 1333 4867 Sancti
1350 4826 1434 4882 usque
1447 4810 1615 4878 Bucilietum,
1633 4818 1722 4866 trans·

919 4906 983 4953 eunt
1001 4898 1102 4953 llumen
1118 4896 1253 4965 Gabiana,
1271 4915 1319 4970 per
1333 4898 1468 4966 Ludriam,
1484 4898 1654 4955 circumdant
1667 4897 1722 4954 vil·

918 4987 972 5041 lam
986 5001 1126 5059 maguam,
1143 4993 1169 5042 et
1185 4985 1345 5043 lladrariam
1364 4988 1553 5058 pervenientes
1567 5004 1651 5058 usquc
1664 4989 1720 5043 lla·

918 5073 1010 5137 letum,
1028 5083 1056 5130 et
1069 5090 1085 5130 a
1099 5075 1195 5131 llaleto
1211 5084 1326 5148 pergunt
1338 5077 1415 5147 juxta
1429 5077 1548 5150 llrgilem
1564 5076 1717 5132 darianum

917 5179 967 5235 per
982 5162 1094 5235 paludes
1108 5171 1133 5217 et
1149 5163 1276 5236 piscarias
1295 5180 1379 5235 usque
1393 5165 1534 5233 vitricam,
1549 5165 1661 5222 veniunt
1674 5182 1721 5221 us-

917 5268 970 5323 que
986 5251 1085 5308 lassam
1100 5252 1248 5319 Roranam,
1263 5269 1314 5324 per
1336 5252 1436 5310 fossam
1463 5255 1597 5311 buranam
1621 5261 1721 5310 exeunt

919 5340 947 5396 in
961 5341 1073 5408 l’adum,
1089 5339 1256 5398 descendunt
1281 5342 1316 5399 ad
1339 5342 1514 5400 Occidentem
1529 5343 1661 5416 usquead
1675 5343 1719 5402 Ul·

919 5447 993 5486 mum
1009 5429 1169 5500 formosam,
1185 5446 1246 5502 quae
1260 5438 1332 5488 certa
1346 5430 1407 5488 finis
1421 5438 1459 5487 est
1474 5431 1544 5488 inter
1556 5432 1718 5490 llomaniam

917 5526 944 5574 et
971 5517 1191 5592 Langobardiam
1208 5537 1215 5575 t
1232 5520 1267 5577 ab
1281 5521 1367 5577 alters
1390 5529 1481 5578 autem
1503 5529 1579 5594 parte
1599 5520 1718 5576 fluminis

916 5607 983 5665 lines
995 5613 1058 5665 sunt
1072 5606 1197 5665 similiter
1223 5608 1260 5666 ab
1280 5610 1391 5668 Oriente
1417 5608 1493 5667 collis
1506 5609 1541 5666 de
1555 5608 1635 5678 Fine,
1651 5624 1713 5680 qum
