3772 6006
65 250 135 308 liill
450 247 736 308 echiniensis
759 248 792 306 Β.
817 246 951 307 Martini
972 247 1010 306 IN
1035 247 1140 309 Ulllll]
1164 245 1366 308 SUESSlOV.
1684 246 1761 308 tter

60 384 442 456 pueeordrsuntnobis,pro
452 382 497 438 his
507 381 752 454 glorificamuste,
760 383 879 439 licuitne
893 385 921 450 Α
936 382 1161 454 cumjacentium
1173 382 1328 454 implorare
1338 383 1489 452 auxilium,
1504 383 1636 455 dumque
1648 398 1762 439 moran·

58 472 138 541 lesu,
154 472 526 540 laudamusstudoramus,
537 470 758 543 quiaistetotus
771 471 881 528 tructus
935 477 985 529 tur
999 488 1099 529 somno
1114 470 1157 528 vel
1175 472 1280 546 frigore
1296 472 1383 543 tardi,
1398 471 1450 528 ille
1469 472 1662 529 nihilominus
1687 488 1764 544 quae·
1857 522 1861 530 .

59 560 106 630 qui
120 569 270 632 permanet
283 561 311 616 in
322 561 414 616 vitam
428 564 577 626 sternam,
589 558 681 632 pietas
691 567 719 615 at
730 557 880 616 humilitas
936 560 975 618 rit
995 562 1144 619 lucernam
1168 561 1287 619 accendi
1310 567 1340 618 et
1352 561 1494 618 auxilium
1511 561 1566 618 sibi
1582 562 1662 619 larri.
1682 561 1762 631 Cum,

59 665 122 721 quas
138 649 168 705 in
184 656 212 706 te
228 651 403 707 fervescunt.
939 652 1055 709 interim
1067 653 1159 710 sensit
1170 668 1286 709 carnem
1299 652 1356 709 sub
1369 650 1470 723 digitis
1481 650 1673 724 etpanniculo
1683 668 1761 722 pres·

157 738 218 795 Vll.
240 740 277 794 lle
291 740 397 808 semino
416 755 475 812 que
490 754 588 795 nusum
603 739 784 810 recuperauit.
938 759 1002 800 sam
1019 741 1208 811 indolescere,
1226 746 1254 798 et
1271 741 1417 798 nesciebat
1430 741 1577 813 quiscere
1593 746 1638 798 est
1652 741 1717 797 nasi
1732 745 1762 798 ct

96 828 189 884 Unum
206 828 298 886 reiero
320 829 505 896 miraculum,
519 829 605 900 cujus
620 827 717 885 simile
730 831 826 884 utrum
841 827 883 884 lc·
938 829 1006 888 labii
1022 832 1185 901 reformati3
1206 831 1257 887 sed
1277 831 1347 887 dum
1368 831 1474 904 sapius
1494 831 1602 888 reducit
1618 847 1760 904 pannum,

59 918 150 989 gerim
176 919 310 975 nuditum
336 923 388 975 aut
406 918 501 976 visum
527 919 557 974 in
580 918 735 990 preteritis
755 915 882 986 seculis,
937 921 1105 995 sepiusque
1129 938 1180 995 per
1204 921 1280 977 idern
1303 923 1437 978 attrectat
1459 925 1623 978 creaturam
1651 919 1760 977 noviter

60 1008 168 1063 nescio.
196 1007 304 1063 Mulier
318 1008 450 1080 quedam
476 1007 594 1065 nomine
614 1006 773 1064 Gundrada
786 1005 881 1063 virum
937 1012 1128 1085 plasmatam:
1160 1012 1240 1079 Deus,
1270 1011 1375 1082 inquit,
1407 1015 1432 1066 et
1460 1016 1554 1066 structu
1582 1009 1680 1078 Vario,
1710 1010 1760 1066 aa·

59 1097 170 1154 habens
181 1097 763 1168 nomineTheodericum,oornmenonsin
776 1097 884 1171 riparia
936 1103 1013 1171 juva,
1033 1103 1222 1169 licitatorem
1241 1100 1340 1169 Marta,
1362 1100 1478 1172 adjurat
1493 1099 1535 1155 sd
1552 1115 1640 1170 quam
1656 1114 1757 1155 vocem

59 1187 134 1243 ultra
156 1190 285 1244 Axonam
312 1188 433 1245 iluvium
458 1205 518 1261 quc
543 1187 758 1262 praeterlabitur
780 1188 882 1245 urbem
937 1192 1047 1249 turbati
1062 1196 1091 1249 ot
1106 1192 1233 1259 excitati,
1250 1191 1393 1248 maturius
1408 1189 1538 1247 inierunt
1553 1191 1670 1259 iumen;
1688 1193 1759 1246 tune

58 1277 274 1349 suessonicam,
296 1278 330 1334 de
353 1277 421 1334 villa
443 1294 505 1351 qua
525 1279 633 1334 dicitnr
654 1277 882 1350 audiguncurtis
936 1297 1001 1338 vero
1024 1298 1132 1339 novum
1154 1281 1268 1354 plasma
1288 1281 1451 1354 pignusque
1471 1279 1605 1335 redivivas
1628 1294 1759 1336 resurre-

62 1369 267 1439 (oignoncourt)
285 1369 362 1425 inter
382 1373 500 1426 caeteros
518 1385 643 1441 quorum
660 1368 792 1424 membra
805 1366 882 1440 ignis
937 1369 1041 1427 otionis
1051 1371 1081 1426 in
1093 1387 1164 1427 naso
1174 1374 1203 1426 st
1214 1369 1242 1424 in
1256 1367 1335 1425 labio
1345 1368 1408 1439 ejus
1419 1366 1542 1424 delormi
1556 1373 1672 1439 stupent
1683 1364 1759 1423 cele·

59 1456 107 1513 illa
130 1456 277 1528 judicialis
310 1458 496 1531 depascebat,
526 1461 644 1514 venerut
668 1458 704 1514 ad
728 1456 882 1513 ecclesiam
937 1455 1757 1533 brutum,etsttgaudiumquasireducevitaesmortuis.

59 1547 151 1602 beate
168 1550 196 1602 at
216 1546 349 1618 gloriosse
370 1563 540 1620 semperque
565 1545 690 1620 Virginis
711 1545 808 1602 Mariae
824 1545 882 1602 Ge-
937 1552 969 1607 ln
985 1549 1112 1607 crastino
1131 1548 1284 1605 candelam
1305 1563 1357 1619 pro
1372 1546 1534 1619 gratiarum
1550 1545 1664 1602 actione
1678 1543 1757 1601 obla·

59 1635 173 1691 nitricis
191 1636 241 1691 liei
251 1643 277 1692 et
292 1634 409 1692 Domini
420 1636 512 1693 nostri
523 1636 593 1693 lesu
605 1635 722 1703 Christi,
734 1651 818 1708 opem
830 1635 882 1693 lla·
936 1643 1012 1711 tura,
1031 1638 1225 1713 proficiscitur
1247 1637 1282 1694 ed
1307 1637 1409 1694 urbem
1434 1651 1519 1708 quam
1546 1634 1576 1691 in
1599 1633 1664 1690 eliis
1683 1632 1759 1690 votis

59 1725 156 1797 gitens
172 1724 353 1782 medicinalis
364 1726 464 1798 gratiss
479 1727 669 1800 pereamdem
685 1729 809 1782 matram
826 1724 882 1780 mi·
898 1699 921 1767 Β
936 1729 1141 1787 destinaverat.
1158 1727 1233 1797 Quid
1250 1726 1356 1784 mirum
1378 1724 1403 1783 si
1417 1729 1488 1782 tunc
1502 1739 1602 1781 recens
1617 1739 1759 1796 recogno·

58 1815 231 1872 sericordiae.
255 1815 405 1873 invaserat
426 1817 504 1873 enim
528 1816 605 1874 idem
629 1816 704 1888 ignis
729 1815 830 1874 taciem
854 1820 883 1872 et
935 1819 1085 1876 arentibus
1109 1833 1140 1874 eo
1165 1816 1232 1873 lecit
1255 1814 1442 1882 miraculum,
1474 1830 1538 1885 quae
1563 1812 1593 1868 in
1617 1816 1679 1869 tota
1702 1812 1760 1868 rita

58 1922 109 1962 ora
125 1906 268 1977 predictas
284 1904 427 1974 mulieris,
439 1906 538 1978 etjam
554 1922 619 1963 curn
631 1905 751 1963 horrore
766 1905 882 1963 intuen·
935 1925 989 1966 sua
1007 1909 1214 1965 circumferens
1228 1909 1340 1962 tantam
1357 1903 1406 1959 Dei
1421 1902 1663 1969 misericordiam,
1675 1902 1760 1958 testi-

57 1996 131 2053 tium
143 1996 287 2069 quidquid
302 1995 481 2053 carnulenta
494 1996 676 2069 cartilaginis
686 1995 715 2052 ia
732 2013 803 2052 naso
817 1997 882 2068 ejus
935 1997 1067 2055 monium
1084 1996 1186 2052 divine
1206 1995 1304 2068 gratiae
1326 1991 1441 2067 publico
1458 1991 1608 2047 exhibuit?
1622 1989 1758 2046 Vidimus

58 2083 882 2159 prominebat,ctlabiumsuperiusquodnnsosubjscet
936 2104 998 2145 eam
1020 2086 1130 2155 etdos,
1153 2081 1456 2143 ctinresteuratione
1476 2079 1609 2137 bonalicii
1631 2078 1757 2136 innullo
1815 2090 1862 2121 ··

60 2173 198 2246 usquead
211 2174 379 2233 maxillares
391 2179 419 2232 et
438 2176 577 2249 gengivas
588 2175 713 2232 molares
721 2179 794 2246 erat,
805 2175 882 2248 ignis
935 2192 1056 2249 prorsus
1072 2175 1282 2232 detrimentum
1303 2172 1478 2247 patiebatur,
1496 2170 1546 2227 sed
1570 2167 1676 2226 similis
1695 2172 1758 2225 erat

60 2263 193 2319 tabificus
212 2263 393 2336 depopulans
404 2269 577 2336 turpaverat.
589 2265 663 2332 Quid
679 2265 784 2337 plural
799 2265 883 2323 llice·
936 2266 1016 2322 carni
1031 2265 1150 2338 reliqua
1166 2280 1232 2322 caro
1255 2278 1367 2329 recens,
1384 2259 1440 2317 nisi
1456 2261 1525 2333 quia
1540 2259 1697 2332 diligenter
1710 2257 1768 2343 iu·¹

59 2352 214 2409 ricordiarn
232 2354 389 2425 postulavit
403 2358 433 2410 et
447 2352 584 2422 obtinuit,
596 2362 623 2410 et
633 2353 792 2411 exstinctus
807 2358 850 2411 est
865 2372 882 2411 a
935 2356 1086 2412 tuentibus
1103 2354 1228 2411 lucidior
1242 2353 1403 2409 videbatur.
1418 2350 1512 2406 Ardor
1522 2349 1612 2423 igitur
1626 2348 1756 2405 fervens·

59 2441 132 2497 lacic
151 2443 213 2512 ojus
232 2448 357 2499 vastator
376 2443 471 2515 ignis:
489 2444 539 2501 sed
551 2441 764 2516 quiagenersie
778 2447 840 2501 erat
854 2447 883 2501 et
935 2462 992 2518 que
1012 2447 1082 2502 tides
1110 2444 1284 2516 populorum
1308 2457 1367 2498 non
1388 2438 1578 2497 erubescebat
1602 2453 1704 2494 nasum
1729 2441 1758 2494 et

59 2530 411 2603 publicumquasiminus
424 2532 882 2604 miraculumcomputatur,nam
936 2552 986 2592 ora
1001 2536 1064 2606 ejus
1080 2533 1216 2600 osculari,
1231 2533 1314 2605 quasi
1330 2531 1406 2600 quod
1422 2528 1508 2585 modo
1519 2531 1649 2585 recenter
1664 2526 1758 2583 mani·
1859 2566 1863 2573 -

60 2621 172 2690 majora
182 2621 479 2692 sequunturetvirtus
491 2621 662 2677 inusitatain
675 2621 773 2678 eadem
784 2637 882 2693 perso·
938 2626 991 2682 bus
1006 2623 1100 2697 ipsius
1113 2623 1164 2679 Dei
1179 2626 1254 2679 esset
1268 2622 1389 2678 iactum.

59 2726 97 2765 na
108 2709 261 2768 celebrata.
279 2711 398 2768 iuterim
411 2711 479 2769 licet
498 2711 638 2769 bensiioio
649 2711 747 2785 gratia
758 2711 884 2769 caruerit
1074 2712 1149 2770 Vlll.
1167 2715 1203 2770 lle
1217 2712 1298 2784 fabro
1312 2709 1415 2784 perfido
1427 2709 1473 2766 sert
1488 2711 1621 2780 correpto.

59 2802 139 2854 tento
155 2799 265 2867 dolore,
289 2806 460 2857 nontamen
481 2802 570 2858 evasit
588 2800 708 2858 visionis
727 2801 880 2869 honorem,
972 2804 1063 2861 Faber
1079 2802 1217 2862 terrarius
1239 2802 1274 2858 de
1297 2816 1371 2874 pago
1388 2796 1575 2856 hauduoensi
1589 2796 1759 2855 conventio·
1851 2866 1863 2877 ι

60 2887 287 2946 misericordiam
303 2890 480 2961 etjudiciurn
495 2896 577 2947 tuum
591 2890 810 2961 circumferens,
829 2892 882 2948 lio·
936 2909 1003 2950 nem
1015 2893 1243 2950 l'ueratsnnuam
1258 2898 1289 2947 ut
1304 2889 1414 2946 ibidem
1429 2887 1587 2957 suessione
1602 2902 1757 2944 remanens

58 2976 147 3032 minc.
161 2976 247 3033 Omni
262 2994 330 3051 ergo
348 2979 513 3036 occursanti
528 2980 590 3051 jam
609 2978 915 3093 molestastodioesC
936 2982 1073 3039 utensilia
1096 2985 1279 3038 materonum
1304 2979 1445 3045 reliceret,
1467 2982 1496 3033 et
1517 2977 1595 3049 quod
1615 2975 1662 3033 sui
1681 2979 1758 3035 osset

59 3065 146 3122 liobat
161 3072 190 3122 et
208 3074 307 3124 coacta
328 3073 373 3124 ost
388 3068 483 3125 redire
502 3070 538 3124 ad
555 3085 635 3136 snos,
651 3075 683 3125 ut
698 3070 792 3142 gratia
806 3087 879 3126 con·
935 3073 1034 3138 cilicii,
1050 3081 1076 3129 et
1092 3071 1171 3145 quod
1183 3071 1335 3141 iuberetur
1348 3073 1408 3125 toto
1427 3082 1503 3124 anno
1517 3065 1659 3139 expleret3
1674 3071 1757 3140 post·

56 3158 264 3229 sanguinitatis
278 3159 676 3232 temperaretimportsbilem
689 3160 879 3230 eiusconver·
935 3179 968 3219 aa
996 3178 1060 3218 vero
1096 3159 1266 3234 poenitentin
1302 3159 1418 3224 ductus,
1457 3156 1689 3213 circumventum
1725 3156 1756 3211 in

56 3247 879 3320 sationcm‚ssdethocmedoparumproiecit,omnibus
934 3251 1020 3322 pretii
1047 3250 1180 3323 pactione
1208 3243 1757 3317 seaestimans‚propositsoccasione
1801 3246 1805 3253 ’
1837 3248 1840 3257 “

55 3343 117 3395 erat
128 3339 225 3410 gravis
237 3341 270 3395 ad
287 3339 455 3396 videndum.
471 3340 630 3412 compulsa
645 3345 765 3414 estergo
776 3346 880 3414 prater
934 3343 1038 3398 domus
1065 3357 1126 3396 sue
1154 3337 1272 3394 familie
1300 3336 1427 3392 visenda
1442 3339 1471 3392 et
1485 3333 1681 3406 disponendae,
1698 3349 1756 3390 non

56 3427 156 3485 oculos
172 3431 262 3484 totam
275 3429 375 3485 laniem
394 3429 522 3486 madenti
539 3429 697 3502 penniculo
713 3430 879 3500 celeianae
932 3433 1030 3486 tamen
1048 3429 1144 3500 tacita,
1160 3427 1238 3501 qnod
1249 3442 1316 3482 eum
1331 3424 1457 3498 angebat
1472 3422 1589 3496 querela
1603 3422 1639 3480 de
1653 3421 1756 3494 pretio,

57 3516 107 3573 tuli
124 3515 302 3575 adminiculo
322 3517 369 3574 vix
384 3518 495 3590 aliquid
516 3519 649 3591 profecit,
666 3536 723 3590 quo
740 3536 878 3579 excusare
934 3520 1055 3576 domum
1071 3518 1241 3592 regreditur,
1253 3515 1335 3588 qussi
1351 3515 1452 3572 statim
1464 3529 1645 3581 reversurus,
1657 3510 1756 3569 etleve

57 3606 156 3660 odium
168 3610 196 3661 et
208 3622 348 3663 nauseam
363 3608 407 3665 vel
419 3607 558 3665 beneficio
569 3608 760 3667 humanitatis
770 3615 800 3666 st
809 3626 878 3667 con·
932 3615 982 3665 aut
997 3624 1084 3682 grave
1099 3606 1177 3676 quod
1193 3607 1340 3678 pepigerat
1363 3606 1592 3676 prosecuturus;
1615 3606 1644 3658 ct
1668 3601 1755 3657 modo

56 3694 262 3767 sanguinitatis
273 3694 389 3752 velaret.
399 3697 453 3762 Qui
473 3698 657 3768 laceret,quo
674 3715 705 3755 se
722 3699 878 3769 conterret,
933 3698 988 3754 hcc
1004 3697 1151 3754 licentiam
1172 3695 1333 3752 obtinuisse
1356 3693 1473 3759 dicitur,
1498 3691 1578 3764 qnia,
1604 3706 1671 3746 cum
1696 3707 1754 3749 aon

58 3799 209 3855 equorum
225 3786 441 3842 conversatione
455 3803 513 3844 non
528 3787 713 3860 abjiceretur,
731 3805 794 3861 que
810 3805 876 3846 suo·
935 3788 1054 3845 baberet
1068 3787 1171 3842 vadam
1188 3800 1274 3858 quem
1288 3800 1339 3856 pro
1355 3798 1386 3838 so
1402 3783 1496 3851 deret,
1512 3779 1590 3837 dedit
1604 3779 1754 3837 dominam

57 3889 122 3929 rum
133 3873 220 3931 etiam
233 3875 460 3932 domesticorum
479 3877 557 3946 odio,
579 3877 743 3934 maledictis
757 3882 819 3951 jem
836 3895 879 3936 rc-
933 3881 1066 3934 sanctam
1078 3875 1195 3933 llariaru
1215 3874 1315 3930 vadem
1332 3888 1391 3929 sure
1403 3870 1593 3945 regressionis
1603 3869 1754 3928 citissime

56 3963 267 4033 spergebatur?
278 3965 324 4019 Sic
338 3981 407 4036 ergo
420 3966 497 4021 omni
514 3967 685 4023 necessitate
705 3966 880 4025 circumclu·
933 3972 961 4025 st
976 3967 1118 4039 pactionis
1136 3981 1195 4022 suae
1206 3963 1403 4037 perficienda:
1416 3961 1537 4034 sicergo
1552 3960 1625 4018 vade
1639 3961 1755 4018 adscre-

55 4068 98 4119 sa,
115 4052 196 4107 omni
213 4051 342 4107 humana
357 4071 411 4126 ope
426 4056 702 4127 desparsts,utilius
713 4057 795 4114 subit
808 4074 877 4114 con·
932 4058 1025 4114 ditato
1041 4056 1180 4112 dimissus
1203 4059 1258 4111 est.
1283 4052 1358 4108 Turn
1380 4068 1447 4108 vero
1467 4049 1584 4123 qualern
1600 4049 1758 4122 reliquerat

56 4139 154 4195 silium
168 4143 197 4196 et
208 4141 357 4212 copiosius
368 4143 495 4199 occurrit
505 4144 656 4211 auxilium,
672 4150 701 4201 et
713 4147 775 4217 jam
793 4145 878 4218 lrigs·
933 4164 985 4221 pro
996 4163 1026 4203 ss
1037 4147 1139 4203 vadem
1151 4160 1256 4219 parum
1269 4158 1391 4212 memor,
1400 4141 1475 4198 ultre
1486 4144 1686 4213 exspectatum
1698 4155 1757 4196 rno-

55 4235 182 4286 eccntom
196 4230 283 4286 fidem
300 4247 448 4301 revocans,
464 4233 562 4305 culpet
573 4249 604 4290 se
620 4234 713 4306 ipsam
730 4233 807 4290 velut
821 4236 875 4292 im·
932 4243 1011 4295 ratus
1022 4254 1089 4294 cum
1100 4237 1125 4293 ei
1138 4236 1248 4310 placuit
1258 4249 1389 4292 reversus
1401 4237 1455 4301 est,
1468 4236 1567 4305 utpote
1578 4247 1634 4302 quo
1646 4245 1756 4287 renun·
1825 4264 1828 4273 ·

56 4335 170 4374 memor
193 4319 296 4390 prioris
318 4321 449 4378 beneficii
472 4324 616 4396 copiosam
634 4325 663 4381 in
678 4306 876 4383 misericordia
892 4349 915 4415 D
933 4329 1057 4386 tiaturue
1074 4343 1105 4384 es
1122 4325 1197 4382 nolle
1207 4341 1259 4398 pro
1271 4324 1322 4381 tali
1333 4323 1436 4397 pretio,
1449 4322 1478 4377 id
1492 4325 1537 4379 est
1546 4318 1696 4393 sexaginta
1706 4336 1755 4377 so-

57 4411 178 4463 matrem
190 4408 407 4479 misericordie,
419 4411 446 4466 id
460 4417 505 4468 cst
515 4413 620 4469 Christi
630 4414 801 4486 genitricem
814 4415 876 4472 Ma·
933 4418 1059 4474 lidorum
1076 4421 1138 4474 toto
1148 4433 1224 4473 anno
1239 4415 1357 4472 servire.
1370 4415 1446 4470 Tum
1455 4429 1522 4469 varo
1533 4411 1557 4468 is
1571 4410 1620 4482 qui
1634 4414 1755 4483 preerat

56 4497 140 4563 riam,
160 4512 211 4566 per
229 4496 402 4555 oblivionem
419 4499 495 4556 velut
510 4503 719 4573 posthabuerit.
740 4504 877 4562 Rediviva
932 4507 1023 4579 operi,
1040 4523 1107 4563 oum
1123 4522 1181 4579 quo
1192 4509 1221 4562 et
1235 4504 1397 4578 pactionem
1413 4503 1528 4569 lecerat,
1544 4516 1671 4573 arguens
1686 4515 1753 4556 cum

54 4586 146 4658 igitur
162 4587 217 4642 ilde
232 4592 260 4644 et
274 4604 324 4660 spe
343 4589 423 4646 velut
442 4591 530 4647 armis
546 4594 683 4661 accincta,
704 4596 734 4652 in
750 4595 876 4654 crastino
932 4596 1077 4653 mendacii
1088 4599 1117 4653 ot
1132 4595 1293 4651 admonens
1309 4609 1376 4651 eum
1392 4609 1483 4665 poens
1498 4608 1561 4664 que
1577 4594 1753 4663 posseteum
1846 4587 1849 4591 ’

55 4675 159 4730 iterum
178 4681 259 4746 porat
274 4675 417 4746 proficisci
433 4680 468 4733 ad
487 4681 655 4737 memoriam
671 4682 760 4738 beate
775 4693 801 4741 et
817 4685 876 4757 glo·
928 4687 1009 4756 Jusle
1020 4684 1171 4757 consequi,
1188 4685 1256 4758 quia
1272 4700 1329 4741 non
1344 4686 1407 4741 erat
1417 4682 1558 4739 mentitus
1572 4679 1768 4748 hominibus,
1858 4736 1865 4745 ,

55 4765 138 4820 riose
154 4763 282 4836 Virginis
307 4781 373 4837 quse
396 4770 441 4822 eet
462 4767 493 4824 in
518 4770 589 4824 urbe
609 4770 788 4828 Suessonica.
806 4774 877 4830 Con·
932 4777 983 4833 scd
1004 4777 1061 4831 lieo
1081 4783 1106 4832 et
1125 4780 1233 4831 saneta
1251 4773 1364 4829 Maria:
1386 4788 1435 4845 per
1455 4768 1623 4843 quindecim
1644 4768 1707 4825 dies
1722 4781 1753 4824 se

55 4854 128 4911 lecta
149 4854 246 4925 itaque
268 4871 318 4927 pro
340 4870 393 4911 sua
415 4862 584 4927 paupertate
599 4858 718 4915 candela
732 4876 819 4930 quam
835 4865 877 4919 oi·
933 4865 1040 4921 ibidem
1064 4864 1156 4936 gratis
1178 4863 1291 4935 operari
1308 4860 1454 4934 promisit,
1469 4859 1555 4932 qussi
1570 4857 1625 4915 beo
1640 4855 1752 4913 exhibi-

54 4944 142 5000 ierret
153 4943 259 5001 iterum
278 4948 321 5000 est
332 4944 501 5002 dormitum.
515 4947 623 5004 Eadem
635 4954 719 5006 noete
732 4953 875 5009 maturius
931 4954 1010 5013 tione
1022 4953 1133 5012 servitii
1156 4953 1258 5010 merito
1274 4951 1348 5008 liber
1370 4966 1435 5008 esee
1449 4950 1565 5006 deberet
1580 4946 1616 5003 ab
1631 4943 1753 5002 annuali

54 5030 204 5102 evigilans,
221 5036 249 5086 et
267 5031 389 5091 sollicito
409 5050 494 5106 quem
513 5036 601 5092 eitius
616 5037 803 5107 elucesceret,
818 5055 876 5096 me·
931 5045 1047 5102 servitio
1066 5044 1143 5117 quod
1166 5043 1300 5115 prosequi
1325 5040 1452 5098 nolebat.
1472 5036 1523 5094 llis
1541 5052 1610 5110 ergo
1625 5034 1753 5108 quinde-

53 5137 116 5176 mor
131 5123 297 5192 sponsionis
312 5140 372 5179 sure
388 5142 420 5181 ac
442 5126 591 5196 propositi,
608 5126 733 5184 nimium
748 5129 874 5201 prolixas
931 5132 987 5189 cim
1003 5133 1106 5189 disbus
1129 5130 1261 5205 expletis,
1285 5129 1438 5188 recedebat
1461 5127 1636 5184 reclamante
1655 5123 1752 5194 operis

53 5215 163 5276 noctes,
180 5218 277 5283 utpote
292 5218 359 5269 ante
378 5214 585 5285 [aequinoctium
601 5217 717 5274 vernale
732 5222 872 5291 queritur.
930 5222 1096 5294 preposito,
1113 5230 1140 5278 et
1152 5225 1342 5278 succensente
1358 5220 1383 5276 ei
1399 5224 1466 5276 vota
1481 5215 1549 5273 lldai
1564 5222 1593 5270 at
1608 5211 1750 5285 pactionis

52 5302 134 5356 'luno
149 5302 239 5356 sensit
251 5301 379 5360 luxatum
394 5304 508 5362 lluitars
521 5307 708 5379 panniculum
724 5325 810 5382 quem
831 5310 874 5368 ori
929 5309 1052 5380 violate,
1068 5316 1097 5366 et
1110 5311 1194 5368 vadis
1212 5326 1298 5381 quarn
1315 5311 1435 5366 dederat
1453 5307 1634 5364 admonente.
1660 5302 1751 5359 Faber

52 5406 102 5445 suo
118 5390 278 5455 obdiderat,
304 5394 474 5464 quemdum
504 5396 676 5469 restringere
697 5416 874 5472 sursumque
929 5404 1105 5456 tamennon
1131 5400 1229 5457 minus
1251 5400 1280 5456 in
1304 5398 1451 5471 proposito
1472 5410 1647 5469 permanens
1671 5408 1749 5448 rece·

53 5480 190 5536 reducere
207 5480 310 5536 nititur
331 5488 477 5554 etparum
498 5486 873 5557 prolicitrooactecstcir·
929 5490 1026 5546 debat.
1055 5488 1127 5545 Cum
1156 5505 1225 5562 ergo
1253 5489 1408 5546 transisset
1430 5487 1527 5544 villam
1552 5501 1616 5558 qua
1642 5481 1750 5537 dicitur
