3772 6006
164 212 242 279 teti
619 200 818 265 WILLEthl
842 194 1211 262 MALMESBURIENSIS
1234 195 1414 258 Monncnt
1801 201 1812 259 t
1844 233 1848 252 2

162 348 223 407 illie
237 344 409 419 aliquandiu
425 343 552 400 latebras
567 339 742 396 contereret.
770 337 836 393 blaa
855 351 921 391 eum
939 350 991 406 per
1005 337 1032 405 Α
1046 333 1160 403 generis
1176 333 1410 407 magnitudinem
1434 334 1606 393 sanctitatis
1627 336 1733 394 indole
1749 339 1810 395 iaalt
1852 339 1854 378 ἵ

164 439 314 499 somnium
340 432 537 492 restitutionis
552 447 614 487 suae
628 429 733 486 vadem
749 429 885 483 sanctum
901 424 989 482 Cuth·
1046 439 1231 494 perseverans
1241 423 1562 498 estnpinio,languoris
1574 430 1863 507 perpetuodetantn·

164 531 280 588 hertam
307 524 474 599 accepisset,
491 521 600 578 ihidem
626 535 656 576 se
685 516 897 575 monasterium
922 530 990 572 con·
1046 516 1187 586 compede
1212 514 1305 572 nihilo
1334 517 1454 589 segnius
1482 521 1541 574 Deo
1567 520 1853 583 servisse,hcnud1

163 625 345 679 structurum
371 615 430 672 Deo
452 610 601 685 pollicitus
620 617 676 676 est,
695 609 821 679 iecitque
836 605 991 662 ecclesiam
1045 609 1281 661 consummatum
1296 606 1433 662 omnibns
1448 623 1480 663 sa
1489 604 1713 665 invocantibus
1728 617 1822 683 presta
1830 615 1856 671 tl·

164 713 223 767 situ
240 707 358 781 quidem
374 720 425 776 pro
436 699 572 774 angustia
586 698 674 772 spatii
686 698 842 763 modicam,
854 696 904 752 sed
917 711 991 752 novo
1045 697 1176 751 remedia
1196 712 1357 752 occurrere.
1376 698 1484 752 Auctor
1499 697 1706 756 Miceluenais
1726 700 1774 772 [al.
1788 701 1853 759 siae
1885 774 1886 779 ἵ

163 797 327 856 aedificandi
345 795 431 851 mode
444 788 782 865 [compactamouatuor
796 786 876 841 enim
892 788 991 858 postea
1045 785 1186 857 nolensis]
1213 785 1338 842 caenobii
1357 785 1446 852 idem,
1471 786 1524 857 qui
1540 787 1805 859 bliddeltnnensis,
1823 792 1854 849 uh
1885 783 1886 800 ¹

162 888 225 948 solo
254 886 335 944 infixi
352 888 441 940 tetam
458 881 644 952 suspendunt
659 876 825 933 machinam
840 892 847 932 ε
864 878 992 947 quatuor
1044 876 1145 930 eadem
1170 874 1282 931 illectus
1304 892 1403 943 causa,
1420 875 1531 932 similia
1551 878 1690 933 contulit
1710 884 1740 935 et
1753 879 1855 939 villaria

163 975 303 1034 cancellis
319 990 406 1047 opere
421 969 563 1044 sphaerico
575 966 856 1025 incircuituductis.
868 963 990 1020 Suntihi
1045 970 1072 1019 et
1098 962 1288 1036 reliquiarum
1310 965 1394 1020 xenia
1409 985 1416 1034 ;
1434 980 1526 1036 euque
1550 964 1625 1038 plus
1643 969 1726 1038 quod
1751 969 1856 1027 monach

164 1065 301 1124 monachi
313 1062 531 1137 paucinumero
542 1063 571 1114 et
585 1072 739 1130 pauperes,
750 1055 801 1113 sed
812 1055 862 1127 qui
878 1057 989 1124 egesta·
1045 1052 1165 1109 libarius
1184 1053 1353 1110 coelestihus
1373 1058 1498 1125 possunt
1508 1055 1669 1111 excubare
1684 1058 1807 1126 seeretis,
1819 1076 1856 1129 qva

162 1160 223 1214 tam
244 1170 329 1212 suam
353 1152 461 1224 quietis
477 1157 503 1206 et
523 1146 689 1206 solitudinis
711 1160 809 1202 amore
831 1143 875 1201 vel
891 1142 990 1215 magni
1045 1142 1144 1198 minus
1164 1143 1390 1214 frequentantur
1413 1143 1570 1200 hominum
1591 1146 1857 1204 conventiculishd

164 1244 298 1317 pendant
311 1242 354 1298 vel
384 1237 592 1297 consolentur:
608 1235 660 1307 qui
684 1233 786 1290 landes
808 1232 921 1306 patroni
943 1230 989 1287 ani
1044 1231 1123 1287 enim
1134 1231 1214 1287 aditu
1231 1230 1373 1300 diliicilis,
1387 1237 1623 1304 permeaturque
1635 1239 1744 1291 aestate
1760 1236 1856 1308 pedevd

163 1333 258 1392 sancti
274 1327 562 1404 Egelwinlierantin
578 1330 658 1382 aetra
674 1321 838 1396 preconiis,
853 1321 991 1378 sanctita·
1044 1335 1117 1392 equo
1134 1320 1316 1393 plerumque,
1329 1319 1425 1378 hieme
1440 1337 1603 1394 nusquam.
1617 1324 1679 1379 Sed
1696 1325 1733 1380 de
1747 1325 1798 1382 hoc
1809 1328 1856 1385 sah

158 1427 220 1480 tarn
244 1420 374 1478 sentiant
398 1416 546 1474 continuis
565 1413 708 1485 impensis
723 1410 886 1468 beneflciis.
903 1410 989 1465 lllum
1044 1415 1099 1479 est,
1115 1411 1336 1483 flectendusque
1351 1427 1457 1478 sermo,
1474 1428 1534 1484 qna
1550 1412 1656 1485 hujus
1674 1415 1856 1486 provinciam

159 1511 279 1568 tratrem
306 1507 383 1580 regis
407 1505 634 1563 Westsaxonum
657 1501 816 1558 Kenewalh
841 1501 940 1566 luisse,
962 1504 991 1555 et
1043 1504 1112 1556 cant
1126 1499 1250 1571 reliqua.

433 1695 478 1750 DE
499 1691 681 1750 EPISCOPlS
701 1689 961 1757 CRlDlldNSlBUS,
982 1689 1254 1759 EXONlldNSlCUS,
1273 1690 1601 1750 CORNUBlENSlBUS.

195 1828 303 1888 seriem
317 1841 387 1899 ergo
407 1823 602 1881 cridiensium
622 1820 792 1893 pontilicnm
819 1821 865 1877 hic
895 1834 990 1876 sermo
1005 1822 1029 1888 Β
1045 1817 1173 1875 nialihus
1188 1836 1203 1873 n
1217 1819 1314 1876 Sancti
1331 1820 1407 1875 Petri
1429 1821 1614 1877 monasterio
1640 1822 1852 1896 episcopatnnl

159 1915 458 1979 evolvetcridiaest
482 1910 580 1970 villula
610 1912 789 1979 Damnonin,
814 1926 880 1982 quas
899 1907 986 1982 vulgo
1041 1909 1502 1980 canonicosatatuit,quicontra
1524 1927 1649 1967 morem
1667 1910 1852 1985 Anglornmtl

163 2007 272 2064 dicitur
295 2001 498 2072 Devenescira,
512 2018 553 2056 xri
581 1999 713 2056 millibus
740 1999 776 2056 ab
805 1998 924 2067 Exonia,
940 1997 987 2052 hic
1043 1997 1165 2053 formam
1183 1999 1426 2071 lotharingorum
1450 2015 1508 2054 uno
1529 2000 1671 2058 triclinio
1687 2003 1851 2070 comederat,

163 2099 303 2154 sederunt
314 2109 365 2166 per
376 2092 508 2150 ordinem
520 2090 674 2162 pontifices
684 2089 732 2145 isti
743 2105 750 2144 :
760 2088 893 2157 ildulfus,
909 2086 990 2143 Edel-
1046 2103 1102 2143 uno
1117 2087 1252 2145 cubiculo
1267 2089 1439 2145 cubitarent.
1457 2089 1654 2148 Transmissa
1680 2098 1729 2149 est
1752 2093 1851 2166 hujusce

164 2203 226 2259 gar,
243 2183 365 2254 Eiiwod,
380 2182 529 2249 sideman,
545 2178 646 2250 Allric,
663 2177 796 2244 lillwold,
813 2177 913 2233 Ednnd
937 2176 989 2248 qni
1044 2176 1123 2232 modi
1135 2176 1234 2249 regula
1249 2179 1286 2234 ad
1302 2182 1444 2250 posteros,
1457 2180 1597 2249 quamvis
1615 2198 1673 2253 pro
1688 2181 1762 2239 luxu
1778 2189 1851 2254 temps

163 2276 298 2333 emine·
1044 2283 1108 2322 rum
1134 2266 1276 2323 nonnulla
1294 2267 1355 2336 jam
1377 2283 1411 2324 ex
1431 2277 1510 2339 parte
1534 2269 1702 2338 deciderit,
1721 2271 1849 2343 habeatqa

198 2355 988 2436 nivingus,exmonachoWintnniensiabhas'ravisto-
1043 2354 1139 2411 clerici
1167 2372 1352 2413 aeconomum
1376 2357 1571 2430 abepiscopo
1599 2361 1851 2431 constitutumqa'

164 2455 308 2512 keasiset
333 2449 673 2525 episcopusCridiensis,
691 2446 987 2504 maximeiamiliari·
1042 2445 1085 2500 eis
1115 2445 1216 2501 diatim
1246 2447 1411 2502 necessaria
1439 2445 1537 2514 victui,
1564 2450 1734 2506 annuatim
1765 2448 1852 2507 amicti

164 2545 233 2602 tatis
247 2549 276 2601 et
291 2543 426 2617 potentin
437 2542 513 2614 apud
523 2542 685 2596 cnutonem
697 2554 793 2610 regem
806 2537 986 2593 habitasset.
1043 2534 1198 2591 commoda
1211 2541 1362 2609 suggerat.

163 2636 236 2691 Cum
248 2631 511 2690 solianatnarchiae
520 2630 946 2699 multncenversalnstempore
957 2626 986 2681 in
1078 2624 1223 2681 Successit
1243 2626 1352 2682 heirico
1367 2625 1515 2684 Osbernus
1534 2628 1616 2699 regis
1632 2629 1793 2687 Willielmi
1807 2635 1854 2686 isa

165 2724 296 2780 Romano
313 2721 418 2778 itinere
428 2719 579 2778 comitatui
595 2718 736 2784 adhasit;
753 2734 805 2773 nec
821 2716 918 2772 minus
937 2733 986 2772 ex·
1042 2730 1119 2784 pore,
1137 2714 1254 2772 natione
1270 2716 1466 2786 Normnnnus,
1483 2718 1572 2772 irater
1583 2718 1749 2776 willielmi
1765 2718 1853 2794 praeri-

163 2812 273 2884 plicitis
297 2810 375 2882 apud
404 2809 524 2865 Romam
545 2805 678 2878 negotiis,
695 2823 760 2861 cum
787 2820 835 2860 rex
859 2805 987 2876 pedestri
1042 2802 1199 2859 lentissimi
1215 2805 1342 2873 comitis,
1359 2805 1388 2860 iu
1403 2804 1507 2877 Anglia
1522 2807 1580 2862 suh
1599 2807 1755 2867 Edwardo
1767 2808 1853 2881 regal·

161 2901 207 2955 via
245 2898 486 2955 Dauamnrehiam
516 2897 722 2960 contendisset,
754 2893 801 2950 ille
838 2893 985 2965 regiarum
1042 2892 1217 2951 harnliteret
1237 2895 1852 2969 domestiee[ul.domestice]conversatus:

161 2986 351 3059 epistolarum
367 2985 497 3057 bajulus,
512 2989 541 3042 et
555 2984 762 3040 mandatorum
776 2986 929 3038 exsecutor
943 2983 986 3037 ln·
1042 2984 1148 3053 quippo
1172 2984 1221 3055 qui
1245 2983 1446 3056 cognationem
1462 2986 1575 3056 regiam
1598 2986 1705 3045 vicino
1727 2991 1852 3062 attingat

161 3085 256 3146 turns,
277 3075 391 3149 navigio
413 3074 547 3148 Angliam
576 3073 654 3128 venit
671 3090 677 3127 :
695 3071 902 3143 omnibusque,
922 3089 985 3144 qua
1040 3073 1144 3142 gradu.
1162 3071 1242 3128 Unde
1258 3072 1287 3127 in
1304 3072 1480 3128 victualibus
1495 3076 1654 3131 etenteris
1668 3079 1803 3136 rebusad
1815 3080 1853 3135 bs·

159 3169 294 3238 iniuncta
308 3166 436 3237 fuerant,
452 3165 602 3237 sapienter
616 3167 645 3218 et
661 3160 783 3217 mirifico
798 3165 866 3216 ante
881 3162 986 3217 adven·
1004 3124 1132 3232 Cglicos
1143 3162 1473 3234 moresprcnicrparurn
1485 3163 1853 3243 Nerrnannornmpompas

160 3263 225 3316 tum
241 3257 319 3330 regis
334 3255 561 3323 consummatis,
578 3269 611 3310 eo
627 3254 702 3325 apud
719 3267 784 3308 eum
801 3251 900 3323 gratim
917 3268 983 3323 pro·
1040 3250 1230 3322 suspiciebat,
1251 3252 1481 3308 consuetudines
1506 3253 1623 3311 domini
1644 3258 1698 3313 sui
1726 3259 1799 3331 regia
1817 3256 1853 3313 nt

160 3347 262 3414 cessit,
280 3355 311 3402 ut
335 3347 473 3402 defuncto
496 3341 639 3400 avunculo
654 3358 706 3397 suo
722 3340 915 3408 Brithvveldo,
932 3341 983 3411 qui
1038 3340 1131 3396 vvardl
1147 3342 1280 3410 efferens,
1297 3346 1326 3398 et
1341 3358 1406 3398 cnm
1420 3358 1471 3414 per
1485 3342 1560 3398 alios
1577 3345 1797 3405 exhiberentur
1808 3360 1853 3404 aaa

161 3441 222 3493 erat
236 3435 446 3494 cornubiensis
466 3434 631 3505 epiecopus,
648 3432 749 3486 ambos
774 3430 913 3486 arbitratu
929 3446 983 3486 suo
1038 3431 1237 3489 assidentibus
1250 3441 1372 3488 menuet
1385 3438 1466 3506 gestu
1479 3435 1672 3506 adgaudens,
1685 3438 1728 3496 ita
1740 3457 1790 3512 pro
1800 3450 1853 3495 nos

161 3525 260 3581 uniret
274 3524 470 3596 episcopatus,
484 3521 665 3578 Ambitiosus
680 3526 708 3576 et
723 3524 875 3591 protervus
890 3521 983 3576 eccle·
1037 3521 1545 3593 antiquorumpresulumveteribus
1557 3527 1852 3593 contentnaadldtiit,

156 3613 343 3674 siasticarum
356 3612 450 3686 legum
466 3616 659 3686 tyrannus,ut
673 3609 919 3676 lentur,invictus,
934 3609 982 3681 qui
1038 3609 1166 3666 liberalis
1182 3611 1280 3667 animo
1305 3617 1332 3668 et
1354 3618 1452 3669 castus
1467 3613 1636 3671 hebebatur
1652 3633 1788 3690 corpora,
1802 3616 1852 3673 sirii

156 3702 231 3760 nihil
247 3703 329 3776 pensi
346 3701 477 3768 haberet,
495 3699 657 3772 quominus
670 3698 749 3753 cinni
766 3696 909 3753 voluntati
925 3715 982 3752 suaa
1038 3701 1072 3754 ad
1090 3705 1223 3771 quartum
1241 3718 1351 3757 aurnum
1368 3702 1442 3774 regis
1463 3703 1580 3758 llenrici
1598 3705 1783 3765 imminente
1792 3706 1850 3765 senia

156 3793 315 3851 assisteret.
326 3792 458 3865 Denique
473 3789 663 3861 amajorihua
674 3787 923 3860 accepiinus,cum
934 3787 982 3844 ille
1038 3806 1094 3845 non
1112 3793 1210 3862 paucis
1225 3793 1310 3848 annis
1325 3792 1428 3848 luinini
1449 3799 1559 3863 captus.

157 3883 292 3953 spiritum
308 3884 431 3951 etllarat,
447 3886 508 3936 tum
525 3880 710 3936 horrisonum
723 3877 864 3950 crepitum
876 3893 926 3949 per
942 3885 982 3933 tc·
1073 3879 1123 3935 llst
1148 3880 1177 3935 in
1196 3882 1356 3937 liomnonin
1370 3884 1535 3938 coenohium
1552 3888 1778 3945 monachorum
1789 3890 1851 3961 jaan

155 3973 218 4026 tam
234 3971 370 4042 Angliam
385 3970 529 4039 auditum,
543 3972 575 4024 ut
586 3968 705 4023 ruinaet
721 3966 789 4022 linis
800 3966 889 4022 totius
901 3970 982 4037 puta·
1036 3973 1095 4024 Tau
1107 3969 1326 4042 fluvium,quod
1338 3971 1471 4028 Cavistoh
1487 3978 1618 4039 vocatur,
1633 3979 1719 4048 quod
1738 3996 1788 4050 per
1803 3975 1852 4034 ort

157 4064 239 4117 retur
252 4060 343 4128 orhia,
360 4056 745 4124 humatusestTasistolriae,
759 4054 982 4127 quolocimulta
1036 4072 1140 4129 garum
1161 4060 1295 4114 comitem
1318 4060 1576 4131 Dumnonicnsem,
1594 4071 1716 4135 patrem
1744 4066 1851 4129 sifride

155 4148 325 4218 spectabilia
343 4148 697 4216 contulerat,tantamque
712 4145 757 4200 aui
769 4144 891 4216 gratiam
904 4146 980 4216 apud
1036 4165 1100 4220 quaa
1111 4148 1164 4204 luit
1180 4166 1251 4205 uxor
1265 4153 1341 4224 regis
1364 4153 1467 4224 Edgari
1483 4156 1625 4225 surgendi
1643 4160 1812 4230 exordium,
1819 4170 1852 4233 pa

157 4239 315 4295 monachos
343 4238 501 4305 locaverat,
523 4241 554 4292 ut
584 4235 729 4306 hodieque
758 4250 793 4289 xv
835 4236 980 4306 graduum
1035 4242 1188 4315 livingum
1214 4245 1386 4319 episcopum
1403 4247 1550 4302 crescendi
1567 4250 1689 4320 accepit
1703 4254 1849 4327 auspicius

154 4326 288 4386 Psalmos
314 4327 485 4384 continuata
510 4342 561 4399 par
576 4325 982 4382 successoresconsuetudine
1035 4331 1261 4388 locusamoenus
1275 4334 1492 4405 opportunitate
1503 4346 1848 4413 nemorum‚eapturact

154 4434 207 4490 pro
223 4418 288 4488 ejus
303 4417 458 4473 decantent
472 4415 578 4488 quiete.
995 4417 1018 4482 Ι)
1034 4419 1116 4491 piosa
1130 4421 1266 4492 piscium,
1282 4423 1410 4480 ecclesie
1431 4428 1608 4496 congruente
1622 4427 1753 4497 fabrica,
1771 4431 1847 4488 duab

190 4507 264 4563 lluic
289 4511 417 4578 tempore
446 4505 521 4578 regis
537 4503 673 4560 lidvvardi
698 4503 837 4559 successit
852 4503 980 4560 heiricus
1036 4507 1112 4563 libus
1124 4510 1393 4582 rivisperoificinas
1405 4513 1614 4569 monachornm
1628 4516 1846 4579 decurrentibus

154 4595 235 4669 apud
248 4595 438 4668 lotharingos
453 4596 566 4650 altuset
580 4592 751 4664 doctus,qui
762 4592 860 4648 sedern
872 4593 981 4664 episco·
1035 4598 1084 4668 qui
1101 4614 1154 4654 eno
1171 4599 1280 4670 impetu
1306 4602 1400 4669 eiiusi,
1417 4601 1559 4675 quidquid
1575 4603 1753 4665 invenerint
1772 4622 1847 4682 supe

154 4694 239 4760 patus
255 4684 407 4741 transtulit
426 4685 455 4740 in
472 4683 627 4751 civitatem,
643 4700 708 4755 qnoe
724 4687 842 4754 propter
859 4681 979 4738 lluvinm
1035 4684 1136 4756 bunun,
1153 4689 1435 4758 portantinexitum.
1448 4691 1739 4754 Rumonussanctne
1751 4700 1792 4755 ibi
1802 4714 1846 4772 pra

154 4776 256 4842 Eram,
271 4775 321 4847 qui
339 4790 437 4830 muros
462 4774 544 4845 lapsu
561 4789 614 4829 suo
630 4772 773 4840 allambit,
785 4780 903 4827 vocatur
925 4776 978 4827 lix-
1035 4775 1158 4844 dicatur,
1174 4781 1202 4832 et
1213 4779 1292 4848 jacet
1306 4778 1459 4851 episcopua
1471 4780 1698 4853 pulchritudine
1716 4787 1847 4845 decorata

152 4871 257 4923 cestra.
275 4867 353 4920 lianc
367 4864 467 4920 urbem
486 4863 599 4935 primus
614 4878 663 4917 rex
678 4860 863 4916 Ethelstanua
879 4861 908 4916 in
925 4877 976 4933 po·

150 4959 283 5012 testatem
308 4952 465 5026 tnglorum
487 4951 624 5024 effugatis
642 4949 808 5006 Britoulbus
829 4949 975 5006 redactam

150 5045 283 5102 turribus
306 5041 472 5115 insignivit,
488 5057 573 5097 muro
602 5057 636 5096 ex
651 5038 802 5112 quadratis
830 5038 978 5111 lapidibus

152 5135 252 5204 cinxit,
275 5133 323 5190 ubi
346 5149 433 5190 omne
457 5132 529 5190 adeo
550 5130 681 5187 abundat
697 5128 929 5198 mercimonium,
947 5133 980 5186 ut

151 5222 225 5279 nihil
242 5224 349 5280 frustra
364 5223 524 5293 desideres,
540 5222 618 5293 quod
636 5220 764 5276 humano
780 5220 845 5275 usui
866 5218 979 5275 condu-

151 5312 238 5368 cibile
254 5312 369 5383 judices
386 5330 392 5368 :
411 5312 475 5371 licei
499 5310 592 5369 solnm
604 5311 739 5382 jeJunum
756 5314 784 5366 et
797 5309 978 5383 squalidum,

1035 4863 1145 4932 scrinii,
1161 4866 1210 4921 ubi
1223 4866 1304 4922 nulle
1317 4867 1494 4940 scriptorum
1509 4869 1580 4925 fides
1593 4873 1717 4931 assistit
1728 4872 1847 4950 opinioni

1035 4956 1112 5026 quod
1130 4972 1185 5011 non
1203 4956 1297 5012 solnm
1313 4957 1363 5024 ihi,
1382 4959 1430 5013 sed
1443 4958 1471 5014 in
1489 4958 1589 5014 multis
1605 4960 1682 5017 locis
1698 4965 1847 5039 Angliah·

1035 5045 1131 5100 venies
1147 5045 1288 5101 violentia
1304 5046 1474 5104 hostilitatis
1488 5047 1629 5104 abolitam
1641 5066 1770 5110 ornnem
1780 5058 1847 5128 gealt·

1035 5148 1100 5187 rum
1118 5133 1262 5202 notitiam,
1280 5135 1358 5191 nuda
1374 5139 1542 5193 sanctorum
1564 5138 1703 5207 nomina,
1722 5151 1753 5199 et
1768 5144 1793 5199 ai
1806 5152 1846 5215 qis

1035 5222 1121 5277 modo
1131 5225 1317 5294 praetendunt
1329 5224 1471 5281 miracala
1484 5225 1563 5282 sciri.
1576 5225 1722 5285 Cernitur
1735 5233 1766 5289 in
1779 5234 1845 5290 eota

1034 5312 1211 5369 monasterio
1227 5313 1393 5386 sepulcrum
1416 5315 1547 5389 ordgari,
1564 5321 1843 5397 spectaculoqueda

147 5401 198 5458 via
214 5402 329 5459 steriles
354 5418 460 5461 avenas
482 5408 512 5460 et
526 5403 700 5475 plerumque
715 5403 800 5458 inane
815 5400 978 5458 folliculum
1032 5398 1111 5457 citur
1125 5403 1283 5460 enormitas
1300 5404 1442 5462 mausolei
1458 5405 1510 5461 lllii
1520 5405 1741 5480 eluelldulfus
1759 5413 1842 5471 hias

149 5493 212 5550 sine
232 5506 322 5564 grano
337 5491 553 5563 producendis
567 5490 806 5562 heiricusejectis
821 5490 978 5548 sanctimo·
1034 5493 1183 5563 natusest,
1198 5492 1336 5566 gigantea
1352 5493 1439 5554 molis
1450 5498 1480 5553 et
1493 5493 1779 5573 immanisrahoris,
1793 5498 1842 5561 sid
