3750 6000
145 215 194 271 8ll

848 207 938 264 LUCll
958 209 982 262 ll
1004 208 1097 263 PAPAE

1736 216 1790 273 872

143 336 275 393 canonica
287 332 391 405 justitia
406 340 432 389 et
447 329 604 405 apostolica
627 328 701 385 sedis
719 328 889 386 auctoritate.
911 330 939 386 Si
954 331 981 392 Α
995 329 1146 405 diligimus,
1164 332 1217 388 tuis
1234 333 1437 390 rationabilibus
1456 332 1683 406 postulationibus
1698 344 1789 408 pater·

143 442 198 499 qua
212 425 294 498 igitur
307 424 335 478 in
350 422 469 478 laturum
486 419 671 478 ecclesiastica
686 418 862 474 saeeularisve
875 434 941 490 per·

142 528 222 578 sona,
248 513 318 568 hauc
342 518 446 567 nostrae
468 507 666 566 constitutionis
688 508 816 580 paginam
839 507 940 573 sciens,

142 610 235 659 contra
256 617 315 657 eam
340 608 444 656 temere
459 600 553 654 venire
568 597 726 664 tentaverit,
743 595 866 653 secundo
886 605 943 651 ter-

143 691 215 748 tiove
229 689 376 757 admonita,
393 690 415 743 si
429 704 484 744 noo
500 685 684 742 satisfactione
699 700 822 757 congrua
847 701 944 741 emen-

143 778 259 845 daverit,
275 777 417 849 potestatis
432 775 601 846 honorisque
624 773 665 828 sui
688 772 821 847 dignitate
837 779 941 838 careat,

140 881 273 937 reamque
286 882 317 920 se
331 864 423 919 divino
442 863 545 934 iudicio
569 861 706 929 existere,
732 860 766 916 de
790 866 944 932 perpetrata

142 953 283 1026 iniquitate
308 960 471 1025 cognoscat,
489 958 513 1006 et
531 965 548 1005 a
568 949 752 1005 sacratissimo
781 964 895 1020 corpore
917 954 944 1003 et

141 1041 274 1116 sanguiue
297 1040 349 1097 Dei
372 1049 397 1096 et
421 1038 614 1110 Redemptoris
636 1038 701 1093 lesu
725 1037 826 1093 Christi
854 1037 943 1093 aliena

141 1131 197 1196 liat,
211 1140 294 1202 atque
309 1131 336 1184 iu
352 1141 478 1184 extremo
493 1127 619 1183 examine
634 1126 769 1181 districtae
781 1124 875 1180 ultioni
885 1126 943 1180 sub

140 1218 243 1290 jaceat.
274 1218 384 1273 Cunctis
399 1226 488 1272 autem
504 1215 592 1271 eidem
608 1215 669 1271 loco
681 1216 753 1283 justa
768 1213 943 1270 servantibus

140 1306 175 1362 ait
188 1323 240 1378 pax
256 1305 365 1362 Domini
380 1305 465 1360 nostri
480 1303 594 1370 Christi,
610 1312 744 1375 qnatenus
768 1309 795 1357 et
816 1301 859 1358 hic
880 1300 943 1356 iru-

141 1402 214 1451 ctum
228 1394 308 1451 bonae
323 1394 440 1450 actionis
455 1391 618 1463 percipiant,
645 1399 673 1446 et
694 1389 766 1463 apud
788 1389 942 1445 districtum

141 1482 263 1555 judicem
279 1482 393 1553 praemia
409 1490 520 1535 aeternae
535 1478 610 1551 pacis
625 1478 774 1534 inveniant.
795 1481 891 1532 brnen.

177 1571 238 1643 liga
252 1571 364 1639 Lucius,
382 1567 530 1625 Catholicae
543 1566 672 1623 Ecclesiae
687 1568 844 1638 episcopus.

176 1658 237 1730 ligo
252 1658 406 1723 conradus,
424 1656 587 1712 Sabiueusis
600 1655 756 1726 episcopus.

178 1747 239 1820 Ego
254 1746 407 1812 albericus,
423 1745 574 1801 Hostiensis
589 1746 744 1815 episcopus.

181 1835 242 1915 Ego
255 1837 386 1901 Ismarus,
398 1833 567 1890 Tusculanus
582 1832 737 1903 episcopus.

178 1923 239 1995 Ego
263 1924 413 1996 Gregorius
438 1921 579 1994 presbyter
607 1919 772 1989 cardinalis,
795 1920 864 1976 tituli
889 1922 943 1976 Ca-

144 2011 214 2068 lixti.

179 2099 244 2173 Ego
258 2102 387 2168 Thomas,
399 2100 545 2172 presbyter
555 2097 712 2164 cardinalis,
725 2097 794 2154 tituli
804 2097 940 2154 Vestiam.

181 2198 241 2270 Ego
256 2190 426 2258 Gilibertus,
451 2188 596 2260 presbyter
624 2187 785 2254 cardinalis,
816 2187 887 2242 tituli
910 2185 942 2240 S.

82 2300 85 2305 ’
149 2284 247 2343 Marci.

183 2374 243 2447 Ego
258 2368 358 2435 Gnido,
374 2365 522 2438 presbyter
545 2363 702 2433 cardinalis,
718 2364 787 2419 titul.
805 2364 855 2420 SS.
871 2363 943 2419 Lau-

146 2462 229 2518 reutii
239 2470 265 2517 et
281 2456 401 2515 Damasi.

180 2551 239 2623 Ego
254 2545 416 2621 Gregorius,
432 2541 581 2600 cardinalis
604 2542 752 2609 diaconus,
777 2541 829 2598 SS.
853 2539 944 2612 Sergii

147 2639 363 2800 etggdcgiiido,
387 2722 519 2778 diaconus
542 2717 690 2776 cardinalis
707 2717 762 2774 SS.
788 2718 893 2774 Cosmae
915 2724 944 2774 ct

145 2816 557 2977 Ι).11ηέιζηὲειίιιιίιιι,ι1ἱιιοοιιιιι
581 2896 775 2954 cardinalias.
796 2894 889 2951 llariae
916 2893 943 2949 in

143 2992 301 3049 Dominica.

177 3082 236 3155 Ego
251 3078 412 3152 Gregorius,
428 3077 561 3134 diaconus
576 3073 766 3131 cardinalias.
783 3072 893 3147 angeli.

178 3198 278 3257 Datum
293 3192 428 3261 Laterani,
451 3208 500 3263 per
524 3206 633 3245 manum
657 3187 772 3244 baronis
796 3185 938 3258 capellani,

142 3285 297 3358 scriptoris,
315 3298 346 3337 ιιι
363 3282 426 3336 ldus
437 3279 507 3346 blaii,
519 3277 671 3333 indictione
682 3291 729 3343 ιιι,
742 3276 940 3332 iucarnationis

142 3372 295 3430 Dominicae
308 3385 372 3424 aun.
391 3367 470 3433 titt,
487 3364 661 3438 pontificatus
682 3379 748 3420 vero
769 3364 871 3420 domini
885 3363 940 3418 La-

144 3461 179 3519 cii
194 3462 217 3516 ll
232 3474 309 3532 papae
324 3472 388 3513 aun.
403 3473 426 3510 ι.

484 3570 602 3627 XXXVI

143 3675 186 3734 Ad
210 3670 402 3732 ltaiataadam
429 3669 595 3726 loletnaum
617 3665 870 3740 archiepiscopum.
905 3694 950 3714 -.

217 3745 372 3814 Confirmat
385 3741 544 3814 primatum
562 3740 703 3794 Toletanis
717 3738 864 3794 acclesiae.

368 3840 457 3910 (rinno
473 3837 557 3903 llll,
573 3832 636 3888 hlaii
652 3833 708 3902 ta.)

324 3934 435 4010 [nausa
453 3932 559 3990 donati.
576 3930 657 3997 XXl,
674 3927 754 4001 dot}

995 438 1038 477 nae
1054 423 1161 493 pietatis
1171 421 1269 479 ellectu
1277 423 1406 479 duximus
1417 423 1600 483 annuendum.
1609 425 1661 480 Per
1671 440 1791 497 praesen·

997 512 1032 567 tis
1047 528 1115 586 ergo
1140 512 1278 583 privilegii
1302 512 1431 585 pagiuam
1456 510 1609 584 apostolica
1630 510 1791 569 anctoritate

997 603 1148 664 statuimus,
1166 609 1194 655 ut
1208 617 1257 671 per
1271 601 1401 655 universa
1416 600 1609 670 Hispaniarum
1630 616 1716 671 regna
1738 601 1793 672 pri·

998 697 1084 744 matus
1106 688 1229 744 obtineas
1249 688 1420 760 dignitatem.
1444 687 1529 745 Pallio
1553 687 1701 761 itaque,a
1726 688 1793 744 sede

999 779 1150 850 apostolica
1165 785 1217 833 ture
1228 777 1350 832 charitati
1362 792 1504 844 concesso,
1521 776 1549 831 in
1563 776 1702 832 blissarum
1716 776 1794 834 aele-

998 867 1167 924 brationibns
1182 865 1219 921 uti
1234 864 1348 920 debebis
1362 873 1464 920 tantum
1479 864 1506 920 iu
1521 863 1668 937 precipuis
1685 863 1794 922 festivi·

998 954 1117 1022 tatibus,
1144 952 1230 1007 tribus
1251 950 1376 1007 videlicet
1397 949 1494 1006 diebus
1514 950 1543 1005 in
1563 948 1654 1005 Natali
1672 949 1793 1017 Domini,

998 1043 1024 1098 in
1043 1041 1202 1114 Epiphania,
1214 1037 1686 1112 llypopantoulllypapantel,Coeua
1703 1038 1793 1094 Domi-

997 1130 1035 1198 ni,
1061 1131 1177 1186 Sabbato
1203 1138 1310 1195 sancto,
1335 1127 1422 1182 tribus
1446 1126 1542 1183 diebus
1564 1127 1592 1181 in
1617 1127 1739 1194 Pascha,
1767 1126 1795 1181 iu

997 1223 1175 1282 Ascensroue,
1199 1219 1373 1278 Pentecoste.
1398 1216 1426 1270 in
1450 1214 1667 1271 solemnitatibus
1691 1222 1794 1272 sancta

997 1309 1105 1375 blaciae,
1127 1307 1214 1362 sancti
1249 1320 1358 1378 qnoque
1390 1303 1546 1369 Michaelis,
1571 1303 1658 1359 sancti
1680 1303 1793 1360 loannis

996 1397 1131 1470 Baptista,
1142 1397 1169 1451 in
1179 1396 1305 1451 omnibus
1315 1393 1440 1449 natalitiis
1454 1391 1651 1463 apostoloram,
1661 1398 1791 1448 eteorum

995 1500 1154 1560 martymm,
1167 1501 1280 1556 quorum
1292 1483 1408 1556 pignora
1417 1483 1446 1537 iu
1455 1490 1544 1538 vestra
1560 1479 1676 1538 ccclesia
1689 1481 1792 1554 requie

995 1584 1085 1643 scunt,
1108 1575 1194 1631 sancti
1217 1588 1326 1645 quoque
1350 1570 1454 1626 blartini
1475 1577 1502 1626 et
1520 1568 1655 1625 ildefonsi
1677 1567 1790 1626 coales-

954 1683 1099 1744 Bsorum,
1117 1672 1144 1720 et
1157 1661 1277 1719 omnium
1293 1659 1551 1717 commemoratione
1567 1666 1724 1715 sauctorum
1737 1675 1745 1713 t
1760 1657 1789 1713 in

994 1752 1243 1817 consecrationibus
1263 1748 1453 1808 ecclesiarum.
1468 1747 1658 1818 episcoporum
1680 1756 1709 1804 et
1732 1747 1790 1804 cle·

994 1849 1126 1910 deorum,
1149 1841 1176 1896 iu
1195 1855 1285 1894 annuo
1310 1835 1526 1894 consecrationis
1546 1847 1600 1891 tuae
1622 1836 1689 1902 die,
1716 1842 1743 1891 et
1763 1835 1789 1890 in

993 1935 1086 2002 natali,
1102 1940 1128 1988 et
1143 1930 1172 1987 S.
1182 1926 1293 1994 isidori,
1307 1933 1333 1982 et
1344 1923 1467 1981 Leandri.
1476 1925 1621 1979 Primatem
1634 1930 1660 1979 te
1669 1922 1791 1979 uniuersi

994 2022 1184 2095 llispaniaram
1206 2014 1338 2089 praesules
1362 2013 1517 2085 respicient,
1534 2012 1607 2067 etad
1622 2017 1658 2079 te,
1675 2011 1699 2066 si
1725 2012 1791 2084 qnid

994 2114 1065 2169 inter
1080 2126 1128 2167 eos
1138 2114 1262 2164 exortum
1273 2102 1356 2159 luerit
1365 2099 1789 2174 qrraestionedignum,reiereut.

995 2201 1178 2260 salvatamen
1193 2196 1221 2250 in
1235 2192 1363 2250 omnibus
1380 2191 1509 2246 llomeuae
1523 2188 1656 2246 Ecclesiae
1676 2190 1791 2246 auctori·

994 2298 1059 2347 tate.
1094 2288 1192 2343 Verum
1224 2295 1368 2354 personam
1392 2286 1467 2334 tuam
1497 2277 1669 2348 propensiori
1700 2277 1792 2352 qratia

994 2379 1159 2442 retinentes,
1184 2387 1348 2437 censemus,
1372 2371 1403 2423 ut
1426 2365 1511 2423 solius
1525 2365 1639 2422 llomani
1654 2364 1790 2438 pontilicis

991 2465 1094 2540 judicio
1109 2464 1169 2535 ejus
1184 2475 1277 2525 causa,
1293 2457 1316 2512 si
1336 2471 1389 2529 qna
1410 2454 1507 2524 luerit,
1535 2454 1689 2511 decidatur.
1717 2455 1790 2511 Sane

993 2556 1153 2612 'l'oletauam
1168 2548 1316 2605 Ecclesiam
1331 2544 1477 2617 praesentis
1492 2542 1627 2616 privilegii
1642 2542 1790 2598 stabilitate

994 2644 1138 2713 munimus,
1152 2637 1372 2710 complutensem
1385 2634 1410 2689 ei
1424 2632 1579 2703 parochiam
1593 2647 1654 2687 cnm
1665 2632 1790 2688 terminis

995 2735 1063 2799 suis,
1080 2745 1199 2787 necnon
1215 2735 1242 2783 et
1256 2723 1384 2780 ccclesias
1398 2736 1504 2787 omnes,
1520 2735 1589 2793 quas
1600 2719 1664 2790 jure
1679 2721 1790 2792 proprio

994 2821 1142 2894 antiquitus
1173 2814 1329 2889 possedisse
1360 2811 1555 2884 cognoscitur,
1577 2807 1786 2867 confirmantes.

995 2907 1171 2983 Episcopales
1195 2911 1327 2976 preterea
1349 2900 1446 2966 sedes,
1467 2914 1536 2971 quas
1553 2897 1790 2970 inpraesentiarum

956 3002 1066 3087 Cjuste
1078 3007 1104 3052 et
1119 2995 1210 3069 quiete
1233 2990 1367 3064 possides,
1384 2988 1472 3044 eidem
1497 2987 1634 3043 Toletanae
1648 2986 1790 3052 Ecclesia,

996 3102 1123 3162 tanquam
1139 3080 1294 3153 metropoli,
1312 3078 1435 3134 subditas
1447 3093 1509 3133 esse
1523 3075 1788 3133 deceruimusltett·

994 3193 1062 3250 quas
1074 3190 1149 3241 vero,
1166 3187 1228 3245 quae
1244 3167 1361 3241 antiquis
1376 3167 1401 3223 ei
1416 3166 1584 3237 temporibus
1599 3164 1789 3235 subjacebant,

994 3282 1055 3323 cum
1070 3262 1202 3320 Domiuns
1216 3258 1389 3329 omnipotens
1404 3255 1617 3311 Christianomm
1639 3253 1789 3309 restitnerit

995 3351 1138 3428 potestati,
1164 3364 1220 3404 sure
1240 3345 1400 3418 dignatione
1424 3343 1634 3409 misericordiae,
1649 3340 1684 3397 ad
1707 3347 1789 3413 caput

994 3441 1134 3515 proprium
1149 3435 1316 3500 referendas,
1335 3434 1435 3488 decreti
1452 3432 1532 3502 hujus
1547 3430 1710 3486 auctoritate
1723 3445 1791 3484 san·

994 3532 1090 3588 cimus.
1108 3528 1191 3583 Porro
1204 3524 1310 3581 illarum
1324 3521 1458 3578 dioeceses
1478 3520 1627 3588 civitatum,
1643 3534 1705 3590 quar
1718 3518 1792 3574 Sar·

994 3618 1101 3676 racecis
1116 3612 1307 3672 invadentibus
1320 3608 1684 3680 metropolitanosproprics
1694 3606 1794 3664 amise-

993 3716 1063 3773 runt,
1083 3721 1116 3762 eo
1138 3712 1232 3760 tenore
1247 3708 1345 3756 vestrae
1364 3696 1522 3768 subjicimus
1537 3696 1642 3762 ditioni,
1657 3704 1688 3752 nt
1702 3694 1792 3768 quoad

994 3797 1053 3853 siue
1069 3791 1187 3866 propriis
1202 3789 1359 3847 exstiterint
1380 3785 1604 3857 metropolitanis,
1621 3784 1669 3841 tibi
1683 3792 1711 3840 ut
1725 3799 1792 3857 pro·

993 3885 1054 3958 prio
1078 3884 1195 3940 debeant
1218 3878 1371 3948 subiacere.
1393 3876 1423 3931 Si
1439 3891 1500 3948 quse
1514 3882 1604 3930 autern
1624 3873 1792 3945 metropoles

993 3974 1021 4029 in
1036 3981 1135 4027 statum
1148 3967 1247 4025 luerint
1268 3965 1411 4039 propriam
1435 3965 1569 4020 restitutae
1585 3981 1593 4019 ε
1611 3977 1661 4018 suo
1675 3977 1792 4035 quaeque

179 4064 281 4120 ¹⁴⁰0¹⁰⁸
291 4060 447 4132 elli⁵⁰⁰ll¹1³·
457 4072 554 4112 ³0lll¹⁸
564 4050 939 4119 80110111ῐῖ1Ῑ)θῑι1’θῦ1ἒῐίὶῑ)ὓῑ
993 4062 1122 4118 dioecesis
1146 4055 1359 4129 metropolitano
1383 4053 1551 4121 restituatur,
1565 4059 1596 4108 ut
1610 4052 1660 4107 sub
1685 4050 1790 4123 proprii

145 4154 223 4210 fiairi
246 4154 395 4207 ΒΑΝΙΙΝΒΟ
417 4147 549 4202 T⁰¹0l⁸ss0
570 4143 797 4212 alsshisslllssfflmr
823 4142 939 4212 ejusque
994 4151 1130 4225 regimine
1152 4145 1270 4220 pastoris
1289 4159 1372 4214 super
1386 4141 1476 4197 [livini
1500 4141 1645 4198 collatione
1660 4138 1790 4197 benellcii

144 4240 351 4299 ⁸1¹000⁸⁸0lib⁰⁸
382 4235 513 4294 ⁰⁸⁰⁰⁰l⁰⁰
545 4231 743 4289 ⁸¹¹b⁸²i¹l¹²¹¹di³
774 4230 802 4285 in
835 4244 938 4301 perpe·
994 4240 1136 4315 glorietur.
1180 4236 1212 4291 Si
1233 4249 1289 4306 qua
1310 4232 1393 4304 igitur
1407 4230 1434 4285 in
1461 4230 1578 4285 laturum
1598 4229 1790 4286 ecclesiastica

143 4338 232 4387 tuum.
993 4343 1112 4401 persona
1134 4333 1179 4381 aut
1197 4320 1340 4379 saecularis
1363 4321 1432 4376 lianc
1455 4327 1557 4376 nostrae
1588 4317 1789 4375 consututionis

178 4419 364 4474 Sacrosaucta
379 4414 503 4470 Romana
534 4417 561 4466 et
593 4407 744 4480 apostolica
766 4406 889 4464 Ecclesia
912 4385 1121 4490 eleaginam
1136 4415 1236 4479 scions,
1252 4421 1305 4468 ιιι,

141 4509 202 4580 59⁸0
217 4506 363 4562 Saliam
382 4502 502 4558 ΟΜΝΗ]
517 4499 634 4555 D⁰ffii¹¹0
647 4498 712 4554 ³⁸⁸⁰
728 4497 836 4552 Christo
858 4501 939 4566 cliui
1024 4508 1124 4562 Datum
1139 4502 1263 4559 Laterani
1286 4517 1337 4573 per
1360 4516 1456 4556 manus
1476 4497 1589 4554 baronis
1611 4495 1747 4570 capellani
1762 4504 1789 4553 et

141 4605 168 4653 et
191 4596 272 4651 cardo
295 4602 337 4649 ea
354 4591 539 4647 Ecclesierum
562 4587 682 4643 omnium
700 4587 856 4642 consortia.
876 4585 937 4640 Non
989 4594 1136 4666 scopinae
1154 4608 1184 4647 ιιι
1200 4592 1264 4647 tuus
1278 4591 1358 4659 ιιιι,
1375 4589 1522 4645 indictione
1537 4602 1591 4651 ιι,
1607 4586 1789 4665 reserationis

141 4686 219 4742 delei
231 4683 314 4755 igitar
327 4697 341 4737 θ
356 4681 446 4751 ellll¹⁰
464 4678 585 4733 membri
595 4675 739 4741 ἀῑθθῑᾱθῐθι
751 4670 937 4730 δθᾰθῦὶίῡθϋῑῑ
988 4683 1138 4743 Dominicae
1150 4696 1222 4737 anno
1234 4681 1312 4748 llil,
1325 4678 1497 4752 pontilicatus
1512 4690 1578 4733 vero
1591 4674 1696 4732 domini
1713 4675 1788 4733 Lucii

141 4774 237 4831 rationi
252 4781 279 4828 et
294 4784 420 4841 supernae
434 4765 584 4838 provisioni
597 4763 693 4835 capitis
708 4763 832 4818 obedire.
845 4763 937 4815 blodo
989 4789 1068 4845 9⁸9ae
1081 4774 1105 4828 ῃ
1119 4785 1190 4826 ,nno
1204 4785 1223 4824 ι,

138 4862 220 4921 retr-ix
251 4870 340 4916 antem
372 4855 500 4913 discretio
522 4853 637 4926 capitis,
652 4851 820 4924 singulorum
847 4865 936 4905 menr-

140 4953 251 5009 brorum
275 4948 410 5006 officiosas
430 4947 551 5002 actiones
569 4942 773 5010 conioederans,
789 4938 935 5011 uuicuique

136 5043 182 5113 jns
197 5049 224 5099 et
238 5041 363 5096 ordinem
381 5044 508 5093 enatura
523 5032 697 5090 constitutum
722 5031 848 5085 distincte
867 5044 935 5084 con·

141 5139 241 5195 servat,
253 5137 281 5184 et
293 5128 448 5200 quibusque
460 5123 599 5179 nobilibus
615 5118 764 5177 venustatis
778 5134 836 5174 suae
850 5117 937 5191 digni·

140 5226 232 5283 tatem,
247 5220 308 5271 siue
323 5215 463 5281 individia,
475 5212 568 5269 sociali
583 5210 715 5268 charitate
731 5208 858 5265 custodit.
880 5208 935 5263 Hac

139 5305 224 5379 igitur
239 5305 340 5361 inducti
364 5305 475 5373 ratione,
498 5302 630 5357 bonorem
653 5297 752 5354 nobilis
769 5305 796 5353 et
820 5296 935 5352 famosas

140 5394 277 5452 'Laletanae
291 5392 429 5460 Ecclesiae,
446 5390 602 5462 apostolicae
616 5388 689 5444 sedis
703 5387 820 5460 propriae
832 5392 858 5441 et
868 5400 934 5456 spe·
1023 5382 1187 5455 apostolicae
1208 5381 1281 5438 sedis
1299 5379 1445 5437 clementia
1463 5376 1582 5451 siugulis
1602 5375 1739 5446 ecclesiis,
1757 5384 1786 5435 et

1328 4866 1469 4923 XXXVll.

991 4997 1031 5055 Ad
1045 4993 1268 5066 archiepiscopos
1282 4994 1312 5048 ct
1324 4991 1465 5062 episcopos
1476 5003 1528 5061 per
1538 4987 1693 5060 Hispanias
1702 5004 1786 5046 cana-

1124 5068 1237 5121 tr'tatoa.
1253 5093 1288 5104 -
1304 5062 1343 5117 lle
1355 5062 1451 5117 codem
1470 5063 1648 5129 ornamenta.

1210 5162 1301 5232 (huno
1317 5159 1395 5227 tttt,
1418 5157 1481 5212 blaii
1498 5157 1561 5226 ta.)

1165 5256 1279 5332 [binnan
1297 5256 1415 5324 dorecil,
1431 5251 1605 5326 xx1,oto.1

139 5483 218 5543 ciclis
233 5482 308 5550 filie,
323 5481 452 5538 volumus
470 5493 633 5536 conservare
651 5493 658 5532 :
673 5475 801 5548 ideoque,
816 5488 933 5531 venera-
987 5470 1182 5532 ecclesiasticis
1196 5469 1334 5542 personis,
1346 5482 1425 5525 suam
1439 5466 1598 5540 dignitatem
1614 5471 1642 5521 et
1651 5464 1785 5536 iustitiam

137 5572 200 5632 bilis
209 5572 295 5631 frear
306 5568 469 5639 hamunde,
479 5563 671 5641 quemi-enain
680 5562 789 5623 cbristo
800 5561 933 5622 charitate
986 5574 1098 5620 servam
1111 5565 1326 5618 consueverant.
1342 5554 1421 5614 Unde
1434 5568 1497 5625 nos,
1512 5568 1627 5628 quaram
1640 5552 1785 5629 praecipua
