3750 6000
63 202 106 256 tili
653 200 830 263 uetsvola'
843 200 888 260 ΕΤ
903 198 1125 261 salvitatem.
1657 208 1708 263 ota

63 341 119 382 mas
137 340 155 381 a
173 324 253 382 vobis
272 326 386 398 exigere
404 338 565 400 prasumat.
586 328 682 386 Oleum
702 343 768 384 vero
787 329 898 390 sau-A
947 329 1008 403 ligo
1023 331 1118 386 Petrus
1142 328 1212 386 diac.
1239 328 1316 385 card.
1336 329 1443 387 Sanclae
1466 330 1557 387 biariae
1579 331 1607 387 in
1621 332 1707 406 nqui-

63 424 143 481 ctunr,
154 415 377 472 consecrationes
392 416 517 473 altarium
538 433 586 473 seu
606 417 788 483 basilicarum,
809 431 859 470 or·
912 432 944 474 ro
959 434 998 471 ss.

63 504 217 560 dinationes
233 503 391 562 clericorum
405 507 451 578 qui
469 508 505 562 ad
521 523 615 564 sacros
630 507 741 562 ordines
760 504 860 560 luerint
951 507 1009 577 Ego
1031 506 1126 562 Petrus
1140 505 1214 562 diac.
1240 506 1320 563 card.
1348 506 1455 564 Sanctae
1479 508 1572 563 illarius
1597 509 1625 563 in
1640 510 1708 564 i‘or-

63 593 252 664 promovendi,
265 609 280 648 a
291 594 449 652 dioecesano
461 597 615 668 suscipiatis
629 596 767 667 episcopo,
778 593 861 665 siqui·
914 593 969 650 ticu
984 611 1022 649 ss.

63 683 123 737 dem
139 682 399 751 Catiroiicusiuerii,
413 692 440 739 et
461 685 576 757 gretiam
590 688 673 756 alque
687 682 859 738 communio·
950 684 1017 737 Dat.
1039 683 1099 737 Lat.
1118 699 1167 755 per
1182 700 1294 739 manum
1318 683 1434 739 Gerardi
1458 693 1558 740 sanctae
1580 687 1711 743 Romanas

63 786 125 826 nem
138 771 383 841 apostolicaesedis
395 773 530 841 babuerit,
542 773 708 844 eteagrntis
719 779 745 828 et
756 771 860 842 absque
913 770 1046 827 Ecclesiae
1064 772 1187 844 presbyt.
1217 772 1351 829 cardinal.
1372 789 1404 828 ac
1423 773 1630 838 bibliothecarii,
1663 773 1706 829 id.

62 858 194 930 pravitate
213 859 305 931 aliqua
332 861 411 916 vobis
430 861 560 917 exhibere
587 861 720 929 voluerit;
740 858 861 931 alioquin
915 861 1213 927 Febr.,1ncarnationis
1224 861 1373 918 Dominicae
1386 877 1458 918 anno
1471 863 1548 926 illi,
1565 864 1658 918 indict.
1674 881 1710 930 ιι,

62 946 146 1003 liceat
161 946 241 1002 vobis
254 947 423 1005 Catholicum
439 965 629 1021 quemcunque
644 948 792 1005 malueritis
809 947 861 1002 atl-
915 947 1089 1020 pontificatus
1108 950 1288 1007 verodomni
1314 950 1465 1008 innocentii
1489 952 1512 1006 li
1538 967 1617 1024 papae
1639 968 1710 1008 anno

61 1035 101 1093 ire
111 1035 270 1105 antistitem,
281 1037 326 1109 qui
340 1037 471 1093 nimirum
483 1043 579 1094 nostra
589 1038 673 1094 iulius
688 1036 860 1104 stratoritate,
915 1053 978 1093 xrrr.

61 1124 133 1198 quod
153 1125 304 1196 postulatur
330 1125 484 1199 indulgeat.
514 1126 638 1184 Obeunte
662 1142 728 1184 vero
746 1134 772 1182 te
791 1141 863 1183 nnnc

62 1214 191 1286 ejusdem
207 1214 261 1271 loci
275 1214 377 1286 priore,
394 1216 559 1272 veltuorum
580 1216 702 1287 quolibet
720 1231 864 1273 successo.

62 1319 131 1372 rum,
152 1302 245 1359 nulius
264 1302 302 1358 ibi
324 1303 448 1376 qualibet
477 1305 661 1376 subreptionis
687 1304 787 1360 astutia
814 1319 864 1359 seu

62 1391 192 1449 violentia
211 1400 399 1464 preponatur,
429 1393 477 1450 sed
508 1394 589 1449 liceat
617 1392 696 1450 vobis
726 1391 864 1449 communi

61 1481 186 1550 consilio,
202 1489 229 1538 et
240 1481 300 1552 pari
313 1497 450 1539 consensu
466 1483 508 1538 vei
523 1491 601 1554 parte
615 1482 720 1539 consilii
734 1481 862 1552 sanioris,

61 1570 211 1627 secundnm
238 1569 286 1626 [lei
307 1571 431 1626 timorem
448 1580 474 1626 et
488 1570 559 1627 beati
573 1572 720 1644 Augustini
740 1571 862 1643 reguiam

62 1659 166 1730 absque
176 1658 257 1714 ullius
265 1660 482 1716 contradictione
494 1660 617 1731 priorem
635 1660 748 1733 eligere.
759 1659 860 1732 Sepul-

62 1757 149 1804 tursm
165 1748 372 1821 quoqueipsins
394 1747 447 1804 ioci
466 1749 580 1804 liberam
595 1766 656 1804 esse
672 1750 858 1815 concedimus,

62 1844 92 1892 ut
105 1853 202 1893 eorum
214 1836 296 1909 quise
308 1837 364 1894 iilic
374 1837 485 1908 sepeliri
496 1838 707 1894 deliberaverint
723 1838 861 1894 devotioni

63 1934 89 1982 et
115 1933 248 1982 extremae
277 1924 429 1992 voluntati,
450 1926 502 1981 nisi
535 1926 605 1983 iorte
634 1926 860 1982 excommunicati

62 2014 123 2079 sint,
144 2014 236 2069 nuilus
254 2013 377 2081 obsistat,
394 2015 576 2070 salvatamen
593 2015 713 2071 matricis
730 2015 862 2071 Ecclesiae

1224 1128 1399 1186 btxxxvn

988 1215 1173 1289 Priniicqium
1186 1232 1237 1289 pro
1252 1219 1371 1274 ecclesia
1384 1217 1639 1290 Sprinqiriracensi.

1129 1305 1220 1377 (inno
1235 1306 1313 1373 illd,
1339 1306 1419 1361 Febr.
1439 1307 1499 1378 Ξῖ.)

1002 1418 1162 1489 [Guurnam
1182 1420 1244 1476 dod.
1263 1421 1380 1492 diplom.
1392 1422 1507 1491 dicasti..
1521 1423 1542 1490 Ι,
1554 1424 1628 1498 28η

954 1535 1146 1592 innocencius
1175 1537 1331 1608 episcopus,
1352 1555 1448 1595 servus
1476 1555 1624 1597 servorum
1650 1542 1712 1611 Dei,

918 1623 1026 1679 dilectis
1061 1623 1122 1679 liliis
1151 1626 1295 1681 iircnnnno
1324 1626 1414 1682 abbati
1443 1629 1716 1699 Sprenkirsbacensis

918 1713 1052 1777 ecciesiae,
1079 1714 1194 1786 ejusque
1208 1714 1337 1770 lratnbus
1359 1725 1414 1771 tam
1437 1720 1619 1788 praesentibus
1634 1737 1715 1792 quam

915 1802 1011 1857 suturis
1027 1803 1184 1875 regularem
1201 1803 1285 1859 vitam
1299 1805 1429 1875 professis
1444 1806 1471 1860 in
1487 1816 1658 1879 perpetuum.

952 1924 1065 1993 Quoties
1088 1924 1156 1981 illud
1179 1926 1290 1982 anobis
1315 1928 1414 1998 petitur
1438 1929 1511 2001 quod
1535 1930 1661 2003 religioni
1688 1941 1716 1990 et

916 2015 1052 2069 honestati
1076 2015 1222 2071 convenire
1246 2017 1431 2087 cognoscitur,
1461 2018 1551 2074 animo
1567 2036 1618 2076 nos
1638 2022 1717 2079 decet

62 2103 178 2173 justitia.
195 2105 376 2160 Decernimus
390 2118 458 2175 ergo
473 2111 500 2159 ut
515 2104 584 2159 nulii
598 2104 708 2159 omnino
723 2104 862 2160 hominum
918 2102 1013 2157 libenti
1027 2104 1180 2159 concedere
1196 2112 1223 2160 et
1237 2106 1385 2175 petentium
1405 2106 1550 2162 desideriis
1564 2124 1717 2181 congruum

65 2192 145 2248 liceat
164 2193 306 2263 praeiatem
335 2193 480 2250 ecclesiam
507 2200 612 2249 temere
631 2194 796 2264 perturbare,
819 2199 864 2248 aut
917 2191 1048 2262 impertiri
1073 2190 1246 2266 suffragium.
1266 2195 1429 2265 Eapropter,
1449 2195 1539 2251 dilecti
1554 2197 1581 2251 in
1601 2198 1716 2256 Domino

67 2281 122 2350 ejus
145 2281 335 2353 possessiones
372 2283 490 2350 auferre,
529 2283 572 2338 vel
601 2282 705 2338 ablatas
734 2283 863 2349 retinere,
918 2279 978 2347 liiii,
991 2280 1155 2335 venerabilis
1170 2280 1259 2336 iratris
1273 2282 1361 2336 nostri
1385 2283 1529 2339 alberonis
1548 2285 1716 2342 Trevirensis

68 2371 198 2438 minuere,
220 2387 269 2427 sea
286 2371 423 2443 aliquibus
446 2371 634 2429 vexationibus
658 2370 790 2444 latigare;
816 2371 865 2426 sed
919 2368 1128 2440 archiepiscopi,
1157 2369 1283 2441 precibus
1297 2370 1428 2437 inclinati,
1451 2373 1551 2428 vestris
1563 2374 1643 2442 justis
1664 2393 1716 2447 po·

69 2458 159 2514 omnia
171 2459 489 2532 integraconserventur
499 2476 607 2527 eorum,
624 2474 674 2531 pro
690 2475 805 2532 quorum
816 2470 868 2532 gu·
919 2457 1112 2513 stolationibus
1137 2457 1287 2514 clementer
1315 2459 1461 2515 annuimus
1489 2468 1515 2516 et
1541 2461 1716 2520 donationem

70 2547 227 2605 bematione
256 2555 283 2604 et
301 2548 497 2605 sustentatione
520 2564 652 2605 concessa
678 2556 751 2619 sunt,
771 2548 867 2604 usibus
919 2545 1086 2618 parochialis
1101 2546 1237 2614 ecciesiae,
1255 2563 1315 2619 qnae
1339 2546 1439 2604 dicitur
1459 2547 1487 2602 in
1510 2550 1600 2606 bionte
1625 2551 1717 2609 Sancti

69 2636 232 2692 omnimodis
246 2636 402 2707 prolatura,
428 2638 503 2693 saiva
528 2647 618 2693 tamen
640 2637 790 2694 dioeeesani
811 2637 868 2710 epi·
920 2633 1003 2700 Petri,
1021 2651 1081 2706 quae
1093 2643 1133 2689 est
1144 2643 1231 2691 mater
1246 2635 1366 2692 ecclesia
1382 2652 1444 2692 cum
1459 2638 1578 2710 quinque
1593 2640 1717 2697 ecclesiis

69 2726 141 2797 scopi
159 2724 426 2794 canonicajustltia.
452 2725 480 2782 Si
507 2742 559 2797 qua
584 2725 667 2799 igitur
693 2727 721 2782 in
745 2727 867 2782 iuturum
920 2722 956 2777 ad
985 2738 1045 2778 eam
1067 2724 1262 2795 pertinentibus
1289 2723 1316 2779 in
1341 2725 1454 2780 totidem
1478 2726 1560 2795 viliis,
1591 2728 1718 2787 videlicet

70 2813 259 2872 ecclesiastiea
270 2813 448 2871 secularisve
464 2830 596 2887 persona,
612 2816 681 2872 banc
696 2824 795 2872 nostrae
804 2832 869 2872 eon·
922 2811 1106 2878 Pondericha,
1135 2812 1280 2885 Keymeta‚
1310 2813 1403 2880 Cella,
1434 2814 1518 2870 ilerIa
1544 2823 1571 2871 et
1598 2817 1716 2892 Currey,

68 2903 215 2960 stitutionis
225 2903 353 2976 paginam
364 2903 465 2971 sciens,
477 2911 572 2960 contra
585 2919 645 2959 eam
656 2911 760 2961 temere
775 2905 868 2961 venire
921 2900 1151 2972 quemadmodum
1161 2917 1176 2956 a
1187 2901 1300 2973 praeiato
1312 2901 1397 2958 iratre
1406 2911 1502 2958 nostro
1512 2905 1718 2978 archiepiscopo

69 2992 358 3058 tenusverit,secundo
374 2993 489 3048 tertiove
504 2993 678 3059 commonita,
701 2993 724 3048 si
747 3009 802 3049 nou
817 3008 867 3048 sa·
921 2990 1034 3044 fratrum
1051 3006 1161 3045 snorum
1177 3005 1314 3047 consensu
1337 2991 1417 3047 vobis
1438 2993 1570 3050 canonice
1589 2996 1659 3051 iacta
1678 3005 1721 3057 est

69 3078 224 3137 tisisetione
238 3095 363 3152 congrua
378 3081 575 3148 emendaverit,
589 3082 732 3153 potestatis
746 3082 868 3137 honoris·
883 3045 908 3110 C
923 3084 949 3134 et
964 3079 1064 3148 scripto
1083 3094 1133 3134 suo
1153 3076 1267 3147 firmata,
1294 3079 1452 3136 anctoritate
1476 3082 1627 3152 apostolica
1651 3101 1719 3140 con·

69 3184 119 3241 qne
134 3168 176 3223 sui
191 3168 324 3241 dignitate
338 3178 437 3237 careat,
454 3185 585 3243 reamque
608 3186 637 3226 se
653 3170 744 3227 divino
764 3170 869 3240 judicio
923 3166 1064 3221 firmamus
1078 3175 1105 3222 et
1127 3167 1272 3238 praescntis
1287 3168 1382 3240 scripti
1395 3169 1496 3242 pagina
1510 3173 1717 3239 communimus,

70 3257 187 3313 existere
203 3256 405 3329 deperpetrata
419 3259 561 3331 iniquitate
576 3268 735 3333 cognoscat,
751 3267 778 3316 et
792 3275 808 3315 a
822 3276 869 3315 sa·
924 3262 1074 3311 statuentes
1090 3263 1119 3310 ut
1134 3271 1311 3330 quascunque
1334 3260 1536 3328 possessiones,
1552 3277 1721 3333 quaecuuque

71 3345 224 3402 cratismmo
238 3360 354 3417 corpore
378 3362 410 3404 ac
432 3348 568 3421 sanguine
583 3349 634 3405 Dei
651 3357 677 3404 et
691 3349 800 3405 Domini
814 3351 869 3405 lte-
923 3342 996 3399 bona
1010 3344 1106 3400 eadem
1122 3345 1241 3401 ecclesia
1255 3345 1491 3417 inpresentiarum
1502 3349 1574 3418 juste
1593 3358 1619 3404 et
1634 3365 1719 3407 cano-

71 3433 224 3507 demptoris
238 3435 326 3490 nostri
344 3437 408 3492 iesu
431 3437 533 3493 Christi
554 3437 643 3493 aliena
667 3436 722 3505 liat,
746 3445 828 3510 atque
842 3437 870 3493 in
923 3433 984 3489 nice
999 3433 1131 3504 possidet,
1144 3442 1191 3490 ant
1199 3434 1226 3489 in
1242 3434 1544 3494 iuturumconcessione
1552 3438 1720 3511 pontificum,

72 3531 192 3580 extremo
206 3523 337 3580 examine
352 3525 481 3582 districtae
503 3525 597 3582 ultioni
620 3526 772 3596 subjaceat.
795 3526 870 3583 Cun-
923 3522 1069 3594 largitione
1083 3538 1182 3596 regum
1197 3523 1240 3580 rei
1254 3524 1417 3597 principum,
1438 3526 1573 3584 oblatione
1586 3527 1720 3592 iidalium,

73 3611 120 3669 ciis
139 3621 231 3670 sutem
250 3611 341 3669 eidem
359 3613 420 3670 ioco
438 3629 487 3669 sua
505 3615 566 3683 jura
580 3615 751 3672 servantibus
765 3614 799 3670 sit
818 3630 871 3688 pax
924 3626 972 3666 seu
992 3611 1052 3666 aliis
1069 3612 1150 3682 iustis
1164 3613 1261 3681 modis,
1277 3623 1423 3686 praestante
1447 3615 1573 3683 Domino,
1598 3619 1722 3689 poteritis

74 3699 180 3757 Domini
199 3702 285 3759 nostri
309 3702 375 3759 iesu
402 3702 515 3769 Christi,
539 3711 672 3775 quatenns
701 3712 727 3760 ct
747 3704 790 3760 hic
813 3704 871 3760 sau·
925 3698 1049 3770 adipisci,
1079 3699 1155 3755 firma
1179 3701 1258 3757 vobis
1290 3703 1444 3776 vestrisque
1467 3707 1672 3762 successoribus
1696 3716 1723 3764 et

76 3796 147 3846 ctum
161 3790 242 3846 bonae
261 3790 377 3847 actionis
391 3791 554 3864 percipiant,
579 3800 606 3848 et
628 3793 702 3864 apud
720 3792 871 3849 districtum
923 3786 1026 3842 illibata
1048 3798 1238 3859 permaneant.
1259 3789 1330 3847 Saue
1344 3791 1470 3847 laborum
1486 3801 1638 3850 vestrorum
1653 3813 1722 3868 quos

78 3878 195 3945 jndicem
210 3877 320 3949 praemia
334 3886 445 3936 aeternae
461 3879 537 3952 pacis
550 3880 701 3936 inveniant.
721 3884 817 3937 Amen.

107 3965 169 4039 ligo
185 3966 361 4022 innocentius
376 3968 520 4024 catholieae
529 3968 662 4024 Ecclesiae
677 3969 822 4042 episcopus
832 3986 870 4026 ss.

108 4053 169 4129 Ego
183 4055 330 4111 conradus
346 4054 507 4111 Sabinensis
521 4057 669 4128 episcopus
684 4074 725 4113 ss.

110 4143 169 4217 ligo
185 4142 332 4199 albericus
347 4141 482 4200 Ostiensis
497 4145 642 4217 episcopus
658 4162 700 4202 ss.

110 4232 169 4306 Ego
186 4232 344 4304 Stephanus
360 4233 541 4289 Praenestinus
556 4235 701 4307 episcopus
720 4252 761 4291 ss.

110 4322 170 4395 Ego
186 4322 292 4376 imarus
305 4320 475 4377 Tusculanus
488 4322 633 4396 episcopus
648 4341 690 4380 ss.

924 3874 1042 3947 propriis
1065 3876 1192 3932 manibus
1218 3886 1264 3932 aut
1288 3879 1440 3950 sumptibus
1473 3881 1571 3951 colitis,
1601 3883 1659 3940 sive
1688 3885 1722 3944 da

925 3963 1097 4020 nutrimentis
1121 3973 1278 4021 vestrorum
1307 3967 1464 4024 animalium
1491 3971 1582 4026 nulius
1610 3973 1722 4030 omnino

926 4052 1042 4109 clericus
1057 4053 1100 4108 vei
1115 4052 1201 4110 laicus
1216 4054 1337 4112 decimas
1351 4072 1366 4111 a
1381 4056 1461 4114 vobis
1484 4061 1598 4132 exigere
1616 4078 1723 4129 prasu-

925 4148 994 4197 mat.
1016 4141 1195 4199 Decernimus
1210 4158 1278 4215 ergo
1304 4151 1333 4200 ut
1356 4144 1423 4201 nulii
1443 4147 1554 4203 omniuo
1582 4149 1722 4206 homiuum

926 4229 1007 4287 liceat
1020 4230 1160 4302 praelatam
1182 4231 1327 4288 ecclesiam
1352 4239 1457 4291 temere
1478 4238 1649 4307 perturbare,
1675 4248 1723 4296 aut

928 4318 985 4388 ejus
999 4319 1191 4391 possessiones
1207 4320 1325 4389 auferre,
1346 4323 1390 4378 vel
1414 4323 1518 4380 ablatas
1534 4325 1659 4394 retinere,
1677 4328 1724 4384 mi·

92 4432 96 4439 ·
110 4411 169 4484 Ego
183 4409 274 4466 Guido
289 4418 390 4466 sanctia
406 4411 535 4467 iiomanae
549 4412 679 4470 Ecclesiae
693 4405 913 4486 indignussa-D
928 4423 1024 4475 nuere,
1050 4424 1098 4464 seu
1114 4409 1282 4481 quibuslibet
1304 4410 1495 4468 vexationibus
1517 4412 1642 4484 fatigare,
1674 4417 1723 4473 aed

80 4499 172 4555 sardos
187 4515 230 4555 as.

110 4587 167 4660 ligo
181 4586 243 4644 GG.
259 4586 405 4660 presbyter
417 4587 563 4644 cardinalis
578 4589 648 4646 tituli
662 4589 757 4648 Caiixti
773 4608 816 4648 ss.

111 4676 169 4751 ligo
184 4675 329 4733 ilainerius
347 4677 443 4748 presb.
468 4678 541 4735 card.
556 4680 586 4734 tit
602 4680 709 4737 Sanctae
720 4679 820 4738 Priscae
833 4697 873 4739 ss.

111 4765 171 4838 Ego
185 4764 273 4822 Goiao
289 4765 385 4837 presb.
405 4766 484 4822 card.
505 4767 547 4822 tit.
567 4769 599 4824 S.
619 4768 735 4826 Caeciliae
750 4786 788 4825 ss.

111 4880 171 4956 Ego
186 4879 336 4954 Gregorius
351 4879 483 4939 diaconus
504 4882 580 4939 card.
605 4884 766 4942 Sanctorum
782 4885 875 4960 Sergii

80 4977 104 5027 et
117 4969 217 5028 &echi
231 4985 269 5026 ss.

111 5087 173 5162 ligo
188 5086 255 5145 Otto
270 5087 378 5146 diacon.
391 5087 471 5146 card.
491 5088 586 5146 Sancti
601 5088 715 5163 Georgii
728 5090 765 5145 ad
780 5089 875 5147 Velum

81 5178 194 5233 aureum
209 5191 251 5233 ss.

81 5292 172 5438 lam
185 5290 357 5349 ilnnrbaidns
370 5291 441 5350 diac.
457 5290 537 5350 card.
557 5294 665 5351 Sanctae
679 5293 772 5352 iisne
788 5294 816 5350 in
832 5293 877 5351 via

116 5389 141 5438 itt
155 5397 194 5438 sa.

113 5497 176 5573 ligo
188 5496 359 5557 marnam
372 5496 444 5557 diac.
455 5496 532 5556 ctrd.
546 5497 641 5558 Sancti
649 5499 755 5558 Nicolai
765 5500 794 5559 in
808 5501 878 5559 Car·

80 5600 143 5647 sera
154 5603 198 5645 sa.

928 4495 1019 4552 omnia
1047 4496 1156 4570 integra
1184 4508 1382 4556 conserventur
1405 4516 1509 4570 eorum,
1533 4519 1582 4575 pro
1609 4519 1724 4577 quorum

928 4585 1125 4641 sustentatione
1138 4593 1164 4642 et
1178 4587 1375 4660 gnbematione
1396 4603 1529 4648 concessa
1543 4600 1615 4660 aunt,
1632 4593 1726 4651 usibus

928 4672 1091 4730 omnimodis
1111 4674 1263 4746 prolatura,
1289 4676 1364 4734 salva
1387 4680 1560 4737 Trevirensis
1586 4683 1726 4757 archiepi-

929 4763 1004 4833 scopi
1027 4763 1160 4820 cauonica
1179 4765 1296 4835 justitia.
1320 4766 1349 4822 Si
1374 4784 1428 4839 qua
1448 4769 1532 4842 igitur
1553 4770 1581 4825 iu
1605 4772 1724 4828 futurum

929 4863 1118 4920 ecclesiastica
1133 4864 1309 4922 saecularisve
1324 4882 1451 4938 persona,
1466 4870 1646 4927 hancnostrae
1656 4888 1724 4929 con-

930 4952 1076 5008 stitutionis
1100 4953 1231 5026 paginem
1245 4954 1346 5026 sciens,
1369 4965 1465 5013 contra
1480 4974 1540 5014 eam
1561 4967 1661 5018 temere
1677 4979 1726 5020 te-

930 5041 989 5096 nire
1003 5042 1158 5110 tentaverit,
1175 5044 1296 5101 secundo
1311 5044 1426 5103 tertiove
1441 5049 1615 5118 commonita,
1632 5050 1655 5107 si
1671 5067 1726 5109 nou

931 5128 1114 5188 satisfactione
1129 5147 1251 5206 congrua
1265 5133 1464 5204 emendaverit,
1480 5139 1621 5209 potestatis
1637 5139 1724 5198 lrono⁴

931 5232 1005 5290 risve
1018 5233 1059 5289 sui
1073 5234 1206 5308 dignitate
1219 5246 1323 5306 careat,
1335 5253 1467 5312 reamque
1481 5256 1512 5297 se
1521 5241 1613 5298 divino
1624 5243 1727 5312 judicio

932 5322 1047 5378 existere
1068 5323 1102 5379 de
1124 5333 1282 5397 perpetrata
1304 5327 1446 5400 iniquitate
1469 5340 1628 5402 cognoscat,
1658 5343 1686 5389 et
1711 5349 1729 5391 a

932 5409 1118 5467 sacratissimo
1143 5428 1261 5487 corpore
1285 5430 1317 5472 ac
1340 5416 1475 5490 sanguine
1500 5419 1552 5475 Dei
1572 5428 1598 5476 et
1621 5422 1730 5478 Domini

933 5499 1123 5569 Redemptoris
1147 5502 1231 5558 nostri
1249 5503 1314 5561 iesu
1337 5504 1437 5562 Christi
1451 5507 1539 5564 aliena
1565 5507 1621 5578 iiat,
1647 5518 1729 5583 atque

933 5589 961 5645 in
989 5595 1116 5647 extremo
1136 5592 1262 5651 examine
1289 5593 1421 5652 districte
1448 5597 1543 5655 ultioni
1570 5598 1724 5670 subjaceat.
