3750 6000
148 236 219 302 tras
634 233 813 301 marmur
830 222 1153 300 umammrrausrs
1169 236 1336 300 rourum
1454 216 1458 223 '
1737 248 1807 305 rrae

147 370 274 430 Saxonis.
288 371 358 428 datis
370 370 510 428 obsidibus
523 378 550 429 et
563 370 656 437 armis,
672 368 745 427 idem
764 368 838 426 iecit.
856 368 946 425 biarcii
962 369 989 431 Α
1003 366 1144 440 alligaret.
1167 367 1226 424 Nor
1251 368 1375 440 pretium
1398 367 1516 437 diremit,
1539 367 1651 426 aciebus
1676 372 1757 444 quasi
1769 388 1805 428 ex

146 475 223 527 raro,
237 474 424 532 sepenumero
448 458 507 530 (rt)
530 459 709 533 congregati,
724 475 754 515 se
768 459 802 514 ad
817 458 949 515 resisten·
1003 456 1177 514 conniventia
1197 456 1409 522 discedentibus,
1434 458 1528 531 logiis
1541 465 1634 515 tamen
1664 460 1805 517 victoriam

148 547 213 604 dum
238 546 408 611 oliarabaut;
433 546 537 604 reniret
550 547 632 605 modo
646 562 707 615 rex,
727 556 753 604 et
768 564 819 618 que
834 563 950 621 progre-
1002 560 1072 618 pene
1086 546 1259 616 sperantibus
1275 561 1282 616 3
1299 560 1352 617 quo
1368 546 1449 614 iacto,
1472 546 1712 605 west-Saxonum
1738 563 1804 606 cun·

148 635 278 692 diendum
297 643 370 692 esset
391 636 564 708 preciperet,
579 637 690 693 duceret
712 651 803 693 secum
819 651 948 708 proceres
1003 634 1075 689 rarsi
1093 633 1177 690 animi
1206 633 1345 690 dominnm
1360 634 1511 708 legitimum
1531 644 1732 710 cognouemnt.
1747 638 1806 710 lpse

144 723 300 790 londoniae,
338 731 448 794 paratos
485 741 545 781 asse
569 725 701 799 sanguine
736 740 815 780 suum
854 724 949 796 patrie
1002 722 1171 778 Londoniam
1186 723 1326 778 contendit
1348 731 1378 779 ut
1392 723 1464 781 bene
1488 724 1600 781 meritos
1613 725 1689 782 airas
1704 726 1806 783 libera·

145 808 315 884 impendere.
333 811 382 868 lile
396 812 489 869 solitus
503 814 616 869 salutrnn
631 830 707 870 suam
723 813 807 868 muris
819 813 948 869 commit·
1001 818 1051 877 ret,
1068 827 1136 882 quos
1148 826 1212 883 pars
1232 812 1350 868 hostium
1376 813 1466 868 statim
1481 819 1542 885 post
1555 813 1708 871 &messum
1727 830 1805 872 suurn

146 907 212 964 tera,
226 899 324 956 nonin
347 901 451 957 hostem
474 917 629 969 excurrere,
657 901 805 958 londoniae
828 900 948 974 degebat
1001 899 1152 956 incluserat
1166 918 1174 967 ς
1190 900 1248 971 (77)
1264 901 1423 956 iossaetiam
1438 900 1544 971 urbem,
1556 905 1638 972 301
1657 919 1713 975 qna
1726 902 1807 961 durio

144 997 257 1061 propter
282 988 442 1061 proditores,
458 996 488 1045 ut
515 990 616 1061 aiebat,
633 1006 764 1061 nusquam
779 989 944 1062 procedens.
1001 988 1130 1044 'lumensi
1156 1004 1211 1045 non
1234 987 1352 1056 alluitur,
1369 988 1436 1045 ioris
1450 997 1537 1046 totam
1556 991 1688 1059 cinxerat,
1705 993 1807 1049 multa-

143 1077 217 1133 Alter
229 1076 333 1133 interea
355 1078 478 1150 partibus
488 1079 548 1135 -suis
563 1079 650 1135 urbes
665 1088 692 1135 et
707 1079 782 1136 vicos
797 1079 946 1150 applicare,
1002 1093 1055 1149 qne
1067 1078 1178 1134 vulnera
1198 1077 1300 1135 iecerat
1313 1087 1339 1134 et
1353 1088 1504 1152 acceperat.
1527 1081 1632 1154 ltaque,
1647 1081 1744 1137 audito
1759 1097 1808 1139 re·

144 1166 219 1222 nullo
238 1174 358 1237 tempore
381 1166 483 1236 feriari,
511 1168 636 1224 nostibus
663 1166 827 1235 consultare,
850 1164 948 1222 diebus
1001 1164 1045 1238 gis
1059 1164 1188 1233 adventu,
1217 1166 1310 1239 lugam
1325 1166 1382 1238 (78)
1399 1183 1447 1239 per
1473 1167 1701 1240 proneinraduut
1720 1169 1806 1226 :snb-

143 1269 278 1328 pngnare.
293 1256 461 1325 lidmondus,
476 1255 523 1311 din
538 1256 687 1312 deliberato
702 1256 814 1312 consilio
830 1255 858 1310 in
873 1262 948 1311 tanta
1000 1263 1109 1310 secutus
1124 1269 1171 1310 eos
1185 1271 1200 1310 a
1216 1254 1342 1328 vestigio,
1358 1264 1387 1311 et
1401 1256 1514 1313 transito
1526 1257 1598 1313 rado
1619 1258 1693 1331 quod
1708 1260 1806 1315 lirant·

142 1360 233 1401 rerum
248 1345 382 1418 angustie,
412 1345 546 1415 optimum
563 1345 637 1401 iaetu
663 1344 811 1400 arbitratus
825 1344 848 1399 si
865 1344 947 1400 urbes
1001 1342 1061 1399 iord
1079 1342 1185 1409 dicitur,
1203 1343 1348 1400 victoriosa
1363 1352 1453 1418 strage
1475 1346 1586 1402 delerit.
1602 1346 1720 1420 lleliqna
1734 1349 1807 1404 mul-

142 1448 203 1504 quaa
215 1432 370 1488 deiecerant
384 1433 531 1505 pugnando
550 1433 694 1504 reciperet,
710 1432 738 1487 in
752 1432 870 1488 eundern
885 1449 946 1488 sen·
999 1430 1093 1497 titudo,
1124 1448 1185 1503 ques
1211 1448 1273 1488 cum
1308 1433 1431 1490 Cnutone
1455 1443 1630 1501 remanserat,
1659 1435 1805 1495 Edmundo

142 1536 203 1576 eum
221 1521 380 1581 Ubtredum,
405 1521 540 1591 quendam
563 1520 831 1576 Transhumbranum
853 1521 944 1576 romi·
998 1511 1195 1592 aliquantulum
1225 1521 1320 1577 larido
1347 1529 1375 1577 et
1401 1530 1491 1592 partes
1519 1540 1581 1579 snas
1608 1537 1801 1596 componente,

143 1616 207 1676 tam,
223 1608 335 1665 adduxit
350 1624 357 1678 ;
372 1610 575 1677 caeterasenim,
593 1624 652 1681 quae
662 1611 751 1665 adhuc
760 1609 843 1665 dubio
851 1608 944 1666 iovore
997 1609 1167 1665 londoniam
1182 1611 1278 1666 iterum
1294 1619 1363 1667 terra
1376 1611 1542 1684 flumineque
1556 1612 1663 1670 obsidet
1677 1633 1685 1681 ;
1702 1615 1752 1671 sed
1766 1614 1802 1671 ab

141 1696 307 1771 pandebant,
317 1697 517 1753 confirmandas
531 1699 661 1770 putabant
673 1698 696 1753 si
708 1698 743 1754 de
751 1697 942 1754 rebellantibus
1002 1698 1148 1768 oppidanis
1163 1699 1374 1771 magnanimiter
1395 1701 1578 1773 pugnantibus
1591 1703 1711 1774 repulsa,
1734 1704 1802 1759 iram

140 1800 240 1860 mares
266 1801 363 1856 poenas
383 1794 529 1842 sumerent.
560 1787 613 1844 Sed
643 1787 740 1853 cnuto,
771 1802 826 1843 non
845 1787 942 1843 minori
999 1786 1027 1840 in
1042 1786 1252 1843 collimitaneam
1264 1787 1392 1844 llerciam
1402 1787 1525 1856 effundit,
1542 1790 1617 1846 vicos
1630 1798 1657 1846 et
1671 1791 1752 1848 uillas
1763 1809 1805 1849 ra·

143 1875 274 1947 preditus
304 1874 409 1939 artaba,
433 1874 515 1930 simili
539 1890 586 1931 eos
609 1875 719 1947 ingenio
743 1876 942 1945 circumvenit;
997 1875 1078 1947 pinis,
1107 1875 1252 1940 incendiis,
1293 1876 1467 1950 cedibusque
1494 1878 1673 1952 depopulans.
1702 1880 1801 1952 Opima

143 1978 206 2019 nam
220 1962 415 2019 commendatis
442 1963 702 2031 west-Saxonibus,
731 1971 757 2020 et
783 1964 944 2020 llerciomm
996 1965 1090 2034 prada
1108 1965 1144 2020 ad
1167 1959 1253 2020 nares
1266 1974 1397 2022 convecta
1412 1982 1480 2037 quas
1494 1968 1522 2023 in
1541 1983 1621 2026 amne
1640 1968 1802 2044 liedeguait

136 2059 213 2124 parte
236 2067 318 2123 qoam
333 2051 495 2123 sanecerat,
524 2053 640 2109 ducibus
655 2054 719 2120 suis,
737 2052 807 2126 ipse,
823 2053 850 2108 in
866 2054 944 2109 Nor·
996 2062 1228 2126 congregaverat:
1247 2053 1346 2111 fluvius
1360 2054 1406 2111 ille
1421 2055 1568 2112 liniensem
1580 2057 1678 2114 urbem
1689 2068 1802 2131 preater·

137 2141 323 2197 thanbimbrcs
344 2140 490 2212 proiectus,
512 2141 724 2214 depopulatione
747 2142 867 2198 looomm
882 2144 941 2199 Ub-
996 2140 1093 2211 liuens,
1119 2141 1255 2198 violentus
1276 2151 1299 2197 et
1323 2142 1413 2214 rapaci
1433 2144 1543 2217 gurgite
1571 2145 1674 2215 minax,
1696 2147 1801 2204 moenia

136 2228 242 2284 tredum
266 2230 301 2285 ad
324 2246 370 2285 sua
393 2230 562 2286 defensanda
585 2231 672 2287 redire
697 2231 800 2303 coegit.
834 2232 937 2302 ltaque,
996 2230 1107 2301 pulchra
1138 2231 1221 2286 lavat.
1241 2231 1306 2286 inde
1321 2247 1430 2303 quoque
1450 2249 1515 2306 rege
1539 2243 1678 2307 pugnante
1694 2236 1798 2308 iugata,

137 2318 201 2374 licet
215 2335 244 2373 se
256 2317 384 2388 dedisset,
408 2319 551 2375 barbarica
574 2319 682 2375 levitate
694 2320 788 2390 jussus
802 2329 843 2376 est
853 2319 939 2393 jugu-
996 2327 1240 2390 praeoccupatoque
1253 2320 1326 2376 rado
1335 2321 1409 2392 quod
1421 2322 1547 2392 superins
1558 2323 1695 2382 nominari
1706 2326 1799 2382 lirant-

138 2406 200 2463 lari.
232 2407 382 2462 Comitatus
412 2407 471 2478 ejus
490 2409 569 2463 datus
593 2408 695 2477 lrioi03
726 2424 805 2479 quem
834 2416 939 2480 postea,
995 2407 1066 2476 iord,
1093 2405 1197 2480 insigni
1222 2408 1297 2464 reda
1325 2409 1477 2483 profligata.
1510 2411 1658 2468 Conantem
1686 2413 1799 2470 ulterius

139 2510 231 2566 aquas
252 2496 304 2550 sibi
327 2502 417 2566 partes
440 2496 642 2564 vendicantem,
668 2498 756 2553 Cnuto
779 2496 814 2552 ab
841 2498 943 2570 Anglia
995 2496 1107 2557 tondere
1122 2496 1306 2564 Edmundum,
1324 2507 1353 2553 ut
1368 2498 1497 2571 reliquias
1517 2501 1677 2570 predonum
1701 2504 1801 2574 persap'

138 2584 254 2657 expulit.
273 2587 313 2640 lta
326 2584 455 2654 subjectis
478 2585 615 2651 omnibus,
633 2586 815 2649 lidmundum,
832 2601 941 2657 perse·
995 2587 1123 2649 queretur
1149 2581 1184 2634 ad
1208 2581 1430 2648 internecionem,
1451 2585 1531 2639 raier
1553 2584 1599 2639 ille
1613 2596 1643 2641 ιι
1664 2586 1798 2656 possimus

140 2665 227 2729 metra
240 2672 412 2746 fugitantem,
439 2688 493 2727 non
509 2672 584 2743 prius
606 2674 730 2745 persequi
745 2675 845 2729 destitit
860 2691 942 2747 quam
994 2667 1109 2726 Edricns
1123 2671 1266 2738 revocarit,
1283 2669 1512 2740 iictojamdudum
1529 2673 1618 2729 animo
1633 2674 1660 2728 in
1676 2676 1796 2746 gratiam

136 2762 302 2819 londoniam
318 2761 352 2815 ad
369 2768 473 2832 patrem
489 2761 647 2831 pervenisse
662 2770 850 2833 cognosceret.
866 2764 940 2819 Tunc
992 2773 1117 2813 reversus
1137 2776 1143 2822 ;
1166 2758 1280 2815 consilio
1305 2761 1378 2814 onim
1403 2761 1532 2816 Cnutonis
1563 2778 1625 2818 cum
1648 2763 1794 2821 Edmnndo

135 2866 221 2924 usqua
235 2858 296 2921 post
312 2850 412 2904 Pascha
437 2848 548 2919 quievit,
567 2859 596 2905 ut
619 2866 679 2907 curn
703 2851 831 2907 omnibus
854 2855 939 2922 300
993 2854 1062 2912 erut,
1079 2853 1108 2900 ut
1127 2845 1186 2916 ejus
1209 2846 1400 2904 meditationes
1419 2848 1596 2907 renunciaret.
1621 2851 1738 2907 Ultimus
1751 2852 1797 2909 ille

133 2939 218 3012 copiis
240 2939 333 2993 urbem
362 2937 520 2993 adoriretur.
563 2937 617 2993 Sed
643 2941 772 3010 praerenit
809 2949 936 2996 conatum
992 2933 1052 2989 dies
1066 2934 1150 2989 Danis
1174 2935 1296 3007 proiecto
1319 2937 1415 2992 inisset
1442 2938 1465 2992 si
1492 2940 1723 3008 perseverandum
1749 2957 1795 2998 rex

133 3028 194 3098 ejus
209 3041 284 3082 mors
304 3026 443 3083 Ethelredi
458 3045 466 3094 3
484 3041 546 3081 nam
561 3026 618 3100 (73)
632 3027 660 3082 in
675 3030 752 3085 initio
773 3028 934 3103 Quadrage-
989 3031 1109 3094 putasset
1126 3038 1133 3092 ;
1148 3025 1196 3080 sed
1211 3041 1229 3096 p
1245 3034 1366 3080 aventus
1382 3026 1421 3093 (ιιι
1431 3026 1498 3098 diri)
1512 3044 1624 3083 susurro
1639 3029 1794 3101 proditoria,

133 3117 218 3183 simae,
234 3116 280 3172 die
294 3115 380 3172 sancti
403 3114 460 3188 (ll)
483 3116 619 3188 Gregorii,
645 3117 773 3184 animum,
800 3118 937 3175 laboribus
990 3112 1035 3182 qui
1061 3113 1154 3168 hostes
1182 3113 1249 3168 nihil
1275 3113 1345 3168 ultra
1359 3129 1473 3170 ausuros
1487 3116 1644 3181 allirmaret,
1660 3126 1795 3174 maturum

133 3215 160 3263 et
184 3205 300 3263 miseriis
329 3213 430 3274 natam,
459 3204 578 3260 efflavit:
607 3205 682 3275 iacet
709 3207 782 3278 apud
812 3215 934 3264 sunctum
990 3200 1042 3254 sibi
1071 3201 1230 3258 exitinmet
1247 3202 1353 3275 dngliae
1380 3203 1428 3258 toti
1455 3205 1570 3276 pararit.
1599 3206 1729 3279 Namque
1756 3207 1796 3264 illi

131 3296 244 3351 Paulum
266 3294 423 3350 londoniae.
446 3292 583 3365 Oppidani
602 3295 775 3350 lidurundum
792 3296 819 3350 in
841 3312 934 3369 regem
989 3289 1051 3345 daia
1079 3290 1125 3346 via
1157 3290 1291 3363 iuglandi,
1329 3292 1427 3347 iterum
1464 3293 1492 3348 in
1516 3310 1599 3350 unum
1639 3299 1791 3364 οοιιΰθῐθ,

131 3384 310 3441 conclamant.
340 3382 411 3452 lpse,
438 3397 502 3436 mox
518 3392 683 3456 congregato
708 3385 836 3449 exercitu,
862 3387 934 3455 apud
988 3375 1258 3452 Orientalesdnglos
1273 3379 1347 3435 bello
1372 3379 1532 3437 iniestantes
1548 3401 1554 3438 :
1570 3383 1658 3454 ipsum
1681 3401 1793 3456 quoque

129 3473 249 3528 emnem
263 3479 290 3526 er
309 3471 369 3540 (ιι)
393 3470 567 3542 attingebam
591 3469 686 3528 bunos
709 3472 813 3546 fugavit
840 3472 935 3529 diebus
987 3482 1091 3539 regem,
1114 3469 1251 3539 suppetias
1274 3468 1412 3536 terentem,
1441 3470 1513 3540 arud
1541 3473 1730 3529 dsandunam
1745 3491 1792 3531 ce-

128 3559 320 3634 Iiogationum.
348 3560 409 3614 Post
435 3557 535 3614 lentum
557 3560 642 3617 sancti
669 3562 809 3628 lobannis,
825 3563 858 3617 ad
876 3563 933 3635 (76)
987 3555 1052 3612 dere
1076 3570 1234 3629 coegerunt.
1259 3557 1420 3629 Auspicium
1442 3558 1518 3630 iugae
1542 3560 1651 3617 fuitille
1674 3577 1707 3618 ex
1723 3578 1792 3620 con·

128 3649 303 3706 seorstanum
327 3647 430 3703 eisdem
455 3664 629 3721 congressus,
646 3650 732 3722 arquis
746 3650 873 3706 manibus
888 3652 932 3706 di·
987 3645 1068 3712 sulio,
1082 3661 1162 3717 quem
1177 3646 1276 3701 totiens
1299 3648 1443 3703 nominare
1457 3648 1551 3718 pudet.
1567 3650 1649 3705 Penei
1665 3651 1711 3722 qui
1729 3652 1793 3724 glo·

128 3738 224 3794 acessit
239 3754 245 3801 ;
262 3735 358 3808 anglis
372 3736 428 3791 suis
441 3736 546 3791 initium
560 3737 631 3810 iugae
649 3738 808 3794 iacientibus
824 3751 932 3796 auctore
986 3733 1036 3789 riae
1059 3751 1116 3790 ⁸¹1ae
1139 3751 1193 3790 ¹10ss
1215 3735 1398 3804 immemores,
1423 3745 1449 3793 θι
1473 3738 1617 3795 ιιῑθῐΰιΐθὸ
1630 3741 1789 3810 elcilflflleb

128 3827 235 3895 lidrico,
252 3825 758 3898 quiiuparteadversariorumstans,
775 3829 931 3901 etgladium
985 3839 1100 3879 cuneum
1118 3824 1250 3891 tacerent.
1274 3825 1308 3880 ad
1333 3842 1417 3881 unum
1434 3829 1517 3894 302
1548 3828 1715 3901 interempti.
1748 3830 1789 3897 lbi

126 3915 251 3970 inmanu
275 3922 379 3981 tenens,
402 3930 484 3986 quem
505 3915 534 3970 in
556 3932 658 3988 pugna,
687 3915 805 3989 quodam
832 3918 930 3974 rustico
985 3913 1200 3986 Cnutoregnnna
1222 3914 1401 3986 expugnarit,
1429 3914 1561 3972 ibiomne
1583 3916 1789 3992 decusllngliae

127 4004 245 4077 impigre
263 4019 346 4072 coeso,
363 4011 519 4061 cruentarat
535 4023 541 4059 :
561 4026 572 4052 r
589 4005 695 4078 Fugite,
711 4005 807 4078 inquit,
828 4007 928 4075 miseri,
984 4001 1120 4069 occubuit,
1136 4001 1237 4057 ibides
1252 4002 1348 4074 patriae
1372 4010 1443 4058 tetus
1458 4004 1595 4060 emarcuit
1611 4023 1617 4061 :
1631 4007 1703 4062 inter
1718 4024 1787 4081 quos

126 4093 212 4167 fugite
225 4093 231 4147 l
247 4107 310 4149 ecce
324 4109 372 4147 rex
387 4100 478 4148 vester
492 4094 544 4150 boo
559 4109 624 4150 ense
644 4095 748 4150 occisus
762 4102 804 4150 ost
820 4095 826 4148 l
844 4119 856 4145 ι
874 4095 928 4150 Fu·
983 4090 1095 4146 Ulkillus
1112 4091 1302 4163 Estanglorum
1317 4107 1418 4162 comes,
1434 4102 1591 4165 perpetuam
1612 4096 1669 4164 J‘um
1683 4097 1785 4155 lamam

124 4183 229 4256 gisseni
249 4181 376 4238 contiuuo
400 4181 480 4254 dagli
505 4181 557 4236 nisi
572 4198 631 4249 rex,
647 4183 758 4256 cognita
772 4200 813 4249 re,
827 4183 856 4238 in
870 4184 928 4239 adi·
983 4180 1098 4236 meritus
1111 4189 1231 4252 ternpore
1247 4180 1347 4247 Swani,
1362 4182 1481 4254 quando,
1491 4184 1597 4255 primus
1612 4186 1735 4242 omnium
1746 4189 1785 4259 pi-

126 4279 182 4327 lum
197 4272 342 4343 quemdam
353 4271 450 4327 collem
465 4271 634 4341 procederet,
646 4269 737 4327 ablata
752 4272 830 4345 galea
847 4280 928 4345 caput
979 4277 1055 4324 ratas
1069 4267 1191 4337 adorsus,
1207 4284 1282 4339 spem
1294 4269 1367 4325 dedit
1375 4285 1455 4342 posse
1464 4270 1527 4327 illos
1537 4274 1659 4343 superari
1671 4288 1678 4344 ;
1688 4281 1716 4331 et
1725 4276 1784 4349 (ts)

123 4379 202 4420 strum
219 4359 449 4418 commilitonibus
464 4367 614 4416 ostentans.
631 4361 715 4429 Tunc,
731 4362 839 4432 quantis
852 4372 925 4433 pota·
940 4353 969 4418 D
982 4357 1113 4429 precipui
1136 4366 1200 4413 tunc
1213 4358 1276 4423 viri,
1291 4358 1405 4415 abbates
1420 4367 1447 4415 et
1461 4359 1594 4433 episcopi.
1609 4362 1782 4436 Etmundus,

122 4462 164 4509 rat
180 4450 282 4508 viribus
307 4448 405 4504 hastile
421 4447 537 4505 ierreum
560 4448 729 4519 intorquens,
744 4449 772 4504 in
795 4451 925 4509 lidricum
979 4445 1042 4501 inde
1059 4447 1215 4518 penesolus
1230 4447 1327 4516 pedem
1343 4450 1475 4514 reterens.
1492 4449 1680 4508 Gloeceslrtm
1697 4455 1781 4523 venit.

123 4540 196 4598 misit
211 4556 218 4601 ;
234 4537 283 4594 sed
296 4537 332 4592 ab
356 4536 402 4591 illo
416 4537 562 4608 previsum
578 4539 741 4603 etritatum,
767 4537 924 4601 inmilitcm
977 4541 1006 4591 ul
1042 4534 1080 4590 ibi
1107 4536 1258 4593 rooollectis
1287 4536 1391 4592 viribus
1418 4539 1512 4594 hitales
1538 4541 1639 4596 recenti
1668 4541 1782 4600 victoria

121 4645 210 4704 prope
229 4635 344 4686 stantem
371 4625 502 4697 peccarit,
524 4625 593 4684 adeo
620 4632 648 4682 ut
672 4628 786 4685 alterum
815 4645 925 4702 quoque
977 4623 1091 4695 otiosos,
1115 4625 1184 4681 sicut
1206 4624 1326 4697 putabat,
1353 4628 1559 4701 aggrederetur.
1584 4628 1647 4687 Neo
1661 4631 1782 4690 Cnutoni

156 4942 201 5011 (tt
228 4939 432 5023 sepenumero.
447 4951 473 4994 a.
490 4951 515 4994 c.
531 4930 558 4991 d.
576 4953 601 4993 ι.
615 4933 633 4993 ι.
649 4952 768 4996 numero
781 4936 879 5011 cleps,
889 4920 914 4996 s.
1009 4932 1066 5007 (tt)
1080 4930 1176 5003 Ferro,
1199 4941 1255 5017 etc.
1266 5007 1271 5017 .
1283 4927 1368 5014 Fossa
1382 4943 1513 4993 excavata
1528 4930 1612 4995 luisse
1627 4933 1735 4999 videtur
1750 4948 1778 5000 tn

157 5014 201 5077 (73
227 5008 918 5079 lornltioQuadrupesimoe.luxtasuaon.tltrrcn.
973 5008 1144 5064 meridionali
1170 5006 1289 5063 llumrnrs
1303 5021 1371 5078 ripa,
1392 5023 1534 5080 navesque
1557 5009 1592 5064 ad
1616 5013 1777 5071 occidenta-

120 5090 147 5141 et
162 5080 279 5138 Floreat.
295 5080 340 5135 wi
362 5095 424 5136 orn.
446 5078 615 5136 AEtnetrodus
634 5081 701 5136 obiit
728 5080 853 5146 londini,
876 5081 918 5136 ie·
973 5079 998 5134 le
1013 5079 1102 5150 pontia
1128 5081 1197 5134 latus
1220 5078 1335 5134 deducta
1357 5077 1393 5132 ad
1414 5080 1594 5136 obsidendam
1618 5082 1771 5141 civitatem.

119 5154 161 5210 ria
187 5151 314 5219 secunda,
340 5096 385 5207 gie
397 5150 446 5206 2³·
468 5150 570 5223 Aprilis
583 5151 639 5223 (ιιιι
654 5151 724 5208 iesto
751 5152 780 5208 S.
797 5151 918 5224 Georgii)
972 5149 1052 5221 (Vide
1067 5151 1133 5231 Sars
1144 5150 1258 5219 Cnrun.)
1285 5147 1367 5231 blatta
1381 5165 1452 5229 nunc
1472 5150 1553 5220 lrujns
1569 5152 1644 5208 iossa
1659 5157 1775 5231 vestigia

121 5241 147 5281 a.
162 5223 198 5278 D.
218 5222 297 5277 ibib.
971 5230 1078 5278 exstant
1091 5222 1188 5292 quibus
1203 5236 1313 5293 agnosci
1328 5229 1480 5291 possitque
1495 5224 1556 5278 loco
1577 5224 1630 5280 sita
1643 5235 1717 5284 erat.

154 5293 212 5363 (rt)
227 5293 361 5363 Gregorii.
384 5291 428 5349 Sia
451 5308 548 5351 omnes
575 5309 641 5351 mss.
659 5308 667 5364 ;
695 5292 744 5353 sed
769 5291 915 5368 legandum
1018 5294 1278 5365 satraparum.
1296 5291 1324 5346 d.
1340 5307 1365 5347 e.
1382 5291 1401 5345 l.
1419 5293 1507 5348 omitt.
1523 5293 1550 5348 in
1561 5310 1587 5349 s.

119 5363 239 5437 Georgii.
1019 5356 1063 5433 79)
1079 5365 1219 5436 precipui
1243 5367 1312 5419 lunc
1337 5362 1404 5419 oiri.
1430 5364 1599 5435 liadnotbus,
1628 5367 1774 5443 eisoopus

153 5438 200 5507 (75
225 5432 273 5488 nt.
293 5444 317 5487 a.
334 5446 370 5501 a..
380 5433 480 5505 jocio,
496 5450 522 5490 a.
538 5450 560 5490 s.
576 5434 604 5493 d.
621 5436 639 5492 Ι.
969 5432 1192 5500 Doruestriensis,
1219 5432 1370 5507 Wnlsigiua
1385 5434 1483 5501 abbas,
1507 5436 1622 5494 comiter
1658 5440 1773 5512 'irione

151 5510 197 5579 (lb
237 5506 433 5563 διινιιιιιιιιιι.
457 5504 510 5570 Qui
524 5505 595 5577 lapis
611 5523 672 5567 essa
686 5524 717 5565 su
757 5507 846 5565 onitur
861 5524 915 5582 quo
970 5504 1122 5562 Godwinus
1147 5505 1383 5564 etAEtbetuamus
1404 5505 1475 5564 inter
1494 5520 1581 5565 casus
1595 5525 1705 5586 quoque
1719 5530 1775 5571 nn-

152 5588 230 5659 atuor
239 5572 386 5704 l{ornitatpa
396 5574 692 5704 gssssnffq'mfflmm'
718 5524 875 5654 wigornia
887 5587 916 5638 et
968 5586 1117 5635 merantur.

154 5665 237 5706 arura
274 5661 335 5704 asc
367 5661 404 5705 rm
460 5663 475 5700 a
544 5685 553 5702 .
