3750 6000
45 255 96 318 853

636 245 816 306 EPISTOLAE
835 248 879 305 ET
899 246 1112 305 Pittt'tthuts.

1647 251 1697 307 stt

50 386 172 450 interest,
200 380 374 439 ecclesiarum
403 376 524 435 omniura
548 390 639 431 euram
663 389 775 447 gerere,
801 391 852 429 ve·
865 374 892 434 A
907 374 1003 441 sciens,
1020 382 1113 431 contra
1127 391 1186 430 eam
1201 383 1304 430 temere
1318 373 1410 430 renire
1434 373 1584 443 tentaverit,
1601 390 1700 430 seeun-

52 474 172 529 nientern
188 469 223 527 ad
236 486 285 526 nos
299 468 482 525 venerabilem
507 466 615 520 imtrem
640 471 759 518 nostmm
773 479 851 517 rere·

50 561 251 618 rendissimnm.
287 558 446 614 Toletaaum
480 553 713 625 arehiepiscopum
735 551 853 624 benigne

52 659 217 734 recepimus,
240 665 266 713 et
288 655 415 726 inspeetis
443 653 668 726 praedeeessomm
701 657 853 706 nostrorum

52 747 213 822 privilegiis,
230 746 360 819 primatus
378 742 536 815 dignitatem
551 757 599 810 per
613 739 739 794 universa
753 739 853 810 Hispa-

52 839 158 894 niamm
174 851 269 908 regna,
284 835 363 906 juxta
376 831 531 887 eorumdem
548 829 756 901 privilegiorum
776 835 854 882 teno-

48 942 116 994 rem,
144 923 170 981 ei
194 921 423 979 confirmavimus.
456 922 545 988 ipsum
570 918 660 987 itaqua
684 933 744 971 cum
767 913 854 988 gratia

48 1012 349 1085 sedisapostolicae
373 1010 522 1063 litterarum
548 1013 699 1060 nostrarum
722 1019 854 1073 prosecu-

50 1099 134 1165 tione,
157 1097 192 1152 ad
215 1095 307 1151 sedem
333 1093 470 1165 propriam
495 1091 670 1154 remittentes,
688 1085 853 1142 universitati

50 1190 151 1240 vestrae
182 1179 336 1235 mandando
368 1176 542 1247 praecipimus
566 1190 572 1226 z
602 1180 733 1243 quatenus
766 1170 853 1227 eidem

51 1279 181 1341 unquam
194 1267 300 1341 primati
325 1272 414 1321 vestm
439 1264 544 1333 absque
564 1262 619 1317 olla
642 1258 854 1316 contradictione

50 1358 209 1416 canonicum
241 1354 445 1419 obedientiam,
470 1360 496 1407 et
522 1351 643 1405 debltam
676 1347 855 1405 reverentiam

52 1447 184 1506 exhibere
198 1447 304 1502 curetis.
324 1445 443 1517 Dignum
459 1456 577 1511 namque
592 1447 632 1494 est
654 1445 683 1492 ut
704 1436 749 1508 qui
764 1435 855 1490 multis

51 1537 158 1594 lactatur
179 1551 295 1609 praeesse
317 1533 441 1601 subditis,
456 1530 608 1585 nuliatenus
635 1527 776 1582 erubescat
797 1524 855 1580 suis

53 1625 168 1683 subesse
178 1624 305 1695 praelatis.

88 1716 188 1771 Datum
200 1713 303 1781 luten,
319 1729 348 1767 ιιι
361 1711 424 1766 ldus
437 1709 512 1766 lllaii.

376 1859 530 1918 xxxrttt.

97 1976 284 2050 Prioliepium
297 1989 348 2044 pro
363 1969 534 2028 monasterio
548 1968 575 2024 S.
593 1963 790 2022 bartholomei

352 2043 555 2113 Neuburpeasi.

288 2143 376 2213 (duno
393 2141 473 2205 llll,
489 2136 550 2192 llaii
564 2136 621 2206 ll.)

163 2243 268 2318 [Cedere
294 2238 477 2296 boarrrriom.
493 2234 619 2307 diplom,
636 2231 656 2297 l,
675 2227 750 2301 tib]

91 2345 194 2399 Luctus
215 2339 479 2412 episcopusservus
499 2345 636 2385 semromm
662 2326 729 2392 Dei,
754 2322 858 2380 dilectis

56 2432 119 2489 liliis
133 2432 317 2494 baroniana
334 2424 477 2497 praeposito
501 2419 624 2476 ecclesiae
639 2415 728 2472 Sancti
743 2414 858 2468 Bartho-

60 2520 151 2579 lomrei
166 2517 283 2591 apostoli
295 2515 327 2570 tle
342 2515 419 2569 Nora
434 2511 558 2575 Civitate,
583 2507 697 2578 ejusque
720 2502 856 2566 iratribus,

62 2619 117 2667 tam
149 2605 328 2679 praesenribus
357 2616 440 2674 quam
471 2597 575 2666 laturis,
604 2593 755 2667 regularem
775 2590 858 2647 ritum

59 2697 202 2772 professis,
218 2695 427 2765 inperpetuum.

96 2786 138 2842 td
153 2786 205 2840 boc
224 2780 384 2837 universalis
399 2778 524 2833 Ecclesiae
549 2790 611 2830 cura
632 2772 713 2828 nobis
731 2788 747 2827 a
765 2768 860 2843 prori-

61 2891 121 2932 sore
139 2872 262 2930 omnium
287 2870 420 2925 bonorum
445 2868 501 2921 Deo
526 2863 669 2919 commissa
686 2869 735 2925 est,
751 2868 779 2914 ut
794 2858 859 2914 reli-

59 2964 152 3038 giosas
174 2961 320 3034 diligamus
343 2971 482 3029 personas,
508 2961 533 3008 ct
555 2951 778 3022 beneplacentem
802 2948 860 3004 Deo

60 3052 223 3125 religionem
258 3048 413 3102 studeamus
437 3042 524 3098 modis
546 3039 671 3096 omnibus
693 3053 856 3110 propagare.

58 3143 154 3212 Neque
169 3138 243 3194 enirn
257 3138 313 3192 Deo
329 3143 420 3208 gratus
435 3132 579 3202 aliquando
594 3129 738 3185 tumulatus
755 3127 859 3198 impen-

61 3231 143 3299 ditur,
159 3228 210 3284 nisi
226 3243 257 3283 ex
274 3223 411 3281 eharitatis
428 3222 517 3277 radice
542 3218 693 3292 procedens
710 3234 726 3272 a
748 3217 861 3288 puritate

60 3318 201 3393 religionis
215 3315 294 3371 luerit
317 3320 502 3368 conservatos.
530 3311 695 3380 Eaprnpter,
720 3305 809 3361 dilecti
832 3303 860 3357 in

64 3408 183 3464 Domino
197 3403 256 3468 lilii,
272 3400 370 3458 vestris
381 3399 459 3469 justis
473 3397 696 3470 postulationibus
716 3394 863 3450 elementer

67 3496 232 3558 annuimus,
248 3499 276 3546 et
297 3490 436 3562 praeiutam
462 3487 619 3555 ecclesiam,
643 3487 671 3539 ia
695 3500 748 3555 qua
770 3481 861 3539 divine

64 3582 212 3655 mancipati
226 3581 291 3637 estis
305 3577 446 3647 obsequio,
462 3575 512 3630 sub
535 3573 606 3629 beati
629 3572 700 3629 Petri
724 3580 751 3628 et
772 3577 863 3626 nostre

63 3671 232 3747 protectione
254 3667 423 3739 suscipimus,
441 3671 468 3720 et
480 3663 618 3736 presentis
639 3661 730 3733 scripti
749 3659 863 3730 pririle·

61 3760 109 3834 gio
126 3757 343 3824 communimus,
359 3761 508 3810 statuentes
522 3761 549 3807 ut
565 3765 736 3822 quascunque
753 3764 862 3818 posses-

63 3851 156 3906 siones
169 3888 178 3915 ,
193 3859 361 3918 quaeeunque
382 3843 456 3898 bona
481 3841 576 3897 eadem
601 3838 716 3896 ecclesia
744 3836 817 3907 juste
838 3843 864 3892 el

63 3936 194 3996 canonice
215 3933 344 4007 possidet,
361 3931 447 3987 autin
463 3932 590 3995 laturum,
606 3925 780 3984 concessione
793 3941 863 3998 poa-

63 4025 177 4091 tilienm,
192 4022 331 4081 oblatione
352 4019 489 4087 fidelium,
515 4034 563 4074 seu
587 4017 646 4072 aliis
666 4014 863 4086 justismodis,

63 4116 122 4172 Deo
137 4112 266 4187 pmpitio,
285 4109 402 4180 potuerit
416 4107 538 4176 adipisci,
554 4105 632 4160 firma
655 4105 733 4162 robis
751 4103 865 4163 vestris-

64 4220 118 4278 que
143 4199 347 4259 successoribus
369 4205 396 4252 et
418 4196 521 4252 illibata
537 4200 727 4266 permaneant3
745 4193 865 4248 advoca·

905 462 941 519 do
957 464 1068 519 tertiove
1082 464 1258 532 commonita,
1273 464 1295 518 si
1309 478 1362 518 non
1377 461 1558 517 satisfactione
1582 479 1702 534 congrua

907 553 1100 621 emendaverit,
1133 554 1273 622 potestatis
1306 551 1467 622 honorisque
1499 551 1539 605 sui
1571 550 1703 623 dignitate

907 649 1005 709 eareat,
1017 659 1145 714 reamque
1160 660 1187 697 se
1203 642 1294 697 divino
1306 640 1412 711 judicio
1428 640 1542 695 existere
1556 638 1590 695 de
1604 656 1703 712 perpe·

908 739 976 785 trata
991 731 1130 801 iniquitate
1154 737 1310 803 cognoseat,
1328 737 1354 785 et
1368 746 1384 784 a
1398 729 1576 783 sacratissimo
1591 744 1704 798 corpore

908 835 940 874 ac
954 820 1086 891 sanguine
1100 819 1149 874 Dei
1165 826 1192 874 et
1206 818 1316 873 Domini
1333 816 1521 888 Redemptaris
1543 816 1626 872 nostri
1642 817 1705 872 lesu

908 908 1004 962 Clrrr'sti
1019 905 1173 972 alienafiat,
1190 915 1269 977 atque
1285 907 1313 960 in
1327 914 1449 961 extremo
1474 906 1599 960 examine
1613 904 1706 960 distri·

908 997 1065 1052 ctaeultioni
1090 996 1237 1065 subjaceat.
1259 995 1368 1051 Curetis
1400 1001 1492 1050 autem
1523 995 1612 1049 eidem
1645 995 1705 1050 ioco

905 1085 978 1155 justa
999 1084 1168 1140 servantibus
1183 1084 1217 1138 sit
1231 1101 1284 1155 pax
1299 1083 1407 1139 Domini
1423 1081 1505 1138 nostri
1519 1084 1581 1137 lesu
1597 1083 1705 1151 Christi,

908 1182 1040 1244 quatenus
1055 1180 1081 1229 et
1095 1173 1138 1229 hie
1164 1172 1279 1228 fructum
1307 1171 1387 1228 bones
1410 1172 1522 1226 aetionis
1544 1171 1703 1242 percipiant,

908 1270 935 1317 at
957 1261 1030 1333 apud
1052 1261 1199 1317 districtum
1222 1260 1341 1330 judicem
1366 1259 1478 1331 praemia
1501 1268 1608 1316 aetemae
1630 1261 1707 1330 pacis

909 1350 1058 1407 inveniant.
1077 1352 1172 1405 Amen.

944 1463 1072 1504 osrnsnn
1091 1463 1186 1515 nonis,
1206 1462 1326 1514 namins,
1342 1461 1567 1504 urssnrconnmat
1581 1462 1669 1503 roan.

943 1545 1128 1603 Benev'alete.
1250 1602 1253 1613 ,

945 1636 1006 1709 Ego
1040 1636 1137 1692 Lucius
1169 1636 1310 1695 catholicas
1336 1635 1462 1695 Ecclesiae
1475 1633 1619 1708 episeopus
1640 1635 1707 1690 sub·

866 1729 893 1790 Β
908 1725 1014 1797 scripsi.

944 1815 1003 1887 Ego
1019 1813 1157 1870 Comedus
1173 1814 1335 1873 Sabinensis
1351 1815 1491 1887 episeopus
1503 1831 1539 1871 as.

946 1903 1006 1976 Ego
1036 1903 1184 1976 Gregorius
1217 1904 1348 1961 diaeonus
1379 1903 1523 1961 cardinalis
1549 1903 1708 1960 Sanctorran

911 1991 999 2063 Sergii
1013 2000 1040 2046 et
1053 1992 1149 2047 Daeclri
1163 2009 1199 2047 ss.

943 2079 1004 2151 Ego
1017 2079 1215 2135 Theodevvinus
1229 2080 1335 2138 Sancte
1349 2051 1453 2137 ilutinae
1468 2081 1612 2154 episcopus
1625 2096 1664 2136 ss.

946 2168 1004 2240 Ego
1020 2168 1177 2224 Gerlrardus
1192 2169 1309 2231 diacon,
1331 2169 1476 2226 cardinalis
1490 2169 1596 2226 Sanctae
1618 2169 1710 2225 Metire

910 2256 938 2311 in
952 2256 1094 2313 Dominica
1106 2274 1141 2311 ss.

947 2347 1005 2418 Ego
1020 2345 1159 2401 hibericas
1173 2344 1304 2403 Ostiensis
1319 2348 1463 2420 episcopus
1477 2365 1513 2403 ss.

948 2444 1007 2515 Ego
1022 2443 1113 2498 Guido
1129 2443 1261 2500 diaconus
1275 2444 1419 2501 cardinalis
1433 2445 1592 2502 Sanctomm
1605 2443 1712 2499 Cosmae

912 2539 938 2588 et
955 2532 1077 2587 Damiani
1094 2548 1129 2588 ss.

949 2622 1007 2693 Ego
1023 2620 1187 2677 Octavianus
1201 2621 1334 2679 diaeonus
1346 2621 1491 2679 cardinalis
1506 2622 1598 2679 Sancti
1607 2618 1711 2677 Nicolai

913 2709 940 2766 in
956 2710 1069 2765 Carcere
1083 2709 1205 2766 Tulliano
1219 2729 1255 2767 ss.

949 2800 1008 2871 Ego
1024 2799 1116 2854 Petrus
1135 2800 1276 2872 presbyter
1297 2800 1441 2857 cardinalis
1459 2799 1493 2856 de
1508 2799 1583 2855 titulo
1598 2798 1714 2855 Pastoris

913 2887 1067 2959 subscripsi.

949 2976 1009 3049 ligo
1026 2978 1118 3032 Petrus
1132 2977 1296 3033 Albanensis
1310 2978 1454 3050 episeopus
1467 2993 1506 3032 ss.

875 3087 901 3153 ρ
952 3076 1022 3131 Data
1034 3075 1169 3142 Laterani,
1194 3092 1244 3148 per
1267 3092 1377 3131 manum
1399 3074 1510 3131 Damnis
1533 3073 1664 3146 capellani
1688 3081 1716 3129 et

916 3163 1067 3234 scriptoris,
1084 3181 1103 3217 ιι
1118 3164 1181 3219 Idus
1196 3163 1275 3229 hait,
1299 3164 1443 3219 indictione
1458 3180 1507 3230 vn,
1523 3162 1718 3219 incarnationis

914 3252 1063 3308 Dominicre
1080 3267 1151 3307 anno
1170 3254 1252 3320 till,
1266 3251 1438 3323 pontificatus
1451 3267 1515 3308 vere
1538 3251 1631 3307 dorani
1643 3250 1716 3307 Lucii

915 3345 939 3397 ll
954 3357 1032 3414 pape
1046 3357 1118 3397 anno
1135 3341 1238 3412 primo,

1261 3495 1395 3555 XXXIX.

917 3619 957 3677 Ari
973 3619 1151 3676 Beraerdam
1166 3619 1372 3693 episcopales.
1391 3618 1510 3676 Doridis
1525 3618 1715 3692 (deprocari).

1148 3717 1239 3786 (Anno
1254 3717 1334 3784 titt,
1355 3718 1417 3774 blaii
1433 3719 1495 3788 tt.)

1049 3815 1222 3887 [Waaraoru
1239 3814 1341 3889 legito
1355 3832 1447 3883 roera,
1462 3817 1498 3885 11,
1514 3814 1587 3889 bib]

954 3940 1059 3997 Lucius
1075 3938 1228 4012 episcopus,
1244 3955 1337 3996 servus
1348 3955 1486 3996 servorum
1498 3940 1557 4008 Dei,
1569 3939 1718 3997 venerabili

921 4028 994 4085 tratri
1009 4029 1174 4084 Bnnulnoo
1188 4029 1316 4101 episeopo
1331 4028 1421 4086 Sancti
1437 4028 1548 4085 Davidis
1563 4028 1676 4084 salutem
1692 4035 1720 4084 et

920 4118 1095 4189 apostolicam
1111 4117 1337 4173 benedictionem.

956 4206 1139 4263 Fratemitatis
1154 4215 1205 4261 tuae
1221 4207 1322 4261 litteras
1336 4205 1429 4261 debita
1441 4205 1608 4278 benignitate
1624 4222 1718 4263 susee-

66 4294 135 4349 tiam
151 4306 219 4349 vero
242 4289 325 4360 ipsius
348 4288 400 4342 lori
413 4285 501 4341 nullus
515 4284 551 4339 ibi
567 4298 698 4354 usurpare
713 4287 864 4353 praesumat,
921 4296 1027 4368 pimus;
1052 4303 1079 4350 01
1100 4294 1173 4364 quod
1196 4294 1229 4349 (ιθ
1254 4294 1385 4367 dignitate
1408 4295 1536 4351 Epcresjae
1554 4304 1606 4351 ιω
1622 4304 1675 4353 ιω]
1691 4297 1719 4350 pn

71 4382 118 4438 sed
133 4380 220 4436 abbas
233 4375 494 4433 laurishammensis
509 4372 632 4429 eamdem
648 4371 789 4427 ecelesiam
804 4384 866 4425 eum
922 4385 988 4456 ipsis
1001 4399 1081 4455 quum
1098 4382 1125 4437 j„
1140 4383 1200 4438 apis
1214 4399 1274 4454 quae
1288 4399 1369 4454 supp,
1382 4385 1433 4438 po,
1448 4384 1481 4439 ad
1493 4384 1585 4439 φάρη]
1607 4392 1718 4455 aposto.

68 4468 241 4542 pertiuentiis
255 4467 310 4521 suis
321 4466 381 4522 locu
393 4463 514 4519 adrorati
530 4477 702 4532 apravomm
725 4458 864 4515 hominum
878 4445 906 4508 D
920 4473 999 4528 licam
1034 4471 1125 4527 [περ
1148 4479 1227 4539 sung,
1249 4471 1392 4543 diligenter
1417 4472 1592 4527 appendimus,
1619 4474 1719 4529 Vemm

70 4556 245 4614 infestatione
258 4555 395 4610 defendat.
420 4551 577 4623 Peregrinos
591 4558 679 4605 autem
692 4549 735 4605 vel
750 4546 867 4619 hospites
920 4561 1047 4632 quonjam
1068 4560 1186 4630 pcccatis
1198 4559 1368 4632 exigentibus
1382 4567 1409 4615 02
1422 4574 1564 4632 pravorum
1580 4562 1719 4618 hominum

70 4654 185 4711 restros,
205 4644 248 4716 qui
267 4662 295 4700 se
311 4643 348 4697 ibi
358 4641 467 4713 sepeliri
489 4639 705 4702 deliberaverint,
720 4635 866 4706 sepeliendi
920 4649 1155 4721 superabundante
1179 4649 1281 4703 mappa
1304 4647 1426 4719 ejusdem
1450 4651 1579 4706 Ecclesia,
1600 4650 1720 4720 dignitas

71 4735 227 4791 facultatem
252 4733 363 4787 liberam
388 4730 517 4797 habeatis,
533 4730 554 4783 si
570 4737 658 4783 tamen
679 4725 866 4781 excommuni·
920 4740 1003 4810 10030
1025 4736 1115 4809 ,tapso
1131 4745 1254 4807 ,empore
1274 4736 1308 4791 ab
1327 4736 1387 4806 ipsa
1412 4737 1527 4793 ,penam
1550 4746 1577 4794 ea
1590 4738 1626 4794 ,d
1650 4739 1720 4794 apa,

72 4834 124 4889 cati
139 4847 194 4887 noa
211 4831 321 4884 luerint.
340 4827 516 4883 Deeeroimus
529 4841 594 4896 ergo
619 4832 647 4879 ut
670 4822 735 4877 nulli
758 4821 868 4875 omnino

73 4920 216 4977 hominum
232 4919 310 4974 liceat
324 4917 463 4988 prefatam
479 4915 617 4970 ecclesiam
642 4921 742 4968 temera
763 4917 869 4981 pertur-

70 5010 154 5073 bare,
180 5016 226 5064 aut
247 5006 306 5077 ejus
328 5005 510 5074 possessiones
537 5001 659 5066 aulerre,
693 5000 736 5054 vel
767 4998 870 5053 ablatas

71 5099 196 5163 retinere,
212 5096 345 5162 minuere,
370 5100 417 5149 aut
441 5091 575 5160 aliquibus
595 5087 785 5144 vexationibus
803 5085 867 5140 iati-

72 5203 149 5259 gare,
166 5184 214 5240 sed
232 5183 323 5240 omnia
346 5183 451 5252 integra
470 5184 662 5234 conserventur
681 5191 787 5242 corum,
804 5188 870 5245 pro·

75 5290 190 5349 quorum
205 5270 403 5347 gubernatione
417 5277 443 5324 et
457 5265 648 5327 sustentatione
663 5279 788 5320 concessa
797 5269 868 5328 sunt,

73 5363 167 5420 usibus
179 5359 343 5419 omnimodis
366 5357 521 5430 pmiutura,
546 5355 620 5412 salva
641 5351 785 5409 diaecesani
808 5349 869 5421 epi·

74 5451 150 5525 scopi
163 5449 294 5507 canoniea
314 5446 418 5518 justitia
440 5453 467 5503 et
487 5445 641 5517 apostolicas
661 5441 732 5499 sedis
753 5438 871 5497 auctori·

76 5556 137 5608 laia.
158 5547 188 5606 Si
202 5563 256 5620 qua
276 5546 357 5619 igitur
374 5545 403 5600 in
422 5544 540 5599 iutururn
560 5540 740 5599 ecclesiastica
754 5538 869 5595 saecula·

74 5639 149 5698 risve
168 5651 296 5714 ρεποιιι,
311 5634 381 5692 bane
403 5639 502 5690 nostra
523 5626 720 5689 constitutionis
743 5627 871 5703 paginam

195 5760 354 5831 Parnon.
379 5755 558 5825 CLXXIX.

921 4826 1057 4883 Ecclesiae
1071 4827 1198 4880 translata
1222 4832 1279 4889 est,
1304 4832 1406 4880 certum
1429 4826 1494 4898 quid
1517 4827 1580 4883 inde
1603 4835 1719 4882 statuere

922 4917 955 4972 ad
980 4930 1102 4986 praesens
1126 4914 1268 4970 eonsilium
1293 4928 1347 4968 non
1369 4913 1514 4970 habemus.
1544 4915 1719 4985 Disponimus

922 5005 1031 5075 quidem
1046 5021 1096 5074 per
1109 5003 1157 5058 Dei
1176 5003 1291 5074 gratiam
1316 5003 1421 5074 legatos
1444 5011 1548 5059 nostros
1562 5020 1611 5073 pro
1624 5004 1720 5061 Eccle-

921 5095 1022 5148 sinrum
1037 5092 1151 5165 negotiis
1163 5090 1197 5146 ad
1212 5098 1303 5161 partes
1317 5091 1377 5146 illas
1400 5091 1428 5146 in
1451 5092 1576 5161 proximo
1591 5093 1717 5166 dirigere,

923 5180 1021 5252 quibus
1040 5180 1164 5236 eamdem
1186 5195 1295 5235 causam
1319 5180 1514 5251 perantiquus
1547 5181 1670 5237 homines
1693 5189 1721 5238 et

923 5268 1077 5325 authentica
1099 5268 1228 5323 Ecclesiae
1250 5275 1302 5324 tnoe
1325 5268 1424 5340 scripta
1454 5268 1574 5329 indicare
1602 5270 1718 5327 curabis.

924 5360 958 5413 Et
972 5374 1021 5414 nos
1033 5373 1082 5429 per
1095 5372 1142 5412 eos
1157 5356 1267 5412 veritate
1281 5357 1387 5428 plenius
1398 5357 1516 5431 eognitn,
1533 5359 1606 5429 quod
1623 5360 1658 5415 ad
1672 5362 1720 5416 ho·

924 5462 1017 5503 aorem
1033 5443 1082 5500 Dei
1095 5444 1265 5501 sumendum
1279 5444 1368 5515 luerit,
1384 5446 1523 5505 maturiori
1547 5447 1640 5506 habito
1654 5464 1719 5506 coa-

924 5535 985 5591 silio
995 5541 1151 5590 statuemus.

960 5624 1059 5681 Datum
1072 5622 1209 5695 mamni,
1226 5639 1247 5681 ιι
1261 5620 1324 5683 ldae
1337 5623 1414 5683 llaii.
