3750 6000
87 271 164 334 1597
568 262 774 327 nudastis
795 266 955 327 PONTIF.
977 265 1094 326 ANGL.
1120 295 1156 311 --
1177 264 1250 325 LlB.
1274 265 1326 347 IV,
1714 277 1796 336 1598

87 409 168 476 pater
180 401 322 459 llenultus
346 415 413 457 cum
438 397 498 454 lilio
517 397 667 463 llenelmo,
692 412 781 470 quem
796 397 909 469 genitor
924 400 950 466 Α
964 400 1024 453 atat
1037 397 1233 454 eumtertium
1244 397 1495 469 wigorniensium
1512 402 1666 474 praesulem
1687 404 1788 474 luisse,

88 498 257 563 septennem
273 486 447 555 Quendridre
471 485 560 543 sorori
581 485 740 557 reliquerat
759 483 908 542 alendum.
964 485 1061 543 locum
1074 485 1167 559 illum,
1180 489 1493 558 quonunoomnobium
1506 492 1620 561 visitur,
1636 493 1789 566 peculiari·

87 580 199 638 Sedilla
213 575 640 650 lalsocupiditatisuaregnum
654 572 793 647 pollicita,
808 573 909 630 irater·
964 580 1009 632 ter
1023 591 1149 641 amasse,
1165 575 1311 633 incultum
1328 582 1412 635 antee
1430 583 1458 634 et
1473 580 1595 652 spinetis
1625 582 1789 654 horridum,

87 666 480 728 culumtollendumemedio
492 665 622 734 satelliti,
634 665 683 739 qui
696 664 912 735 alumnuserat,
967 665 1017 721 sed
1033 664 1214 721 ecclesiolam
1230 665 1267 722 ab
1283 667 1401 738 antiquo
1416 666 1583 737 habentem,
1594 685 1628 726 ex
1639 687 1725 745 opere
1735 672 1791 729 lor·

88 758 315 817 commendavit.
331 758 356 815 ls
375 756 522 814 insontem
538 756 622 828 quasi
639 762 775 812 venatum
790 756 910 823 ducens,
966 752 1043 811 sitan
1060 753 1279 811 Britannorum.
1306 759 1345 812 llo
1360 754 1416 813 loci
1430 756 1474 813 vir
1489 759 1703 831 sanctissimus,
1719 761 1789 818 dnm

86 849 165 906 inter
187 848 324 904 fruticeta
342 846 549 903 obtruncatum
565 843 703 902 occuluit.
721 867 736 896 «
754 845 789 900 Et
805 843 910 900 mirum
966 840 1126 899 solitudine
1140 841 1282 900 invitante
1297 845 1496 916 frequentaret
1509 847 1659 919 excubias,
1675 848 1724 905 Dei
1740 866 1789 918 go·

86 938 177 1007 dictu,
195 937 273 1012 quod
288 937 370 993 lraus
386 940 446 992 tam
471 935 563 992 celate
578 934 607 992 in
621 934 729 1007 Anglia
753 932 912 990 commissa
966 931 1081 989 nitricis
1091 933 1202 991 visione
1212 938 1241 991 et
1251 933 1426 993 allocutione
1441 937 1562 995 mulceri
1577 937 1694 1008 meruit,
1705 938 1790 1009 plana

86 1030 183 1085 liomsa
193 1025 484 1085 divinitusinnotuit:
493 1024 638 1097 siquidem
646 1026 913 1091 membranasuper
966 1025 995 1076 et
1005 1021 1113 1093 absque
1128 1022 1265 1096 scrupulo
1276 1024 1525 1097 precipientis,ut
1538 1025 1645 1084 ibidem
1657 1026 1714 1084 sibi
1723 1027 1788 1083 lun·

86 1117 175 1174 altare
187 1116 283 1173 Sancti
294 1114 371 1173 Petri
383 1114 649 1187 columbasuperne
664 1113 910 1184 terentedelapsm
967 1115 1049 1170 daret
1063 1113 1227 1170 coenobiurn
1241 1115 1372 1171 laturum
1389 1115 1446 1172 sibi
1459 1116 1632 1187 gratiosum,
1645 1116 1687 1172 illl
1698 1132 1792 1191 nego·¹

86 1205 202 1264 necisct
213 1203 366 1275 sepultura
378 1202 432 1260 loci
446 1219 496 1275 per
510 1203 642 1259 ordinem
655 1202 741 1258 index
760 1201 825 1257 tuit.
843 1201 910 1268 Quas
966 1205 1085 1263 tionum.
1099 1204 1210 1261 Institit
1228 1204 1278 1262 ille
1288 1205 1393 1277 jussis,
1411 1211 1439 1263 et
1455 1209 1605 1280 complens
1620 1224 1705 1281 opus,
1716 1224 1790 1281 apo·

86 1292 911 1367 quodelementiabngliciseratconscripta,aRomanis
966 1296 1077 1352 stolicis
1106 1298 1134 1352 et
1161 1294 1248 1363 regiis
1277 1293 1436 1367 privilegiis
1451 1296 1659 1354 corroboravit.
1675 1318 1690 1348 a
1715 1295 1791 1364 Quid

90 1390 119 1442 at
134 1384 257 1441 aliarum
273 1386 404 1456 gentium
428 1382 610 1447 hominibus,
626 1382 677 1452 qui
702 1381 832 1450 aderaut,
850 1381 911 1437 lru·
966 1382 1791 1457 illudtcredendumneputatur,qucdtraditantiquitaa't

91 1478 154 1532 stra
168 1473 225 1546 logi
237 1478 356 1531 tentata,
371 1473 425 1529 Sed
437 1471 633 1529 salubriteret
645 1474 674 1528 in
690 1476 819 1541 tempore
842 1471 911 1528 asti·
966 1478 1149 1547 peccatorum
1162 1471 1337 1543 juvenilium
1353 1471 1501 1545 quondam
1522 1473 1683 1545 conscium,
1699 1473 1789 1547 pedes

86 1563 120 1621 tit
145 1563 269 1637 anglus,
290 1567 320 1620 et
347 1561 486 1619 latialiter
508 1561 614 1635 lingue
629 1561 811 1619 involucrum
832 1560 912 1620 evol·
966 1561 1791 1637 compedibusirretiisae,clavibuscompeduminamnem
1841 1624 1844 1629 ,

88 1670 172 1725 vens,
185 1652 280 1711 effecit
294 1656 326 1709 ut
350 1651 500 1725 apostolici
522 1652 646 1724 epistola
665 1653 784 1725 regibus
808 1651 911 1724 anglis
964 1654 1081 1727 jactatis
1097 1652 1195 1727 palam
1211 1652 1328 1722 dixisse,
1338 1656 1409 1709 tunc
1426 1667 1458 1710 se
1474 1653 1593 1709 demum
1610 1652 1645 1711 de
1662 1651 1791 1726 peccatis

89 1744 313 1818 compatriotam
334 1745 492 1816 martyrem
518 1742 670 1801 indicaret.
696 1742 837 1810 Quocirca
858 1743 913 1800 lre·
927 1722 950 1789 Β
966 1744 1335 1813 securumluturum‚curn
1356 1741 1564 1816 compedesvel
1580 1742 1731 1812 divinitus,
1746 1740 1791 1801 vel

89 1833 190 1907 quenti
217 1837 292 1890 cmtu
321 1833 438 1906 pueruli
464 1848 568 1906 corpus
583 1831 722 1901 levatum,
752 1833 913 1890 vehebatur
966 1833 1040 1909 lpsis
1058 1837 1258 1892 reserarentur
1275 1832 1418 1901 claribus,
1433 1832 1474 1889 ita
1490 1833 1614 1890 Romam
1630 1833 1792 1906 proiectum

87 1922 349 1981 Wincelcumbam.
381 1924 424 1979 lta
453 1921 625 1981 clericorum
654 1921 748 1979 vocali
770 1927 868 1990 cantu,
884 1926 912 1979 et
967 1937 1161 1996 prospereque
1183 1937 1338 1980 reversum.
1358 1924 1425 1978 tam
1439 1937 1505 1979 vero
1520 1922 1550 1978 in
1565 1922 1616 1979 illo
1631 1921 1715 1991 merl,
1732 1935 1790 1994 quo

86 2013 229 2071 laicorum
252 2011 341 2069 alacri
352 2011 458 2084 planen
475 2011 619 2085 parricida
634 2011 740 2069 lemine
754 2016 911 2081 commota,
968 2012 1103 2070 atlallico
1119 2012 1280 2069 continenti
1291 2011 1425 2084 Angliam
1441 2010 1554 2084 navigio
1570 2010 1792 2077 transmittitur,

87 2103 242 2160 slcnestra
257 2100 410 2173 coeoaculi,
422 2101 454 2158 in
465 2118 523 2174 quo
536 2102 643 2168 stabat,
655 2106 743 2174 caput
755 2101 868 2173 extulit,
883 2104 912 2158 et
968 2119 1034 2161 cum
1043 2100 1370 2176 navigaret‚immanem
1385 2098 1579 2172 piscemsaltu
1595 2099 1794 2173 puppim,qua

87 2193 161 2250 torte
176 2191 322 2264 psalmum
334 2191 471 2247 cantabat
488 2206 495 2245 ε
510 2191 581 2247 Dece
595 2190 703 2248 tradem
718 2206 806 2247 meum
822 2191 910 2265 (Psal.
969 2192 1097 2267 pontilex
1106 2190 1450 2263 vehebatur,ingressum
1462 2189 1654 2263 certatimque
1662 2187 1795 2246 adnitan-

62 2334 69 2350 ,
87 2286 175 2355 cvru).
194 2284 283 2349 Quem
300 2298 317 2337 a
334 2281 391 2338 line
406 2282 503 2338 nescio
528 2298 584 2354 quo
599 2281 746 2355 prestigio
764 2285 913 2355 retrogra-
968 2281 1048 2338 libne
1064 2279 1162 2336 nautis
1190 2283 1347 2337 retentum.
1376 2281 1407 2335 ln
1433 2280 1499 2351 ejus
1523 2277 1684 2336 exenterati
1695 2278 1794 2349 jecore

92 2377 162 2431 dum
179 2375 300 2441 ducens,
317 2371 465 2429 nitebatur
483 2371 613 2428 letitiam
634 2373 813 2428 cantantium
831 2371 911 2427 intir-
968 2368 1080 2427 clavem
1102 2371 1255 2441 repertam,
1272 2383 1403 2442 aeraequc
1419 2368 1594 2440 compedum
1617 2366 1794 2440 appositam,

92 2480 182 2522 mare.
199 2462 356 2518 Tumvero
385 2462 410 2517 vi
427 2463 523 2518 divina
552 2460 664 2517 lumina
686 2460 912 2518 venedumcavis
969 2453 1794 2531 sanctoeclutosscuritetisplurimumdonasse.»Nomi-

89 2554 207 2611 orbibus
236 2549 337 2607 evulsa
366 2567 469 2608 cruore
492 2565 607 2607 versum
636 2549 826 2623 polluerunt:
856 2552 914 2607 Hoc
969 2545 1795 2620 notissimusprotectoPaterest,etpetentibuserora-

90 2661 157 2717 opus
175 2661 281 2716 eorem,
306 2645 355 2717 qut
373 2641 520 2698 detrabunt
534 2639 607 2695 miti
626 2639 701 2711 opud
714 2638 872 2707 domiuum,
888 2645 914 2697 et
970 2639 1048 2706 bilis,
1060 2636 1254 2695 sicredulitae
1269 2637 1433 2709 rogantium
1446 2653 1502 2693 oon
1514 2635 1694 2692 titubaverit.
1706 2656 1721 2685 e
1733 2635 1794 2690 lm·

91 2735 140 2807 qui
153 2735 304 2808 lequuntur
317 2732 393 2789 meta
408 2731 544 2787 recusas
559 2730 683 2784 «acimum
702 2743 792 2785 meum
806 2727 912 2800 (ibid).
969 2728 1064 2802 plebis
1075 2731 1104 2784 et
1118 2731 1149 2784 tu
1163 2725 1251 2784 laude
1266 2730 1317 2782 tua
1335 2725 1424 2797 hujus
1448 2723 1593 2799 paginulas
1608 2727 1731 2795 partem,
1742 2721 1795 2797 qut

91 2824 210 2880 cruoris
225 2824 307 2894 signa
330 2824 446 2878 exstant
466 2817 553 2875 bodie
569 2816 781 2874 immanitatem
797 2816 915 2876 muller·
968 2817 1136 2876 coencbium
1146 2815 1224 2873 idem
1240 2814 1383 2884 illustras,
1395 2814 1474 2872 Felix
1488 2829 1561 2886 puer
1575 2812 1726 2871 Wolstanc
1740 2810 1794 2869 sslll

91 2912 176 2984 culm,
192 2919 221 2969 et
236 2912 285 2969 liei
299 2910 440 2967 ultionem
457 2907 610 2981 spirantia.
627 2927 641 2959 a
969 2905 1133 2975 wimundi,
1147 2904 1201 2961 lllii
1209 2902 1359 2971 Wictlafii,
1370 2903 1448 2976 regis
1456 2902 1640 2973 Marciorum,
1652 2908 1680 2959 et
1696 2900 1794 2958 litbel·

126 3001 178 3058 llst
193 3007 221 3059 et
236 2999 444 3057 monasterium
455 2996 688 3067 Tbcckesberim,
705 2998 781 3070 quod
801 2999 914 3056 noviter
969 3000 1051 3057 lledm
1067 2998 1134 3056 illive
1147 2997 1272 3067 Gelwltl,
1287 2997 1337 3071 qul
1359 2996 1415 3053 luit
1438 3003 1559 3069 patruus
1583 2993 1728 3052 Kenelmi.
1743 2992 1794 3065 l’e,

93 3090 236 3148 ltobertus
261 3089 341 3146 tilius
360 3088 499 3145 tiemonis
519 3087 616 3144 lavore
635 3103 688 3145 suo
703 3089 844 3160 provexit,
862 3045 951 3145 neoc
971 3090 1103 3161 inquam,
1123 3105 1181 3145 non
1210 3089 1323 3156 tacebo,
1339 3100 1427 3160 quem
1455 3084 1624 3142 Berlertbus
1653 3086 1795 3156 cognatus
1871 3148 1874 3153 ¹

92 3180 176 3236 lacile
186 3187 354 3249 memoratu,
369 3175 665 3251 quantumeraltavit,
677 3177 727 3234 ubi
739 3177 918 3235 etaediflcio-
972 3181 1083 3238 nelarie
1106 3180 1264 3237 interemit.
1289 3178 1452 3249 Norintque
1472 3177 1591 3248 posteri,
1608 3177 1633 3232 si
1661 3175 1713 3250 qui
1740 3174 1795 3233 baa

95 3285 161 3325 rum
173 3269 269 3338 decor,
283 3272 312 3325 et
323 3267 533 3323 monachorum
548 3264 677 3322 charitas
695 3266 916 3325 adventantium
975 3270 1140 3343 cognitione
1155 3270 1258 3342 dignas
1268 3265 1381 3324 litteras
1405 3265 1582 3338 putaverint,
1599 3264 1672 3322 nibil
1687 3265 1718 3320 in
1740 3279 1796 3321 sas-

92 3357 169 3429 rapit
180 3357 280 3414 oeulos
291 3360 320 3413 et
334 3355 426 3412 allicit
436 3356 563 3412 animos.
577 3354 683 3411 l'uerat
695 3354 765 3412 illud
783 3355 921 3429 primitus
975 3361 1040 3419 culo
1055 3359 1153 3417 indole
1181 3362 1232 3415 tua
1259 3356 1417 3430 gloriosus,
1442 3372 1501 3427 qua
1529 3353 1662 3412 irritatus
1676 3351 1755 3410 lanlo
1770 3355 1798 3411 ta

92 3446 410 3516 apudGraneburnnm,¹
428 3442 603 3501 sedabbatis
620 3442 728 3500 Gireldi
748 3445 919 3518 provisione,
975 3450 1063 3509 morti
1078 3448 1202 3515 dederit,
1216 3445 1290 3505 nibil
1305 3446 1335 3501 in
1359 3450 1415 3502 Deo
1438 3443 1564 3518 puritate
1579 3447 1630 3499 tua
1657 3442 1798 3502 lnnocen-

95 3532 922 3607 provicinidominicoppcrtunitate,etnominicsramter-
977 3542 1046 3608 tius,
1062 3554 1121 3610 qua
1136 3537 1277 3593 invitatus
1305 3536 1438 3592 internus
1461 3534 1569 3590 arbiter
1578 3536 1608 3590 te
1623 3531 1801 3606 glorificave-
1854 3554 1860 3563 ·

98 3621 803 3696 rarumcontiguo,'t‘beolresberiamaptiuslocari
813 3623 920 3680 visum.
976 3628 1024 3686 rit.
1039 3629 1112 3683 Nam
1128 3625 1200 3682 coelo
1214 3624 1336 3682 dimissa
1351 3625 1489 3680 columna
1501 3622 1633 3691 lucilera,
1645 3622 1800 3692 densaque

99 3709 920 3784 Simuletvldebaturvoluntatireligiosaenomennpplau·
976 3715 1071 3775 noctis
1085 3711 1366 3785 dirumpenspallia,
1377 3711 1530 3784 protunda
1541 3725 1634 3765 caveae
1647 3708 1743 3766 scelus
1752 3710 1801 3766 de·

100 3798 921 3874 dere,quodvheokasbertadicaturquasivheotocoabi-
976 3804 1058 3874 texit,
1084 3801 1231 3859 carnificis
1260 3799 1420 3871 nequitiam
1445 3797 1590 3869 arguit.»
1620 3798 1802 3870 Quapropter
1846 3784 1851 3795 ¹

99 3891 191 3958 ria,ld
207 3890 312 3948 estitei
325 3889 473 3962 genitricis
486 3887 579 3957 curia,
590 3887 772 3946 vocabuloea
783 3889 881 3947 Gracc
893 3895 923 3946 et
975 3892 1148 3952 venerande
1175 3888 1305 3962 reliquias
1339 3887 1439 3944 levate
1464 3889 1619 3959 parentum
1651 3884 1800 3959 obsequio,

96 3977 732 4052 boglicocomposito.lncrevitetismnostria
740 3978 921 4051 temporibus
977 3982 1155 4057 ltapendune
1169 3979 1270 4037 locate
1283 3981 1361 4044 sunt,
1376 3980 1448 4033 tunc
1461 3975 1601 4047 temporis
1618 3975 1727 4032 famoso
1737 3989 1801 4032 mo·

98 4067 921 4142 ineademprovinciaMalvernsnsemcnastcrium,quod
977 4070 1106 4131 nestorio
1122 4087 1129 4125 :
1151 4084 1229 4126 nunc
1244 4072 1289 4124 est
1311 4063 1511 4123 villacomitis
1526 4064 1700 4135 Castrensis,
1716 4063 1803 4136 culus

96 4159 169 4217 mibi
185 4175 237 4232 per
252 4158 437 4231 antiphrasin
448 4157 562 4214 videtur
572 4156 709 4213 sortitum
719 4173 785 4214 esse
798 4158 922 4216 vocabu·
976 4161 1068 4236 gloria
1080 4176 1130 4233 pro
1145 4158 1202 4216 situ
1214 4156 1368 4215 vetustatis
1378 4155 1501 4213 exoleta.
1511 4155 1799 4223 Nonollvestamum,

95 4248 167 4304 lum.
185 4248 249 4307 Non
264 4248 343 4304 enim
354 4246 395 4303 ibi
412 4246 498 4314 male,
515 4246 566 4304 sed
585 4247 660 4303 bene
673 4253 700 4303 et
727 4244 922 4319 pulcherrime
978 4257 1012 4308 ut
1026 4250 1096 4320 diri,
1109 4246 1269 4319 inhabitas,
1283 4247 1391 4320 dignus
1407 4246 1457 4317 qui
1473 4245 1621 4300 faventum
1636 4242 1709 4300 votis
1722 4256 1801 4300 sare·

95 4336 197 4409 religio
224 4338 335 4404 vernat,
353 4336 401 4392 ubi
417 4337 452 4392 ad
480 4335 676 4392 immortalem
693 4350 774 4406 spem
790 4350 960 4428 comme-D
977 4357 1032 4398 nus
1045 4338 1210 4413 indulgeas.
1224 4341 1362 4394 Perscore
1379 4333 1512 4392 lundavit
1529 4337 1558 4388 et
1572 4331 1691 4403 perlecit
1703 4347 1802 4389 omno·

94 4441 186 4493 moro,
211 4425 280 4480 dum
297 4424 464 4480 mortalium
485 4441 582 4481 rerum
613 4425 733 4496 penuria
760 4424 922 4483 monachos
976 4430 1060 4488 bium
1071 4424 1402 4500 temporeregislldgari
1415 4422 1677 4495 Egalwardusdux
1692 4419 1801 4478 Dorsa-

95 4512 186 4570 trablt
199 4517 228 4568 et
243 4512 466 4569 animat.ilabet
480 4512 568 4569 etiam
580 4513 920 4587 Wigorniensisprovin·
977 4519 1068 4577 tanais
1084 4516 1206 4574 minime
1222 4530 1327 4589 parcus
1343 4513 1453 4581 animo,
1474 4512 1525 4569 sed
1537 4511 1628 4568 eliuao
1639 4509 1670 4567 in
1680 4509 1804 4584 largita·

96 4601 295 4659 ciaabbatiam
309 4601 567 4669 Evesbamensem,
582 4602 815 4660 t’sracorensem.
831 4603 920 4662 lives-
975 4615 1034 4668 tem
1050 4606 1159 4666 studio.
1176 4608 1323 4664 Verumet
1337 4603 1422 4673 illud,
1434 4609 1466 4661 ut
1481 4607 1593 4672 castere,
1610 4608 1719 4675 quanto
1734 4616 1801 4658 suc·

95 4693 219 4749 hamum
230 4691 361 4749 fundavit
373 4693 475 4749 beatus
486 4691 624 4765 ligvvinua
635 4691 846 4766 episcopus,de
861 4709 920 4766 quo
975 4696 1108 4756 cubuerit
1123 4695 1301 4753 detrimento
1315 4691 1492 4760 miserabile,
1508 4691 1575 4765 plus
1588 4690 1634 4747 sul
1647 4689 1803 4749 medietate

98 4781 168 4855 quie
190 4781 324 4838 mtrarutt
339 4781 387 4853 su,
402 4782 478 4854 quod
495 4780 714 4847 serationem,
728 4783 857 4839 nondum
869 4798 922 4858 per
974 4784 1288 4845 diminutum.Partem
1297 4781 1584 4853 rivitamoccupavit
1592 4778 1726 4848 ambitio,
1734 4794 1804 4854 par·

96 4887 142 4928 me
158 4870 239 4943 potui
255 4870 404 4926 advertere
423 4866 465 4925 vel
482 4867 919 4942 paraliosaddiscere,praeser-
974 4878 1033 4933 tem
1061 4872 1194 4949 sepelivit
1221 4871 1338 4942 oblivio,
1355 4869 1553 4944 majusculam
1582 4867 1801 4941 proportionem

95 4963 146 5019 tim
163 4963 240 5036 quod
257 4977 322 5019 cum
332 4962 466 5018 Kenredo
481 4975 548 5034 rege
559 4960 732 5018 Marciorum
743 4969 769 5018 et
781 4960 921 5035 outrage
975 4980 1058 5037 reges
1072 4963 1234 5020 Edwardus
1248 4965 1277 5017 et
1290 4959 1472 5017 willielmus
1487 4958 1638 5016 contulere
1652 4956 1801 5015 Westmo·

94 5051 453 5124 OrientaliamAngloram
470 5050 920 5124 Romamiverit,quorumpro-
976 5054 1114 5111 nasterio.
1138 5051 1288 5108 Habentur
1308 5049 1356 5106 blc
1376 5048 1525 5121 aliquanta
1541 5046 1633 5104 lalicls
1657 5046 1802 5120 lldburgas
1842 5062 1848 5073 ¹

95 5141 251 5199 lectionem
268 5141 423 5199 historicus
436 5157 495 5198 non
507 5139 596 5197 siluit.
612 5139 822 5197 Verumtamen
839 5158 921 5213 que·
976 5160 1055 5213 ossa,
1071 5141 1315 5214 celebranturque
1329 5139 1451 5196 instanti
1465 5136 1638 5210 reverentie,
1658 5137 1735 5211 quod
1752 5135 1795 5193 ibi

94 5246 210 5304 cunque
235 5248 279 5289 res
295 5232 369 5290 hanc
393 5231 619 5289 taciturnitatem
636 5230 833 5305 imperaverit,
849 5247 920 5289 con·
975 5231 1164 5306 frequentiori
1177 5247 1265 5303 quam
1274 5229 1347 5286 aliae
1357 5227 1564 5285 miraculorum
1577 5225 1686 5286 meruit
1695 5225 1802 5300 glorie.

833 5525 1065 5565 ..q-..-
