<?xml version="1.0" encoding="UTF-8"?>
<!DOCTYPE html PUBLIC "-//W3C//DTD XHTML 1.0 Transitional//EN"
    "http://www.w3.org/TR/xhtml1/DTD/xhtml1-transitional.dtd">
<html xmlns="http://www.w3.org/1999/xhtml" xml:lang="en" lang="en">
 <head>
  <title>
</title>
<meta http-equiv="Content-Type" content="text/html;charset=utf-8" />
  <meta name='ocr-system' content='tesseract 3.04.00' />
  <meta name='ocr-capabilities' content='ocr_page ocr_carea ocr_par ocr_line ocrx_word'/>
</head>
<body>
  <div class='ocr_page' id='page_1' title='image "./patrologiaecurs25unkngoog_0261.png"; bbox 0 0 3772 6006; ppageno 0'>
   <div class='ocr_carea' id='block_1_1' title="bbox 105 193 158 247">
    <p class='ocr_par' dir='ltr' id='par_1_1' title="bbox 105 193 158 247">
     <span class='ocr_line' id='line_1_1' title="bbox 105 193 158 247; baseline 0 0"><span class='ocrx_word' id='word_1_1' title='bbox 105 193 158 247; x_wconf 80' lang='grc'><strong>11111</strong></span> 
     </span>
    </p>
   </div>
   <div class='ocr_carea' id='block_1_2' title="bbox 741 186 1122 247">
    <p class='ocr_par' dir='ltr' id='par_1_2' title="bbox 741 186 1122 247">
     <span class='ocr_line' id='line_1_2' title="bbox 741 186 1122 247; baseline 0 -3"><span class='ocrx_word' id='word_1_2' title='bbox 741 186 953 247; x_wconf 74' lang='grc' dir='ltr'>ἸΝΝΟΟΕΝΤῙΙ</span> <span class='ocrx_word' id='word_1_3' title='bbox 973 187 996 244; x_wconf 86' lang='grc'><strong>11</strong></span> <span class='ocrx_word' id='word_1_4' title='bbox 1011 189 1122 245; x_wconf 72' lang='lat' dir='ltr'><strong>PAPAE.</strong></span> 
     </span>
    </p>
   </div>
   <div class='ocr_carea' id='block_1_3' title="bbox 1702 199 1753 252">
    <p class='ocr_par' dir='ltr' id='par_1_3' title="bbox 1702 199 1753 252">
     <span class='ocr_line' id='line_1_3' title="bbox 1702 199 1753 252; baseline -0.02 0"><span class='ocrx_word' id='word_1_5' title='bbox 1702 199 1753 252; x_wconf 77' lang='grc'><strong>5111</strong></span> 
     </span>
    </p>
   </div>
   <div class='ocr_carea' id='block_1_4' title="bbox 104 313 1754 392">
    <p class='ocr_par' dir='ltr' id='par_1_4' title="bbox 104 313 1754 392">
     <span class='ocr_line' id='line_1_4' title="bbox 104 313 1754 392; baseline 0.002 -20"><span class='ocrx_word' id='word_1_6' title='bbox 104 316 216 387; x_wconf 78' lang='grc'><strong>1111111,</strong></span> <span class='ocrx_word' id='word_1_7' title='bbox 233 324 260 371; x_wconf 92' lang='lat' dir='ltr'><strong>et</strong></span> <span class='ocrx_word' id='word_1_8' title='bbox 274 316 346 388; x_wconf 93' lang='lat' dir='ltr'><strong>apud</strong></span> <span class='ocrx_word' id='word_1_9' title='bbox 366 316 517 373; x_wconf 87' lang='lat' dir='ltr'><strong>districtum</strong></span> <span class='ocrx_word' id='word_1_10' title='bbox 529 315 651 388; x_wconf 88' lang='lat' dir='ltr'><strong>judicem</strong></span> <span class='ocrx_word' id='word_1_11' title='bbox 666 313 944 388; x_wconf 64' lang='lat' dir='ltr'><strong>pruniacensem</strong></span> <span class='ocrx_word' id='word_1_12' title='bbox 959 315 1113 388; x_wconf 83' lang='lat' dir='ltr'><strong>vestrisque</strong></span> <span class='ocrx_word' id='word_1_13' title='bbox 1128 317 1332 374; x_wconf 87' lang='lat' dir='ltr'><strong>successoribus</strong></span> <span class='ocrx_word' id='word_1_14' title='bbox 1345 314 1451 376; x_wconf 83' lang='lat' dir='ltr'><strong>illibata</strong></span> <span class='ocrx_word' id='word_1_15' title='bbox 1470 324 1661 392; x_wconf 87' lang='lat' dir='ltr'><strong>permaneant.</strong></span> <span class='ocrx_word' id='word_1_16' title='bbox 1682 321 1754 376; x_wconf 86' lang='lat' dir='ltr'><strong>San-</strong></span> 
     </span>
    </p>
   </div>
   <div class='ocr_carea' id='block_1_5' title="bbox 107 405 935 1081">
    <p class='ocr_par' dir='ltr' id='par_1_5' title="bbox 107 405 465 476">
     <span class='ocr_line' id='line_1_5' title="bbox 107 405 465 476; baseline -0.006 -14"><span class='ocrx_word' id='word_1_17' title='bbox 107 405 185 476; x_wconf 66' lang='grc'><strong>11111</strong></span> <span class='ocrx_word' id='word_1_18' title='bbox 199 406 348 462; x_wconf 88' lang='lat' dir='ltr'><strong>inueniant.</strong></span> <span class='ocrx_word' id='word_1_19' title='bbox 366 409 465 462; x_wconf 75' lang='lat' dir='ltr'><strong>Amen.</strong></span> 
     </span>
    </p>

    <p class='ocr_par' dir='ltr' id='par_1_6' title="bbox 142 493 865 567">
     <span class='ocr_line' id='line_1_6' title="bbox 142 493 865 567; baseline -0.006 -16"><span class='ocrx_word' id='word_1_20' title='bbox 142 495 203 566; x_wconf 76' lang='lat' dir='ltr'><strong>ligo</strong></span> <span class='ocrx_word' id='word_1_21' title='bbox 220 494 392 550; x_wconf 77' lang='lat' dir='ltr'><strong>Innocentius</strong></span> <span class='ocrx_word' id='word_1_22' title='bbox 408 493 548 552; x_wconf 86' lang='lat' dir='ltr'><strong>catholicae</strong></span> <span class='ocrx_word' id='word_1_23' title='bbox 562 493 691 551; x_wconf 73' lang='lat' dir='ltr'><strong>Ecclesiae</strong></span> <span class='ocrx_word' id='word_1_24' title='bbox 706 494 865 567; x_wconf 88' lang='lat' dir='ltr'><strong>episeopus.</strong></span> 
     </span>
    </p>

    <p class='ocr_par' dir='ltr' id='par_1_7' title="bbox 109 578 904 727">
     <span class='ocr_line' id='line_1_7' title="bbox 142 578 904 655; baseline -0.004 -18"><span class='ocrx_word' id='word_1_25' title='bbox 142 583 204 655; x_wconf 77' lang='lat' dir='ltr'><strong>ligo</strong></span> <span class='ocrx_word' id='word_1_26' title='bbox 220 582 364 639; x_wconf 87' lang='lat' dir='ltr'><strong>Gererdus</strong></span> <span class='ocrx_word' id='word_1_27' title='bbox 378 581 523 654; x_wconf 90' lang='lat' dir='ltr'><strong>presbyter</strong></span> <span class='ocrx_word' id='word_1_28' title='bbox 532 581 678 639; x_wconf 85' lang='lat' dir='ltr'><strong>cardinalis</strong></span> <span class='ocrx_word' id='word_1_29' title='bbox 693 583 799 638; x_wconf 85' lang='lat' dir='ltr'><strong>Sauctoe</strong></span> <span class='ocrx_word' id='word_1_30' title='bbox 809 578 904 636; x_wconf 78' lang='lat' dir='ltr'>Crucis</span> 
     </span>
     <span class='ocr_line' id='line_1_8' title="bbox 109 670 313 727; baseline 0.005 -2"><span class='ocrx_word' id='word_1_31' title='bbox 109 670 135 725; x_wconf 92' lang='lat' dir='ltr'><strong>in</strong></span> <span class='ocrx_word' id='word_1_32' title='bbox 149 671 313 727; x_wconf 79' lang='lat' dir='ltr'>Jerusalem.</span> 
     </span>
    </p>

    <p class='ocr_par' dir='ltr' id='par_1_8' title="bbox 114 755 904 904">
     <span class='ocr_line' id='line_1_9' title="bbox 144 755 904 833; baseline -0.001 -18"><span class='ocrx_word' id='word_1_33' title='bbox 144 760 203 831; x_wconf 84' lang='lat' dir='ltr'><strong>ligo</strong></span> <span class='ocrx_word' id='word_1_34' title='bbox 221 759 366 815; x_wconf 88' lang='lat' dir='ltr'><strong>ltaselmus</strong></span> <span class='ocrx_word' id='word_1_35' title='bbox 385 759 531 833; x_wconf 87' lang='lat' dir='ltr'><strong>presbyter</strong></span> <span class='ocrx_word' id='word_1_36' title='bbox 550 755 698 816; x_wconf 86' lang='lat' dir='ltr'><strong>cardinalis</strong></span> <span class='ocrx_word' id='word_1_37' title='bbox 716 757 810 815; x_wconf 89' lang='lat' dir='ltr'><strong>Sancti</strong></span> <span class='ocrx_word' id='word_1_38' title='bbox 829 758 904 814; x_wconf 84' lang='lat' dir='ltr'><strong>Lau·</strong></span> 
     </span>
     <span class='ocr_line' id='line_1_10' title="bbox 114 847 361 904; baseline 0 -1"><span class='ocrx_word' id='word_1_39' title='bbox 114 848 194 904; x_wconf 88' lang='lat' dir='ltr'><strong>rentii</strong></span> <span class='ocrx_word' id='word_1_40' title='bbox 209 848 235 903; x_wconf 91' lang='lat' dir='ltr'><strong>iu</strong></span> <span class='ocrx_word' id='word_1_41' title='bbox 251 847 361 904; x_wconf 85' lang='lat' dir='ltr'><strong>Lucina.</strong></span> 
     </span>
    </p>

    <p class='ocr_par' dir='ltr' id='par_1_9' title="bbox 107 934 935 1081">
     <span class='ocr_line' id='line_1_11' title="bbox 141 934 935 1013; baseline 0 -23"><span class='ocrx_word' id='word_1_42' title='bbox 141 937 202 1009; x_wconf 87' lang='lat' dir='ltr'><strong>Ego</strong></span> <span class='ocrx_word' id='word_1_43' title='bbox 217 935 377 993; x_wconf 87' lang='lat' dir='ltr'><strong>Lictiiredus</strong></span> <span class='ocrx_word' id='word_1_44' title='bbox 391 937 537 1009; x_wconf 90' lang='lat' dir='ltr'><strong>presbyter</strong></span> <span class='ocrx_word' id='word_1_45' title='bbox 566 936 712 994; x_wconf 84' lang='lat' dir='ltr'><strong>cardinalis</strong></span> <span class='ocrx_word' id='word_1_46' title='bbox 740 936 783 991; x_wconf 90' lang='lat' dir='ltr'><strong>tit.</strong></span> <span class='ocrx_word' id='word_1_47' title='bbox 811 934 903 991; x_wconf 85' lang='lat' dir='ltr'><strong>Vesti-</strong></span> <span class='ocrx_word' id='word_1_48' title='bbox 932 1007 935 1013; x_wconf 24' lang='grc'>1</span> 
     </span>
     <span class='ocr_line' id='line_1_12' title="bbox 107 1040 161 1081; baseline -0.037 0"><span class='ocrx_word' id='word_1_49' title='bbox 107 1040 161 1081; x_wconf 87' lang='lat' dir='ltr'><strong>nee.</strong></span> 
     </span>
    </p>
   </div>
   <div class='ocr_carea' id='block_1_6' title="bbox 106 1120 905 1447">
    <p class='ocr_par' dir='ltr' id='par_1_10' title="bbox 107 1120 904 1267">
     <span class='ocr_line' id='line_1_13' title="bbox 143 1120 904 1195; baseline -0.004 -17"><span class='ocrx_word' id='word_1_50' title='bbox 143 1123 201 1194; x_wconf 85' lang='lat' dir='ltr'><strong>Ego</strong></span> <span class='ocrx_word' id='word_1_51' title='bbox 224 1123 312 1179; x_wconf 88' lang='lat' dir='ltr'><strong>Lucas</strong></span> <span class='ocrx_word' id='word_1_52' title='bbox 336 1123 478 1195; x_wconf 90' lang='lat' dir='ltr'><strong>presbyter</strong></span> <span class='ocrx_word' id='word_1_53' title='bbox 500 1120 649 1178; x_wconf 86' lang='lat' dir='ltr'><strong>cardinalis</strong></span> <span class='ocrx_word' id='word_1_54' title='bbox 676 1121 716 1177; x_wconf 90' lang='lat' dir='ltr'><strong>tit.</strong></span> <span class='ocrx_word' id='word_1_55' title='bbox 744 1122 904 1178; x_wconf 88' lang='lat' dir='ltr'><strong>Sanctorum</strong></span> 
     </span>
     <span class='ocr_line' id='line_1_14' title="bbox 107 1210 362 1267; baseline 0 -1"><span class='ocrx_word' id='word_1_56' title='bbox 107 1210 221 1267; x_wconf 79' lang='lat' dir='ltr'><strong>loannis</strong></span> <span class='ocrx_word' id='word_1_57' title='bbox 235 1219 263 1267; x_wconf 87' lang='lat' dir='ltr'><strong>et</strong></span> <span class='ocrx_word' id='word_1_58' title='bbox 279 1211 362 1267; x_wconf 87' lang='lat' dir='ltr'><strong>Pauli.</strong></span> 
     </span>
    </p>

    <p class='ocr_par' dir='ltr' id='par_1_11' title="bbox 106 1298 905 1447">
     <span class='ocr_line' id='line_1_15' title="bbox 145 1298 905 1371; baseline -0.005 -14"><span class='ocrx_word' id='word_1_59' title='bbox 145 1300 205 1371; x_wconf 83' lang='lat' dir='ltr'><strong>Ego</strong></span> <span class='ocrx_word' id='word_1_60' title='bbox 220 1300 310 1357; x_wconf 88' lang='lat' dir='ltr'><strong>Guido</strong></span> <span class='ocrx_word' id='word_1_61' title='bbox 319 1308 421 1357; x_wconf 85' lang='lat' dir='ltr'><strong>sanotae</strong></span> <span class='ocrx_word' id='word_1_62' title='bbox 434 1300 567 1356; x_wconf 82' lang='lat' dir='ltr'><strong>llomanue</strong></span> <span class='ocrx_word' id='word_1_63' title='bbox 580 1299 711 1356; x_wconf 74' lang='lat' dir='ltr'><strong>Ecclesiae</strong></span> <span class='ocrx_word' id='word_1_64' title='bbox 721 1298 853 1370; x_wconf 90' lang='lat' dir='ltr'><strong>indiguus</strong></span> <span class='ocrx_word' id='word_1_65' title='bbox 865 1313 905 1354; x_wconf 90' lang='lat' dir='ltr'><strong>sa·</strong></span> 
     </span>
     <span class='ocr_line' id='line_1_16' title="bbox 106 1388 217 1447; baseline -0.027 0"><span class='ocrx_word' id='word_1_66' title='bbox 106 1388 217 1447; x_wconf 79' lang='lat' dir='ltr'><strong>cardos.</strong></span> 
     </span>
    </p>
   </div>
   <div class='ocr_carea' id='block_1_7' title="bbox 111 1474 903 1618">
    <p class='ocr_par' dir='ltr' id='par_1_12' title="bbox 111 1474 903 1618">
     <span class='ocr_line' id='line_1_17' title="bbox 112 1474 903 1616; baseline -0.004 -83"><span class='ocrx_word' id='word_1_67' title='bbox 112 1559 117 1569; x_wconf 31' lang='grc' dir='ltr'>Ι</span> <span class='ocrx_word' id='word_1_68' title='bbox 140 1478 199 1616; x_wconf 58' lang='lat' dir='ltr'><strong>Ego</strong></span> <span class='ocrx_word' id='word_1_69' title='bbox 212 1480 259 1534; x_wconf 87' lang='lat' dir='ltr'><strong>luo</strong></span> <span class='ocrx_word' id='word_1_70' title='bbox 275 1479 416 1549; x_wconf 77' lang='lat' dir='ltr'><strong>presbiter</strong></span> <span class='ocrx_word' id='word_1_71' title='bbox 430 1476 578 1536; x_wconf 85' lang='lat' dir='ltr'><strong>cardinalis</strong></span> <span class='ocrx_word' id='word_1_72' title='bbox 594 1476 637 1533; x_wconf 90' lang='lat' dir='ltr'><strong>tit.</strong></span> <span class='ocrx_word' id='word_1_73' title='bbox 656 1475 749 1533; x_wconf 90' lang='lat' dir='ltr'><strong>Sancti</strong></span> <span class='ocrx_word' id='word_1_74' title='bbox 762 1474 903 1535; x_wconf 83' lang='lat' dir='ltr'><strong>Laurentii</strong></span> 
     </span>
     <span class='ocr_line' id='line_1_18' title="bbox 111 1575 281 1618; baseline 0.029 -5"><span class='ocrx_word' id='word_1_75' title='bbox 111 1575 138 1614; x_wconf 90' lang='lat' dir='ltr'><strong>m</strong></span> <span class='ocrx_word' id='word_1_76' title='bbox 178 1576 281 1618; x_wconf 85' lang='lat' dir='ltr'><strong>amesa.</strong></span> 
     </span>
    </p>
   </div>
   <div class='ocr_carea' id='block_1_8' title="bbox 958 404 1755 642">
    <p class='ocr_par' dir='ltr' id='par_1_13' title="bbox 958 404 1755 642">
     <span class='ocr_line' id='line_1_19' title="bbox 958 404 1755 480; baseline 0.003 -19"><span class='ocrx_word' id='word_1_77' title='bbox 958 404 1045 461; x_wconf 85' lang='lat' dir='ltr'><strong>cimus</strong></span> <span class='ocrx_word' id='word_1_78' title='bbox 1064 405 1143 462; x_wconf 85' lang='lat' dir='ltr'><strong>etiam</strong></span> <span class='ocrx_word' id='word_1_79' title='bbox 1168 414 1196 462; x_wconf 92' lang='lat' dir='ltr'><strong>ut</strong></span> <span class='ocrx_word' id='word_1_80' title='bbox 1223 408 1252 461; x_wconf 90' lang='lat' dir='ltr'><strong>in</strong></span> <span class='ocrx_word' id='word_1_81' title='bbox 1271 408 1368 464; x_wconf 90' lang='lat' dir='ltr'><strong>eodem</strong></span> <span class='ocrx_word' id='word_1_82' title='bbox 1395 409 1460 465; x_wconf 90' lang='lat' dir='ltr'><strong>loco</strong></span> <span class='ocrx_word' id='word_1_83' title='bbox 1489 409 1628 480; x_wconf 89' lang='lat' dir='ltr'><strong>perpetuis</strong></span> <span class='ocrx_word' id='word_1_84' title='bbox 1656 408 1755 464; x_wconf 77' lang='lat' dir='ltr'><strong>bituris</strong></span> 
     </span>
     <span class='ocr_line' id='line_1_20' title="bbox 958 494 1755 568; baseline 0.005 -20"><span class='ocrx_word' id='word_1_85' title='bbox 958 494 1129 564; x_wconf 79' lang='lat' dir='ltr'>temporibus</span> <span class='ocrx_word' id='word_1_86' title='bbox 1141 495 1272 551; x_wconf 86' lang='lat' dir='ltr'><strong>enitescat</strong></span> <span class='ocrx_word' id='word_1_87' title='bbox 1286 496 1400 568; x_wconf 84' lang='lat' dir='ltr'><strong>religio.</strong></span> <span class='ocrx_word' id='word_1_88' title='bbox 1424 496 1613 553; x_wconf 81' lang='lat' dir='ltr'><strong>interdicimus</strong></span> <span class='ocrx_word' id='word_1_89' title='bbox 1629 497 1711 554; x_wconf 86' lang='lat' dir='ltr'><strong>etiam</strong></span> <span class='ocrx_word' id='word_1_90' title='bbox 1726 506 1755 552; x_wconf 90' lang='lat' dir='ltr'><strong>ut</strong></span> 
     </span>
     <span class='ocr_line' id='line_1_21' title="bbox 959 582 1753 642; baseline 0.003 -4"><span class='ocrx_word' id='word_1_91' title='bbox 959 582 1026 638; x_wconf 91' lang='lat' dir='ltr'><strong>nulli</strong></span> <span class='ocrx_word' id='word_1_92' title='bbox 1040 584 1151 639; x_wconf 90' lang='lat' dir='ltr'><strong>omnino</strong></span> <span class='ocrx_word' id='word_1_93' title='bbox 1165 584 1306 639; x_wconf 90' lang='lat' dir='ltr'><strong>hominum</strong></span> <span class='ocrx_word' id='word_1_94' title='bbox 1329 584 1369 641; x_wconf 88' lang='lat' dir='ltr'><strong>ias</strong></span> <span class='ocrx_word' id='word_1_95' title='bbox 1386 585 1423 640; x_wconf 90' lang='lat' dir='ltr'><strong>sit</strong></span> <span class='ocrx_word' id='word_1_96' title='bbox 1434 586 1469 641; x_wconf 91' lang='lat' dir='ltr'><strong>de</strong></span> <span class='ocrx_word' id='word_1_97' title='bbox 1492 586 1591 642; x_wconf 87' lang='lat' dir='ltr'><strong>uestris</strong></span> <span class='ocrx_word' id='word_1_98' title='bbox 1611 585 1753 642; x_wconf 73' lang='lat' dir='ltr'><strong>laboribus</strong></span> 
     </span>
    </p>
   </div>
   <div class='ocr_carea' id='block_1_9' title="bbox 959 681 1754 755">
    <p class='ocr_par' dir='ltr' id='par_1_14' title="bbox 959 681 1754 755">
     <span class='ocr_line' id='line_1_22' title="bbox 959 681 1754 755; baseline 0.004 -20"><span class='ocrx_word' id='word_1_99' title='bbox 959 697 1028 753; x_wconf 86' lang='lat' dir='ltr'><strong>quos</strong></span> <span class='ocrx_word' id='word_1_100' title='bbox 1042 681 1159 752; x_wconf 86' lang='lat' dir='ltr'><strong>propriis</strong></span> <span class='ocrx_word' id='word_1_101' title='bbox 1174 681 1301 737; x_wconf 86' lang='lat' dir='ltr'><strong>manibus</strong></span> <span class='ocrx_word' id='word_1_102' title='bbox 1316 690 1362 736; x_wconf 93' lang='lat' dir='ltr'><strong>aut</strong></span> <span class='ocrx_word' id='word_1_103' title='bbox 1375 682 1527 755; x_wconf 89' lang='lat' dir='ltr'><strong>sumptibus</strong></span> <span class='ocrx_word' id='word_1_104' title='bbox 1541 682 1640 750; x_wconf 91' lang='lat' dir='ltr'><strong>colitis,</strong></span> <span class='ocrx_word' id='word_1_105' title='bbox 1657 682 1699 740; x_wconf 86' lang='lat' dir='ltr'><strong>rel</strong></span> <span class='ocrx_word' id='word_1_106' title='bbox 1720 683 1754 738; x_wconf 91' lang='lat' dir='ltr'><strong>de</strong></span> 
     </span>
    </p>
   </div>
   <div class='ocr_carea' id='block_1_10' title="bbox 958 768 1753 928">
    <p class='ocr_par' dir='ltr' id='par_1_15' title="bbox 958 768 1753 928">
     <span class='ocr_line' id='line_1_23' title="bbox 958 768 1753 841; baseline 0.004 -17"><span class='ocrx_word' id='word_1_107' title='bbox 958 768 1046 826; x_wconf 89' lang='lat' dir='ltr'><strong>irnetu</strong></span> <span class='ocrx_word' id='word_1_108' title='bbox 1062 778 1212 826; x_wconf 85' lang='lat' dir='ltr'><strong>uestrorum</strong></span> <span class='ocrx_word' id='word_1_109' title='bbox 1232 769 1389 827; x_wconf 88' lang='lat' dir='ltr'><strong>animalium</strong></span> <span class='ocrx_word' id='word_1_110' title='bbox 1409 770 1531 829; x_wconf 89' lang='lat' dir='ltr'><strong>decimas</strong></span> <span class='ocrx_word' id='word_1_111' title='bbox 1556 770 1676 841; x_wconf 80' lang='lat' dir='ltr'><strong>exigere.</strong></span> <span class='ocrx_word' id='word_1_112' title='bbox 1696 772 1753 827; x_wconf 87' lang='lat' dir='ltr'><strong>De·</strong></span> 
     </span>
     <span class='ocr_line' id='line_1_24' title="bbox 958 854 1753 928; baseline 0 -17"><span class='ocrx_word' id='word_1_113' title='bbox 958 854 1095 911; x_wconf 84' lang='lat' dir='ltr'><strong>cernimus</strong></span> <span class='ocrx_word' id='word_1_114' title='bbox 1110 870 1178 928; x_wconf 85' lang='lat' dir='ltr'><strong>ergo</strong></span> <span class='ocrx_word' id='word_1_115' title='bbox 1192 862 1221 911; x_wconf 92' lang='lat' dir='ltr'><strong>ut</strong></span> <span class='ocrx_word' id='word_1_116' title='bbox 1235 854 1302 910; x_wconf 90' lang='lat' dir='ltr'><strong>nulli</strong></span> <span class='ocrx_word' id='word_1_117' title='bbox 1312 854 1423 911; x_wconf 87' lang='lat' dir='ltr'><strong>omnino</strong></span> <span class='ocrx_word' id='word_1_118' title='bbox 1436 855 1576 912; x_wconf 90' lang='lat' dir='ltr'><strong>hominum</strong></span> <span class='ocrx_word' id='word_1_119' title='bbox 1586 855 1668 912; x_wconf 87' lang='lat' dir='ltr'><strong>liceat</strong></span> <span class='ocrx_word' id='word_1_120' title='bbox 1680 870 1753 927; x_wconf 88' lang='lat' dir='ltr'><strong>pree-</strong></span> 
     </span>
    </p>
   </div>
   <div class='ocr_carea' id='block_1_11' title="bbox 956 942 1758 1637">
    <p class='ocr_par' dir='ltr' id='par_1_16' title="bbox 956 942 1758 1637">
     <span class='ocr_line' id='line_1_25' title="bbox 958 942 1754 1015; baseline -0.004 -15"><span class='ocrx_word' id='word_1_121' title='bbox 958 942 1039 1000; x_wconf 83' lang='lat' dir='ltr'><strong>ietam</strong></span> <span class='ocrx_word' id='word_1_122' title='bbox 1063 950 1183 999; x_wconf 86' lang='lat' dir='ltr'><strong>uestram</strong></span> <span class='ocrx_word' id='word_1_123' title='bbox 1205 943 1348 1000; x_wconf 82' lang='lat' dir='ltr'><strong>ecclesiam</strong></span> <span class='ocrx_word' id='word_1_124' title='bbox 1386 952 1488 1000; x_wconf 89' lang='lat' dir='ltr'><strong>temere</strong></span> <span class='ocrx_word' id='word_1_125' title='bbox 1511 944 1685 1015; x_wconf 88' lang='lat' dir='ltr'><strong>perturbare,</strong></span> <span class='ocrx_word' id='word_1_126' title='bbox 1708 951 1754 998; x_wconf 90' lang='lat' dir='ltr'><strong>ant</strong></span> 
     </span>
     <span class='ocr_line' id='line_1_26' title="bbox 959 1031 1754 1104; baseline -0.004 -15"><span class='ocrx_word' id='word_1_127' title='bbox 959 1034 1018 1104; x_wconf 87' lang='lat' dir='ltr'><strong>ejus</strong></span> <span class='ocrx_word' id='word_1_128' title='bbox 1032 1032 1221 1104; x_wconf 88' lang='lat' dir='ltr'><strong>possessiones</strong></span> <span class='ocrx_word' id='word_1_129' title='bbox 1236 1031 1353 1099; x_wconf 85' lang='lat' dir='ltr'><strong>auterre,</strong></span> <span class='ocrx_word' id='word_1_130' title='bbox 1369 1032 1412 1088; x_wconf 84' lang='lat' dir='ltr'><strong>uel</strong></span> <span class='ocrx_word' id='word_1_131' title='bbox 1433 1032 1537 1088; x_wconf 88' lang='lat' dir='ltr'><strong>oblatas</strong></span> <span class='ocrx_word' id='word_1_132' title='bbox 1558 1032 1686 1100; x_wconf 88' lang='lat' dir='ltr'><strong>retinere,</strong></span> <span class='ocrx_word' id='word_1_133' title='bbox 1700 1032 1754 1086; x_wconf 89' lang='lat' dir='ltr'><strong>mi-</strong></span> 
     </span>
     <span class='ocr_line' id='line_1_27' title="bbox 958 1119 1755 1194; baseline -0.005 -16"><span class='ocrx_word' id='word_1_134' title='bbox 958 1138 1054 1191; x_wconf 88' lang='lat' dir='ltr'><strong>nuere,</strong></span> <span class='ocrx_word' id='word_1_135' title='bbox 1070 1139 1118 1178; x_wconf 88' lang='lat' dir='ltr'><strong>seu</strong></span> <span class='ocrx_word' id='word_1_136' title='bbox 1134 1120 1299 1194; x_wconf 76' lang='lat' dir='ltr'><strong>quibuslibet</strong></span> <span class='ocrx_word' id='word_1_137' title='bbox 1313 1120 1445 1177; x_wconf 87' lang='lat' dir='ltr'><strong>molestiis</strong></span> <span class='ocrx_word' id='word_1_138' title='bbox 1460 1121 1588 1193; x_wconf 76' lang='lat' dir='ltr'><strong>fatigare,</strong></span> <span class='ocrx_word' id='word_1_139' title='bbox 1605 1119 1755 1176; x_wconf 88' lang='lat' dir='ltr'><strong>sedumuia</strong></span> 
     </span>
     <span class='ocr_line' id='line_1_28' title="bbox 956 1208 1754 1284; baseline -0.004 -18"><span class='ocrx_word' id='word_1_140' title='bbox 956 1211 1066 1284; x_wconf 88' lang='lat' dir='ltr'><strong>integra</strong></span> <span class='ocrx_word' id='word_1_141' title='bbox 1082 1215 1278 1266; x_wconf 76' lang='lat' dir='ltr'><strong>conserventur</strong></span> <span class='ocrx_word' id='word_1_142' title='bbox 1291 1223 1395 1276; x_wconf 87' lang='lat' dir='ltr'><strong>eorum,</strong></span> <span class='ocrx_word' id='word_1_143' title='bbox 1415 1226 1466 1281; x_wconf 91' lang='lat' dir='ltr'><strong>pro</strong></span> <span class='ocrx_word' id='word_1_144' title='bbox 1481 1224 1594 1282; x_wconf 89' lang='lat' dir='ltr'><strong>quorum</strong></span> <span class='ocrx_word' id='word_1_145' title='bbox 1615 1208 1754 1281; x_wconf 87' lang='lat' dir='ltr'><strong>guberna·</strong></span> 
     </span>
     <span class='ocr_line' id='line_1_29' title="bbox 957 1296 1756 1366; baseline -0.006 -10"><span class='ocrx_word' id='word_1_146' title='bbox 957 1301 1030 1357; x_wconf 90' lang='lat' dir='ltr'><strong>tione</strong></span> <span class='ocrx_word' id='word_1_147' title='bbox 1040 1308 1066 1355; x_wconf 87' lang='lat' dir='ltr'><strong>et</strong></span> <span class='ocrx_word' id='word_1_148' title='bbox 1081 1303 1275 1359; x_wconf 75' lang='lat' dir='ltr'><strong>sustentatione</strong></span> <span class='ocrx_word' id='word_1_149' title='bbox 1286 1315 1420 1358; x_wconf 86' lang='lat' dir='ltr'><strong>concessa</strong></span> <span class='ocrx_word' id='word_1_150' title='bbox 1432 1306 1506 1366; x_wconf 90' lang='lat' dir='ltr'><strong>suut,</strong></span> <span class='ocrx_word' id='word_1_151' title='bbox 1518 1296 1611 1353; x_wconf 93' lang='lat' dir='ltr'><strong>usibus</strong></span> <span class='ocrx_word' id='word_1_152' title='bbox 1621 1296 1756 1353; x_wconf 90' lang='lat' dir='ltr'><strong>omnimo·</strong></span> 
     </span>
     <span class='ocr_line' id='line_1_30' title="bbox 957 1384 1754 1465; baseline -0.005 -21"><span class='ocrx_word' id='word_1_153' title='bbox 957 1388 1000 1444; x_wconf 89' lang='lat' dir='ltr'><strong>dis</strong></span> <span class='ocrx_word' id='word_1_154' title='bbox 1014 1388 1169 1461; x_wconf 79' lang='lat' dir='ltr'><strong>profutura.</strong></span> <span class='ocrx_word' id='word_1_155' title='bbox 1191 1391 1219 1446; x_wconf 87' lang='lat' dir='ltr'><strong>Si</strong></span> <span class='ocrx_word' id='word_1_156' title='bbox 1234 1392 1295 1465; x_wconf 90' lang='lat' dir='ltr'><strong>quis</strong></span> <span class='ocrx_word' id='word_1_157' title='bbox 1309 1390 1391 1464; x_wconf 89' lang='lat' dir='ltr'><strong>igitur</strong></span> <span class='ocrx_word' id='word_1_158' title='bbox 1404 1388 1431 1443; x_wconf 92' lang='lat' dir='ltr'><strong>in</strong></span> <span class='ocrx_word' id='word_1_159' title='bbox 1447 1387 1565 1442; x_wconf 76' lang='lat' dir='ltr'><strong>futurum</strong></span> <span class='ocrx_word' id='word_1_160' title='bbox 1581 1384 1643 1441; x_wconf 90' lang='lat' dir='ltr'><strong>buic</strong></span> <span class='ocrx_word' id='word_1_161' title='bbox 1660 1393 1754 1440; x_wconf 90' lang='lat' dir='ltr'><strong>nostro</strong></span> 
     </span>
     <span class='ocr_line' id='line_1_31' title="bbox 956 1473 1758 1551; baseline -0.007 -18"><span class='ocrx_word' id='word_1_162' title='bbox 956 1477 1070 1534; x_wconf 86' lang='lat' dir='ltr'><strong>decreto</strong></span> <span class='ocrx_word' id='word_1_163' title='bbox 1108 1480 1247 1536; x_wconf 85' lang='lat' dir='ltr'><strong>contraire</strong></span> <span class='ocrx_word' id='word_1_164' title='bbox 1284 1475 1502 1551; x_wconf 65' lang='lat' dir='ltr'><strong>presumpserit,</strong></span> <span class='ocrx_word' id='word_1_165' title='bbox 1541 1473 1758 1544; x_wconf 88' lang='lat' dir='ltr'><strong>indignationem</strong></span> 
     </span>
     <span class='ocr_line' id='line_1_32' title="bbox 957 1561 1758 1637; baseline -0.006 -17"><span class='ocrx_word' id='word_1_166' title='bbox 957 1567 1149 1637; x_wconf 89' lang='lat' dir='ltr'><strong>omnipotentis</strong></span> <span class='ocrx_word' id='word_1_167' title='bbox 1173 1568 1223 1624; x_wconf 88' lang='lat' dir='ltr'><strong>Dei</strong></span> <span class='ocrx_word' id='word_1_168' title='bbox 1240 1575 1267 1624; x_wconf 88' lang='lat' dir='ltr'><strong>et</strong></span> <span class='ocrx_word' id='word_1_169' title='bbox 1284 1568 1424 1623; x_wconf 89' lang='lat' dir='ltr'><strong>beatorum</strong></span> <span class='ocrx_word' id='word_1_170' title='bbox 1448 1562 1520 1618; x_wconf 82' lang='lat' dir='ltr'><strong>Petri</strong></span> <span class='ocrx_word' id='word_1_171' title='bbox 1543 1570 1569 1617; x_wconf 86' lang='lat' dir='ltr'><strong>et</strong></span> <span class='ocrx_word' id='word_1_172' title='bbox 1590 1561 1666 1617; x_wconf 86' lang='lat' dir='ltr'><strong>Pauli</strong></span> <span class='ocrx_word' id='word_1_173' title='bbox 1688 1576 1758 1631; x_wconf 90' lang='lat' dir='ltr'><strong>apo·</strong></span> 
     </span>
    </p>
   </div>
   <div class='ocr_carea' id='block_1_12' title="bbox 142 1648 1755 1734">
    <p class='ocr_par' dir='ltr' id='par_1_17' title="bbox 142 1648 1755 1734">
     <span class='ocr_line' id='line_1_33' title="bbox 142 1648 1755 1734; baseline -0.001 -29"><span class='ocrx_word' id='word_1_174' title='bbox 142 1649 203 1722; x_wconf 86' lang='lat' dir='ltr'><strong>ligo</strong></span> <span class='ocrx_word' id='word_1_175' title='bbox 218 1649 386 1724; x_wconf 78' lang='lat' dir='ltr'><strong>crisogonus</strong></span> <span class='ocrx_word' id='word_1_176' title='bbox 400 1650 546 1723; x_wconf 86' lang='lat' dir='ltr'><strong>presbyter</strong></span> <span class='ocrx_word' id='word_1_177' title='bbox 558 1648 707 1705; x_wconf 89' lang='lat' dir='ltr'><strong>cardinalis</strong></span> <span class='ocrx_word' id='word_1_178' title='bbox 717 1650 824 1707; x_wconf 85' lang='lat' dir='ltr'><strong>Sanctae</strong></span> <span class='ocrx_word' id='word_1_179' title='bbox 838 1649 903 1705; x_wconf 86' lang='lat' dir='ltr'><strong>Pra·</strong></span> <span class='ocrx_word' id='word_1_180' title='bbox 915 1655 1091 1734; x_wconf 72' lang='lat' dir='ltr'><strong>ss-stolorum</strong></span> <span class='ocrx_word' id='word_1_181' title='bbox 1105 1656 1164 1726; x_wconf 87' lang='lat' dir='ltr'><strong>ejus</strong></span> <span class='ocrx_word' id='word_1_182' title='bbox 1177 1656 1301 1713; x_wconf 83' lang='lat' dir='ltr'><strong>incurrat</strong></span> <span class='ocrx_word' id='word_1_183' title='bbox 1320 1663 1346 1711; x_wconf 88' lang='lat' dir='ltr'><strong>et</strong></span> <span class='ocrx_word' id='word_1_184' title='bbox 1359 1649 1637 1711; x_wconf 75' lang='lat' dir='ltr'><strong>excommunicationi</strong></span> <span class='ocrx_word' id='word_1_185' title='bbox 1661 1650 1755 1718; x_wconf 78' lang='lat' dir='ltr'><strong>subja-</strong></span> 
     </span>
    </p>
   </div>
   <div class='ocr_carea' id='block_1_13' title="bbox 107 1737 908 3486">
    <p class='ocr_par' dir='ltr' id='par_1_18' title="bbox 111 1737 201 1794">
     <span class='ocr_line' id='line_1_34' title="bbox 111 1737 201 1794; baseline -0.011 -1"><span class='ocrx_word' id='word_1_186' title='bbox 111 1737 201 1794; x_wconf 73' lang='lat' dir='ltr'><strong>aedis.</strong></span> 
     </span>
    </p>

    <p class='ocr_par' dir='ltr' id='par_1_19' title="bbox 147 1826 711 1899">
     <span class='ocr_line' id='line_1_35' title="bbox 147 1826 711 1899; baseline -0.002 -18"><span class='ocrx_word' id='word_1_187' title='bbox 147 1826 205 1898; x_wconf 86' lang='lat' dir='ltr'><strong>Ego</strong></span> <span class='ocrx_word' id='word_1_188' title='bbox 216 1827 357 1883; x_wconf 82' lang='lat' dir='ltr'><strong>Conrcdus</strong></span> <span class='ocrx_word' id='word_1_189' title='bbox 372 1826 543 1883; x_wconf 82' lang='lat' dir='ltr'><strong>sabiniensis</strong></span> <span class='ocrx_word' id='word_1_190' title='bbox 557 1826 711 1899; x_wconf 89' lang='lat' dir='ltr'><strong>episcopus.</strong></span> 
     </span>
    </p>

    <p class='ocr_par' dir='ltr' id='par_1_20' title="bbox 149 1915 749 1988">
     <span class='ocr_line' id='line_1_36' title="bbox 149 1915 749 1988; baseline -0.003 -18"><span class='ocrx_word' id='word_1_191' title='bbox 149 1916 209 1988; x_wconf 86' lang='lat' dir='ltr'><strong>Ego</strong></span> <span class='ocrx_word' id='word_1_192' title='bbox 224 1915 359 1972; x_wconf 88' lang='lat' dir='ltr'><strong>Albertus</strong></span> <span class='ocrx_word' id='word_1_193' title='bbox 374 1915 537 1972; x_wconf 75' lang='lat' dir='ltr'><strong>Albiniensis</strong></span> <span class='ocrx_word' id='word_1_194' title='bbox 552 1915 749 1988; x_wconf 89' lang='lat' dir='ltr'><strong>epispiscopus.</strong></span> 
     </span>
    </p>

    <p class='ocr_par' dir='ltr' id='par_1_21' title="bbox 144 2003 679 2076">
     <span class='ocr_line' id='line_1_37' title="bbox 144 2003 679 2076; baseline 0.006 -18"><span class='ocrx_word' id='word_1_195' title='bbox 144 2004 204 2076; x_wconf 82' lang='lat' dir='ltr'><strong>Ego</strong></span> <span class='ocrx_word' id='word_1_196' title='bbox 219 2003 363 2061; x_wconf 76' lang='grc'><strong>1111111111</strong></span> <span class='ocrx_word' id='word_1_197' title='bbox 379 2003 514 2062; x_wconf 85' lang='lat' dir='ltr'><strong>Ostiensis</strong></span> <span class='ocrx_word' id='word_1_198' title='bbox 525 2004 679 2076; x_wconf 83' lang='lat' dir='ltr'><strong>spiscopus.</strong></span> 
     </span>
    </p>

    <p class='ocr_par' dir='ltr' id='par_1_22' title="bbox 110 2092 907 2238">
     <span class='ocr_line' id='line_1_38' title="bbox 146 2092 907 2166; baseline 0.001 -18"><span class='ocrx_word' id='word_1_199' title='bbox 146 2092 208 2164; x_wconf 80' lang='lat' dir='ltr'><strong>ligo</strong></span> <span class='ocrx_word' id='word_1_200' title='bbox 237 2093 393 2166; x_wconf 78' lang='lat' dir='ltr'><strong>Gregorius</strong></span> <span class='ocrx_word' id='word_1_201' title='bbox 416 2092 564 2149; x_wconf 85' lang='lat' dir='ltr'><strong>cardinalis</strong></span> <span class='ocrx_word' id='word_1_202' title='bbox 584 2092 743 2149; x_wconf 91' lang='lat' dir='ltr'><strong>Sanctorum</strong></span> <span class='ocrx_word' id='word_1_203' title='bbox 765 2092 853 2166; x_wconf 89' lang='lat' dir='ltr'><strong>Sergii</strong></span> <span class='ocrx_word' id='word_1_204' title='bbox 880 2100 907 2149; x_wconf 92' lang='lat' dir='ltr'><strong>et</strong></span> 
     </span>
     <span class='ocr_line' id='line_1_39' title="bbox 110 2181 218 2238; baseline -0.009 -2"><span class='ocrx_word' id='word_1_205' title='bbox 110 2181 218 2238; x_wconf 85' lang='lat' dir='ltr'><strong>Bacchi.</strong></span> 
     </span>
    </p>

    <p class='ocr_par' dir='ltr' id='par_1_23' title="bbox 114 2264 906 2418">
     <span class='ocr_line' id='line_1_40' title="bbox 145 2264 906 2339; baseline 0.001 -18"><span class='ocrx_word' id='word_1_206' title='bbox 145 2267 205 2339; x_wconf 84' lang='lat' dir='ltr'><strong>Ego</strong></span> <span class='ocrx_word' id='word_1_207' title='bbox 218 2265 283 2321; x_wconf 91' lang='lat' dir='ltr'><strong>Otto</strong></span> <span class='ocrx_word' id='word_1_208' title='bbox 296 2264 428 2322; x_wconf 88' lang='lat' dir='ltr'><strong>diaconus</strong></span> <span class='ocrx_word' id='word_1_209' title='bbox 451 2264 599 2322; x_wconf 87' lang='lat' dir='ltr'><strong>cardinalis</strong></span> <span class='ocrx_word' id='word_1_210' title='bbox 620 2265 710 2321; x_wconf 80' lang='lat' dir='ltr'><strong>Sancti</strong></span> <span class='ocrx_word' id='word_1_211' title='bbox 732 2265 848 2338; x_wconf 87' lang='lat' dir='ltr'><strong>Georgii</strong></span> <span class='ocrx_word' id='word_1_212' title='bbox 871 2265 906 2322; x_wconf 92' lang='lat' dir='ltr'><strong>ad</strong></span> 
     </span>
     <span class='ocr_line' id='line_1_41' title="bbox 114 2361 358 2418; baseline -0.008 -1"><span class='ocrx_word' id='word_1_213' title='bbox 114 2361 211 2417; x_wconf 86' lang='lat' dir='ltr'><strong>Velum</strong></span> <span class='ocrx_word' id='word_1_214' title='bbox 225 2365 358 2418; x_wconf 80' lang='lat' dir='ltr'><strong>Aureum.</strong></span> 
     </span>
    </p>

    <p class='ocr_par' dir='ltr' id='par_1_24' title="bbox 147 2449 890 2523">
     <span class='ocr_line' id='line_1_42' title="bbox 147 2449 890 2523; baseline -0.004 -16"><span class='ocrx_word' id='word_1_215' title='bbox 147 2452 206 2523; x_wconf 86' lang='lat' dir='ltr'><strong>Ego</strong></span> <span class='ocrx_word' id='word_1_216' title='bbox 219 2450 350 2507; x_wconf 86' lang='lat' dir='ltr'><strong>Vassalus</strong></span> <span class='ocrx_word' id='word_1_217' title='bbox 364 2451 496 2506; x_wconf 88' lang='lat' dir='ltr'><strong>diaconus</strong></span> <span class='ocrx_word' id='word_1_218' title='bbox 518 2449 663 2506; x_wconf 76' lang='lat' dir='ltr'><strong>cardinalis</strong></span> <span class='ocrx_word' id='word_1_219' title='bbox 685 2449 716 2504; x_wconf 89' lang='lat' dir='ltr'><strong>S.</strong></span> <span class='ocrx_word' id='word_1_220' title='bbox 742 2450 890 2506; x_wconf 77' lang='lat' dir='ltr'><strong>Eustachii.</strong></span> 
     </span>
    </p>

    <p class='ocr_par' dir='ltr' id='par_1_25' title="bbox 117 2538 907 2680">
     <span class='ocr_line' id='line_1_43' title="bbox 145 2538 907 2613; baseline -0.001 -19"><span class='ocrx_word' id='word_1_221' title='bbox 145 2539 289 2613; x_wconf 83' lang='lat' dir='ltr'><strong>ligo....·.</strong></span> <span class='ocrx_word' id='word_1_222' title='bbox 316 2539 461 2610; x_wconf 82' lang='lat' dir='ltr'><strong>presbyter</strong></span> <span class='ocrx_word' id='word_1_223' title='bbox 489 2539 594 2594; x_wconf 82' lang='lat' dir='ltr'><strong>Sanctae</strong></span> <span class='ocrx_word' id='word_1_224' title='bbox 622 2538 752 2594; x_wconf 84' lang='lat' dir='ltr'><strong>llomanae</strong></span> <span class='ocrx_word' id='word_1_225' title='bbox 775 2538 907 2595; x_wconf 80' lang='lat' dir='ltr'><strong>Ecclesiae</strong></span> 
     </span>
     <span class='ocr_line' id='line_1_44' title="bbox 117 2622 414 2680; baseline 0 -3"><span class='ocrx_word' id='word_1_226' title='bbox 117 2622 248 2680; x_wconf 89' lang='lat' dir='ltr'><strong>diaconus</strong></span> <span class='ocrx_word' id='word_1_227' title='bbox 259 2623 414 2679; x_wconf 88' lang='lat' dir='ltr'><strong>cardinalis.</strong></span> 
     </span>
    </p>

    <p class='ocr_par' dir='ltr' id='par_1_26' title="bbox 112 2717 908 2863">
     <span class='ocr_line' id='line_1_45' title="bbox 146 2717 908 2790; baseline 0 -16"><span class='ocrx_word' id='word_1_228' title='bbox 146 2721 206 2790; x_wconf 80' lang='lat' dir='ltr'><strong>Ego</strong></span> <span class='ocrx_word' id='word_1_229' title='bbox 229 2719 314 2775; x_wconf 89' lang='lat' dir='ltr'><strong>Goizo</strong></span> <span class='ocrx_word' id='word_1_230' title='bbox 341 2728 444 2776; x_wconf 76' lang='lat' dir='ltr'><strong>sancte</strong></span> <span class='ocrx_word' id='word_1_231' title='bbox 470 2719 599 2775; x_wconf 76' lang='lat' dir='ltr'><strong>Romane</strong></span> <span class='ocrx_word' id='word_1_232' title='bbox 624 2717 755 2773; x_wconf 83' lang='grc'><strong>1111111111</strong></span> <span class='ocrx_word' id='word_1_233' title='bbox 777 2717 908 2776; x_wconf 89' lang='lat' dir='ltr'><strong>diaconus</strong></span> 
     </span>
     <span class='ocr_line' id='line_1_46' title="bbox 112 2806 270 2863; baseline 0 0"><span class='ocrx_word' id='word_1_234' title='bbox 112 2806 270 2863; x_wconf 85' lang='lat' dir='ltr'><strong>cardinalis.</strong></span> 
     </span>
    </p>

    <p class='ocr_par' dir='ltr' id='par_1_27' title="bbox 109 2895 908 3041">
     <span class='ocr_line' id='line_1_47' title="bbox 147 2895 908 2953; baseline 0.001 -1"><span class='ocrx_word' id='word_1_235' title='bbox 147 2895 289 2952; x_wconf 86' lang='lat' dir='ltr'><strong>Raiuerius</strong></span> <span class='ocrx_word' id='word_1_236' title='bbox 317 2895 450 2953; x_wconf 90' lang='lat' dir='ltr'><strong>diaconus</strong></span> <span class='ocrx_word' id='word_1_237' title='bbox 477 2895 626 2952; x_wconf 87' lang='lat' dir='ltr'><strong>cardinalis</strong></span> <span class='ocrx_word' id='word_1_238' title='bbox 652 2903 753 2952; x_wconf 81' lang='lat' dir='ltr'><strong>sancte</strong></span> <span class='ocrx_word' id='word_1_239' title='bbox 780 2896 908 2953; x_wconf 89' lang='lat' dir='ltr'><strong>liomauae</strong></span> 
     </span>
     <span class='ocr_line' id='line_1_48' title="bbox 109 2983 248 3041; baseline 0 -2"><span class='ocrx_word' id='word_1_240' title='bbox 109 2983 248 3041; x_wconf 76' lang='lat' dir='ltr'><strong>Ecclesiae.</strong></span> 
     </span>
    </p>

    <p class='ocr_par' dir='ltr' id='par_1_28' title="bbox 107 3073 904 3486">
     <span class='ocr_line' id='line_1_49' title="bbox 144 3073 902 3146; baseline 0.004 -18"><span class='ocrx_word' id='word_1_241' title='bbox 144 3073 213 3128; x_wconf 84' lang='lat' dir='ltr'><strong>Data</strong></span> <span class='ocrx_word' id='word_1_242' title='bbox 228 3074 350 3131; x_wconf 83' lang='lat' dir='ltr'><strong>Laterani</strong></span> <span class='ocrx_word' id='word_1_243' title='bbox 364 3091 414 3146; x_wconf 91' lang='lat' dir='ltr'><strong>per</strong></span> <span class='ocrx_word' id='word_1_244' title='bbox 435 3089 545 3130; x_wconf 88' lang='lat' dir='ltr'><strong>manum</strong></span> <span class='ocrx_word' id='word_1_245' title='bbox 564 3073 700 3141; x_wconf 66' lang='lat' dir='ltr'><strong>stimerici,</strong></span> <span class='ocrx_word' id='word_1_246' title='bbox 726 3082 828 3131; x_wconf 84' lang='lat' dir='ltr'><strong>sanctae</strong></span> <span class='ocrx_word' id='word_1_247' title='bbox 847 3075 902 3131; x_wconf 87' lang='grc'><strong>111-</strong></span> 
     </span>
     <span class='ocr_line' id='line_1_50' title="bbox 107 3161 904 3233; baseline 0.003 -17"><span class='ocrx_word' id='word_1_248' title='bbox 107 3175 198 3218; x_wconf 77' lang='lat' dir='ltr'><strong>manae</strong></span> <span class='ocrx_word' id='word_1_249' title='bbox 213 3161 342 3218; x_wconf 85' lang='lat' dir='ltr'><strong>Ecclesiae</strong></span> <span class='ocrx_word' id='word_1_250' title='bbox 353 3163 462 3218; x_wconf 88' lang='lat' dir='ltr'><strong>diaconi</strong></span> <span class='ocrx_word' id='word_1_251' title='bbox 475 3162 622 3218; x_wconf 84' lang='lat' dir='ltr'><strong>cardinalis</strong></span> <span class='ocrx_word' id='word_1_252' title='bbox 636 3171 663 3220; x_wconf 89' lang='lat' dir='ltr'><strong>ot</strong></span> <span class='ocrx_word' id='word_1_253' title='bbox 677 3163 840 3230; x_wconf 83' lang='lat' dir='ltr'><strong>cancellarii,</strong></span> <span class='ocrx_word' id='word_1_254' title='bbox 852 3163 904 3233; x_wconf 88' lang='lat' dir='ltr'><strong>pri·</strong></span> 
     </span>
     <span class='ocr_line' id='line_1_51' title="bbox 107 3250 904 3318; baseline -0.003 -11"><span class='ocrx_word' id='word_1_255' title='bbox 107 3250 153 3308; x_wconf 86' lang='lat' dir='ltr'><strong>dio</strong></span> <span class='ocrx_word' id='word_1_256' title='bbox 181 3252 276 3308; x_wconf 87' lang='lat' dir='ltr'><strong>Nonas</strong></span> <span class='ocrx_word' id='word_1_257' title='bbox 304 3251 403 3318; x_wconf 77' lang='lat' dir='ltr'><strong>liertii,</strong></span> <span class='ocrx_word' id='word_1_258' title='bbox 432 3251 628 3308; x_wconf 88' lang='lat' dir='ltr'><strong>iucarnationis</strong></span> <span class='ocrx_word' id='word_1_259' title='bbox 658 3251 807 3308; x_wconf 83' lang='lat' dir='ltr'><strong>Dominicae</strong></span> <span class='ocrx_word' id='word_1_260' title='bbox 833 3266 904 3306; x_wconf 91' lang='lat' dir='ltr'><strong>anno</strong></span> 
     </span>
     <span class='ocr_line' id='line_1_52' title="bbox 109 3339 904 3412; baseline -0.003 -17"><span class='ocrx_word' id='word_1_261' title='bbox 109 3340 190 3407; x_wconf 83' lang='grc'><strong>1139,</strong></span> <span class='ocrx_word' id='word_1_262' title='bbox 213 3340 385 3412; x_wconf 82' lang='lat' dir='ltr'><strong>pontificatus</strong></span> <span class='ocrx_word' id='word_1_263' title='bbox 406 3341 585 3397; x_wconf 83' lang='lat' dir='ltr'><strong>verodomni</strong></span> <span class='ocrx_word' id='word_1_264' title='bbox 607 3339 757 3398; x_wconf 90' lang='lat' dir='ltr'><strong>innocentii</strong></span> <span class='ocrx_word' id='word_1_265' title='bbox 777 3354 856 3412; x_wconf 73' lang='lat' dir='ltr'><strong>papae</strong></span> <span class='ocrx_word' id='word_1_266' title='bbox 880 3341 904 3393; x_wconf 98' lang='lat' dir='ltr'><strong>ll</strong></span> 
     </span>
     <span class='ocr_line' id='line_1_53' title="bbox 108 3429 350 3486; baseline 0.008 -3"><span class='ocrx_word' id='word_1_267' title='bbox 108 3443 180 3485; x_wconf 86' lang='lat' dir='ltr'><strong>suno</strong></span> <span class='ocrx_word' id='word_1_268' title='bbox 194 3429 350 3486; x_wconf 87' lang='lat' dir='ltr'><strong>undecimo.</strong></span> 
     </span>
    </p>
   </div>
   <div class='ocr_carea' id='block_1_14' title="bbox 454 3544 560 3601">
    <p class='ocr_par' dir='ltr' id='par_1_29' title="bbox 454 3544 560 3601">
     <span class='ocr_line' id='line_1_54' title="bbox 454 3544 560 3601; baseline 0.009 -1"><span class='ocrx_word' id='word_1_269' title='bbox 454 3544 560 3601; x_wconf 81' lang='lat' dir='ltr'><strong>cuxtl</strong></span> 
     </span>
    </p>
   </div>
   <div class='ocr_carea' id='block_1_15' title="bbox 108 3656 899 3909">
    <p class='ocr_par' dir='ltr' id='par_1_30' title="bbox 108 3656 899 3909">
     <span class='ocr_line' id='line_1_55' title="bbox 108 3656 899 3732; baseline 0.001 -19"><span class='ocrx_word' id='word_1_270' title='bbox 108 3656 295 3731; x_wconf 83' lang='lat' dir='ltr'><strong>Priuilepium</strong></span> <span class='ocrx_word' id='word_1_271' title='bbox 309 3674 360 3732; x_wconf 87' lang='lat' dir='ltr'><strong>pro</strong></span> <span class='ocrx_word' id='word_1_272' title='bbox 383 3660 501 3716; x_wconf 76' lang='lat' dir='ltr'><strong>ecclesia</strong></span> <span class='ocrx_word' id='word_1_273' title='bbox 519 3660 550 3716; x_wconf 88' lang='lat' dir='ltr'><strong>S.</strong></span> <span class='ocrx_word' id='word_1_274' title='bbox 575 3661 683 3718; x_wconf 83' lang='grc'><strong>11111111</strong></span> <span class='ocrx_word' id='word_1_275' title='bbox 708 3660 899 3732; x_wconf 84' lang='lat' dir='ltr'><strong>lliserayeusi.</strong></span> 
     </span>
     <span class='ocr_line' id='line_1_56' title="bbox 330 3747 683 3820; baseline 0.008 -18"><span class='ocrx_word' id='word_1_276' title='bbox 330 3747 425 3818; x_wconf 80' lang='lat' dir='ltr'><strong>(Auno</strong></span> <span class='ocrx_word' id='word_1_277' title='bbox 441 3750 519 3815; x_wconf 85' lang='grc'><strong>1110,</strong></span> <span class='ocrx_word' id='word_1_278' title='bbox 536 3748 622 3820; x_wconf 79' lang='lat' dir='ltr'><strong>April.</strong></span> <span class='ocrx_word' id='word_1_279' title='bbox 639 3750 683 3820; x_wconf 82' lang='lat'><strong>3.)</strong></span> 
     </span>
     <span class='ocr_line' id='line_1_57' title="bbox 246 3835 749 3909; baseline 0.004 -17"><span class='ocrx_word' id='word_1_280' title='bbox 246 3836 333 3909; x_wconf 74' lang='lat' dir='ltr'><strong>[cult.</strong></span> <span class='ocrx_word' id='word_1_281' title='bbox 358 3837 475 3904; x_wconf 70' lang='lat' dir='ltr'><strong>Christ„</strong></span> <span class='ocrx_word' id='word_1_282' title='bbox 492 3835 527 3905; x_wconf 93' lang='lat' dir='ltr'><strong>ll,</strong></span> <span class='ocrx_word' id='word_1_283' title='bbox 544 3836 749 3908; x_wconf 78' lang='lat' dir='ltr'><strong>lustrum.,liii.l</strong></span> 
     </span>
    </p>
   </div>
   <div class='ocr_carea' id='block_1_16' title="bbox 106 3951 906 4112">
    <p class='ocr_par' dir='ltr' id='par_1_31' title="bbox 106 3951 906 4112">
     <span class='ocr_line' id='line_1_58' title="bbox 144 3951 906 4023; baseline -0.001 -17"><span class='ocrx_word' id='word_1_284' title='bbox 144 3954 332 4009; x_wconf 79' lang='lat' dir='ltr'><strong>inuocsurrus</strong></span> <span class='ocrx_word' id='word_1_285' title='bbox 347 3951 502 4023; x_wconf 88' lang='lat' dir='ltr'><strong>episcopus,</strong></span> <span class='ocrx_word' id='word_1_286' title='bbox 519 3967 769 4009; x_wconf 84' lang='lat' dir='ltr'><strong>seruusservorum</strong></span> <span class='ocrx_word' id='word_1_287' title='bbox 783 3951 843 4016; x_wconf 88' lang='lat' dir='ltr'><strong>Dei,</strong></span> <span class='ocrx_word' id='word_1_288' title='bbox 864 3951 906 4007; x_wconf 91' lang='lat' dir='ltr'><strong>di·</strong></span> 
     </span>
     <span class='ocr_line' id='line_1_59' title="bbox 106 4038 903 4112; baseline 0 -16"><span class='ocrx_word' id='word_1_289' title='bbox 106 4038 185 4097; x_wconf 81' lang='lat' dir='ltr'><strong>leeris</strong></span> <span class='ocrx_word' id='word_1_290' title='bbox 199 4040 226 4095; x_wconf 93' lang='lat' dir='ltr'><strong>in</strong></span> <span class='ocrx_word' id='word_1_291' title='bbox 241 4041 348 4097; x_wconf 82' lang='lat' dir='ltr'><strong>Christo</strong></span> <span class='ocrx_word' id='word_1_292' title='bbox 362 4040 423 4096; x_wconf 87' lang='lat' dir='ltr'><strong>liliis</strong></span> <span class='ocrx_word' id='word_1_293' title='bbox 439 4041 577 4097; x_wconf 80' lang='lat' dir='ltr'><strong>Gsnsnuo</strong></span> <span class='ocrx_word' id='word_1_294' title='bbox 592 4040 679 4112; x_wconf 89' lang='lat' dir='ltr'><strong>priori</strong></span> <span class='ocrx_word' id='word_1_295' title='bbox 694 4040 729 4096; x_wconf 91' lang='lat' dir='ltr'><strong>de</strong></span> <span class='ocrx_word' id='word_1_296' title='bbox 749 4040 903 4108; x_wconf 88' lang='lat' dir='ltr'><strong>liiseraico,</strong></span> 
     </span>
    </p>
   </div>
   <div class='ocr_carea' id='block_1_17' title="bbox 106 4137 906 4372">
    <p class='ocr_par' dir='ltr' id='par_1_32' title="bbox 106 4137 906 4372">
     <span class='ocr_line' id='line_1_60' title="bbox 106 4137 906 4211; baseline -0.005 -17"><span class='ocrx_word' id='word_1_297' title='bbox 106 4137 223 4210; x_wconf 80' lang='lat' dir='ltr'><strong>ejusque</strong></span> <span class='ocrx_word' id='word_1_298' title='bbox 237 4139 368 4195; x_wconf 85' lang='lat' dir='ltr'><strong>iratribus</strong></span> <span class='ocrx_word' id='word_1_299' title='bbox 386 4146 441 4194; x_wconf 88' lang='lat' dir='ltr'><strong>tam</strong></span> <span class='ocrx_word' id='word_1_300' title='bbox 460 4139 641 4210; x_wconf 72' lang='lat' dir='ltr'><strong>presentibus</strong></span> <span class='ocrx_word' id='word_1_301' title='bbox 660 4153 743 4211; x_wconf 90' lang='lat' dir='ltr'><strong>quam</strong></span> <span class='ocrx_word' id='word_1_302' title='bbox 763 4137 858 4194; x_wconf 87' lang='lat' dir='ltr'><strong>laturis</strong></span> <span class='ocrx_word' id='word_1_303' title='bbox 877 4138 906 4193; x_wconf 93' lang='lat' dir='ltr'><strong>in</strong></span> 
     </span>
     <span class='ocr_line' id='line_1_61' title="bbox 107 4225 906 4298; baseline 0 -15"><span class='ocrx_word' id='word_1_304' title='bbox 107 4226 207 4283; x_wconf 88' lang='lat' dir='ltr'><strong>eodem</strong></span> <span class='ocrx_word' id='word_1_305' title='bbox 227 4226 287 4284; x_wconf 89' lang='lat' dir='ltr'><strong>loco</strong></span> <span class='ocrx_word' id='word_1_306' title='bbox 311 4226 471 4298; x_wconf 78' lang='lat' dir='ltr'><strong>religiosam</strong></span> <span class='ocrx_word' id='word_1_307' title='bbox 495 4228 577 4282; x_wconf 87' lang='lat' dir='ltr'><strong>vitam</strong></span> <span class='ocrx_word' id='word_1_308' title='bbox 597 4225 730 4298; x_wconf 77' lang='lat' dir='ltr'><strong>professis</strong></span> <span class='ocrx_word' id='word_1_309' title='bbox 750 4226 777 4282; x_wconf 92' lang='lat' dir='ltr'><strong>iu</strong></span> <span class='ocrx_word' id='word_1_310' title='bbox 806 4242 906 4298; x_wconf 86' lang='lat' dir='ltr'><strong>perpe-</strong></span> 
     </span>
     <span class='ocr_line' id='line_1_62' title="bbox 107 4323 193 4372; baseline -0.012 0"><span class='ocrx_word' id='word_1_311' title='bbox 107 4323 193 4372; x_wconf 92' lang='lat' dir='ltr'><strong>tuum.</strong></span> 
     </span>
    </p>
   </div>
   <div class='ocr_carea' id='block_1_18' title="bbox 960 1746 1756 1914">
    <p class='ocr_par' dir='ltr' id='par_1_33' title="bbox 960 1746 1756 1914">
     <span class='ocr_line' id='line_1_63' title="bbox 960 1746 1756 1820; baseline -0.011 -12"><span class='ocrx_word' id='word_1_312' title='bbox 960 1760 1030 1808; x_wconf 84' lang='lat' dir='ltr'><strong>cest.</strong></span> <span class='ocrx_word' id='word_1_313' title='bbox 1048 1752 1246 1810; x_wconf 85' lang='lat' dir='ltr'><strong>Conseruantes</strong></span> <span class='ocrx_word' id='word_1_314' title='bbox 1261 1757 1349 1808; x_wconf 88' lang='lat' dir='ltr'><strong>autem</strong></span> <span class='ocrx_word' id='word_1_315' title='bbox 1366 1753 1434 1816; x_wconf 83' lang='lat' dir='ltr'><strong>baec,</strong></span> <span class='ocrx_word' id='word_1_316' title='bbox 1450 1747 1642 1820; x_wconf 87' lang='lat' dir='ltr'><strong>omnipotentis</strong></span> <span class='ocrx_word' id='word_1_317' title='bbox 1663 1746 1716 1802; x_wconf 83' lang='lat' dir='ltr'><strong>Dei</strong></span> <span class='ocrx_word' id='word_1_318' title='bbox 1729 1752 1756 1801; x_wconf 86' lang='lat' dir='ltr'><strong>et</strong></span> 
     </span>
     <span class='ocr_line' id='line_1_64' title="bbox 961 1834 1756 1914; baseline -0.01 -18"><span class='ocrx_word' id='word_1_319' title='bbox 961 1841 1122 1897; x_wconf 88' lang='lat' dir='ltr'><strong>eorumdem</strong></span> <span class='ocrx_word' id='word_1_320' title='bbox 1147 1844 1332 1914; x_wconf 87' lang='lat' dir='ltr'><strong>apostolorum</strong></span> <span class='ocrx_word' id='word_1_321' title='bbox 1356 1838 1574 1895; x_wconf 82' lang='lat' dir='ltr'><strong>benedictionem</strong></span> <span class='ocrx_word' id='word_1_322' title='bbox 1590 1843 1617 1892; x_wconf 92' lang='lat' dir='ltr'><strong>et</strong></span> <span class='ocrx_word' id='word_1_323' title='bbox 1639 1834 1756 1909; x_wconf 85' lang='lat' dir='ltr'><strong>gratiam</strong></span> 
     </span>
    </p>
   </div>
   <div class='ocr_carea' id='block_1_19' title="bbox 960 1941 1756 2389">
    <p class='ocr_par' dir='ltr' id='par_1_34' title="bbox 960 1941 1756 2389">
     <span class='ocr_line' id='line_1_65' title="bbox 960 1941 1506 2011; baseline -0.013 -17"><span class='ocrx_word' id='word_1_324' title='bbox 960 1946 1175 2011; x_wconf 90' lang='lat' dir='ltr'><strong>cousequantur.</strong></span> <span class='ocrx_word' id='word_1_325' title='bbox 1195 1941 1292 2003; x_wconf 79' lang='lat' dir='ltr'><strong>Amen,</strong></span> <span class='ocrx_word' id='word_1_326' title='bbox 1310 1949 1506 2003; x_wconf 73' lang='grc'><strong>1111111111.</strong></span> 
     </span>
     <span class='ocr_line' id='line_1_66' title="bbox 996 2030 1649 2109; baseline -0.011 -18"><span class='ocrx_word' id='word_1_327' title='bbox 996 2036 1057 2109; x_wconf 86' lang='lat' dir='ltr'><strong>Ego</strong></span> <span class='ocrx_word' id='word_1_328' title='bbox 1071 2037 1243 2098; x_wconf 86' lang='lat' dir='ltr'><strong>Innocentius</strong></span> <span class='ocrx_word' id='word_1_329' title='bbox 1258 2035 1403 2093; x_wconf 77' lang='lat' dir='ltr'><strong>catholice</strong></span> <span class='ocrx_word' id='word_1_330' title='bbox 1417 2031 1549 2089; x_wconf 80' lang='lat' dir='ltr'><strong>Ecclesioe</strong></span> <span class='ocrx_word' id='word_1_331' title='bbox 1563 2030 1649 2102; x_wconf 90' lang='lat' dir='ltr'><strong>episc.</strong></span> 
     </span>
     <span class='ocr_line' id='line_1_67' title="bbox 996 2132 1500 2207; baseline -0.016 -17"><span class='ocrx_word' id='word_1_332' title='bbox 996 2135 1058 2207; x_wconf 82' lang='lat' dir='ltr'><strong>Ego</strong></span> <span class='ocrx_word' id='word_1_333' title='bbox 1073 2134 1214 2190; x_wconf 83' lang='lat' dir='ltr'><strong>Corradus</strong></span> <span class='ocrx_word' id='word_1_334' title='bbox 1229 2133 1325 2190; x_wconf 90' lang='lat' dir='ltr'><strong>Sabin.</strong></span> <span class='ocrx_word' id='word_1_335' title='bbox 1344 2132 1500 2203; x_wconf 88' lang='lat' dir='ltr'><strong>episcopus.</strong></span> 
     </span>
     <span class='ocr_line' id='line_1_68' title="bbox 995 2216 1656 2296; baseline -0.015 -17"><span class='ocrx_word' id='word_1_336' title='bbox 995 2226 1055 2296; x_wconf 86' lang='lat' dir='ltr'><strong>Ego</strong></span> <span class='ocrx_word' id='word_1_337' title='bbox 1067 2222 1244 2278; x_wconf 89' lang='lat' dir='ltr'><strong>Theoduinus</strong></span> <span class='ocrx_word' id='word_1_338' title='bbox 1259 2222 1366 2278; x_wconf 84' lang='lat' dir='ltr'><strong>Sauctae</strong></span> <span class='ocrx_word' id='word_1_339' title='bbox 1379 2218 1484 2274; x_wconf 73' lang='lat' dir='ltr'><strong>liuline</strong></span> <span class='ocrx_word' id='word_1_340' title='bbox 1499 2216 1656 2289; x_wconf 89' lang='lat' dir='ltr'><strong>episcopus.</strong></span> 
     </span>
     <span class='ocr_line' id='line_1_69' title="bbox 996 2307 1756 2389; baseline -0.014 -15"><span class='ocrx_word' id='word_1_341' title='bbox 996 2320 1054 2389; x_wconf 87' lang='lat' dir='ltr'><strong>Ego</strong></span> <span class='ocrx_word' id='word_1_342' title='bbox 1073 2318 1213 2374; x_wconf 86' lang='lat' dir='ltr'><strong>Gerardus</strong></span> <span class='ocrx_word' id='word_1_343' title='bbox 1234 2315 1376 2388; x_wconf 88' lang='lat' dir='ltr'><strong>presbyter</strong></span> <span class='ocrx_word' id='word_1_344' title='bbox 1400 2311 1546 2369; x_wconf 87' lang='lat' dir='ltr'><strong>cardinalis</strong></span> <span class='ocrx_word' id='word_1_345' title='bbox 1570 2311 1599 2366; x_wconf 89' lang='lat' dir='ltr'><strong>S.</strong></span> <span class='ocrx_word' id='word_1_346' title='bbox 1617 2307 1713 2366; x_wconf 86' lang='lat' dir='ltr'><strong>Crucis</strong></span> <span class='ocrx_word' id='word_1_347' title='bbox 1728 2307 1756 2362; x_wconf 92' lang='lat' dir='ltr'><strong>in</strong></span> 
     </span>
    </p>
   </div>
   <div class='ocr_carea' id='block_1_20' title="bbox 960 2407 1758 2925">
    <p class='ocr_par' dir='ltr' id='par_1_35' title="bbox 960 2407 1122 2464">
     <span class='ocr_line' id='line_1_70' title="bbox 960 2407 1122 2464; baseline -0.012 -2"><span class='ocrx_word' id='word_1_348' title='bbox 960 2407 1122 2464; x_wconf 83' lang='lat' dir='ltr'><strong>Jerusalem.</strong></span> 
     </span>
    </p>

    <p class='ocr_par' dir='ltr' id='par_1_36' title="bbox 996 2490 1551 2570">
     <span class='ocr_line' id='line_1_71' title="bbox 996 2490 1551 2570; baseline -0.013 -18"><span class='ocrx_word' id='word_1_349' title='bbox 996 2497 1057 2570; x_wconf 76' lang='lat' dir='ltr'><strong>ligo</strong></span> <span class='ocrx_word' id='word_1_350' title='bbox 1072 2495 1201 2551; x_wconf 75' lang='lat' dir='ltr'><strong>ilbertus</strong></span> <span class='ocrx_word' id='word_1_351' title='bbox 1216 2492 1379 2549; x_wconf 71' lang='lat' dir='ltr'><strong>libanensis</strong></span> <span class='ocrx_word' id='word_1_352' title='bbox 1395 2490 1551 2562; x_wconf 88' lang='lat' dir='ltr'><strong>episcopus.</strong></span> 
     </span>
    </p>

    <p class='ocr_par' dir='ltr' id='par_1_37' title="bbox 961 2573 1757 2732">
     <span class='ocr_line' id='line_1_72' title="bbox 992 2573 1757 2659; baseline -0.018 -16"><span class='ocrx_word' id='word_1_353' title='bbox 992 2588 1055 2659; x_wconf 83' lang='lat' dir='ltr'><strong>&#39;Ego</strong></span> <span class='ocrx_word' id='word_1_354' title='bbox 1080 2583 1224 2640; x_wconf 76' lang='lat' dir='ltr'><strong>Anselmus</strong></span> <span class='ocrx_word' id='word_1_355' title='bbox 1251 2581 1397 2653; x_wconf 87' lang='lat' dir='ltr'><strong>presbyter</strong></span> <span class='ocrx_word' id='word_1_356' title='bbox 1424 2578 1528 2635; x_wconf 89' lang='lat' dir='ltr'><strong>cardin.</strong></span> <span class='ocrx_word' id='word_1_357' title='bbox 1554 2576 1633 2633; x_wconf 90' lang='lat' dir='ltr'><strong>tilulo</strong></span> <span class='ocrx_word' id='word_1_358' title='bbox 1663 2573 1757 2630; x_wconf 89' lang='lat' dir='ltr'><strong>Sancti</strong></span> 
     </span>
     <span class='ocr_line' id='line_1_73' title="bbox 961 2671 1270 2732; baseline -0.023 0"><span class='ocrx_word' id='word_1_359' title='bbox 961 2673 1101 2732; x_wconf 83' lang='lat' dir='ltr'><strong>Laurentii</strong></span> <span class='ocrx_word' id='word_1_360' title='bbox 1115 2672 1143 2726; x_wconf 93' lang='lat' dir='ltr'><strong>in</strong></span> <span class='ocrx_word' id='word_1_361' title='bbox 1158 2671 1270 2727; x_wconf 88' lang='lat' dir='ltr'><strong>Lucina.</strong></span> 
     </span>
    </p>

    <p class='ocr_par' dir='ltr' id='par_1_38' title="bbox 996 2755 1532 2836">
     <span class='ocr_line' id='line_1_74' title="bbox 996 2755 1532 2836; baseline -0.015 -16"><span class='ocrx_word' id='word_1_362' title='bbox 996 2765 1058 2836; x_wconf 82' lang='lat' dir='ltr'><strong>ligo</strong></span> <span class='ocrx_word' id='word_1_363' title='bbox 1071 2760 1212 2817; x_wconf 73' lang='lat' dir='ltr'><strong>albericus</strong></span> <span class='ocrx_word' id='word_1_364' title='bbox 1227 2757 1362 2816; x_wconf 87' lang='lat' dir='ltr'><strong>Ostiensis</strong></span> <span class='ocrx_word' id='word_1_365' title='bbox 1377 2755 1532 2829; x_wconf 88' lang='lat' dir='ltr'><strong>episcopus.</strong></span> 
     </span>
    </p>

    <p class='ocr_par' dir='ltr' id='par_1_39' title="bbox 997 2841 1758 2925">
     <span class='ocr_line' id='line_1_75' title="bbox 997 2841 1758 2925; baseline -0.014 -17"><span class='ocrx_word' id='word_1_366' title='bbox 997 2854 1057 2925; x_wconf 83' lang='lat' dir='ltr'><strong>Ego</strong></span> <span class='ocrx_word' id='word_1_367' title='bbox 1075 2848 1262 2922; x_wconf 76' lang='lat' dir='ltr'><strong>chrisogonus</strong></span> <span class='ocrx_word' id='word_1_368' title='bbox 1272 2847 1415 2919; x_wconf 89' lang='lat' dir='ltr'><strong>presbyter</strong></span> <span class='ocrx_word' id='word_1_369' title='bbox 1424 2844 1530 2902; x_wconf 90' lang='lat' dir='ltr'><strong>cardin.</strong></span> <span class='ocrx_word' id='word_1_370' title='bbox 1554 2842 1632 2899; x_wconf 88' lang='lat' dir='ltr'><strong>titulo</strong></span> <span class='ocrx_word' id='word_1_371' title='bbox 1652 2841 1758 2898; x_wconf 85' lang='lat' dir='ltr'><strong>Ssuotae</strong></span> 
     </span>
    </p>
   </div>
   <div class='ocr_carea' id='block_1_21' title="bbox 961 2939 1107 2998">
    <p class='ocr_par' dir='ltr' id='par_1_40' title="bbox 961 2939 1107 2998">
     <span class='ocr_line' id='line_1_76' title="bbox 961 2939 1107 2998; baseline -0.034 0"><span class='ocrx_word' id='word_1_372' title='bbox 961 2939 1107 2998; x_wconf 83' lang='lat' dir='ltr'><strong>Praxedis.</strong></span> 
     </span>
    </p>
   </div>
   <div class='ocr_carea' id='block_1_22' title="bbox 917 3023 1753 3108">
    <p class='ocr_par' dir='ltr' id='par_1_41' title="bbox 917 3023 1753 3108">
     <span class='ocr_line' id='line_1_77' title="bbox 917 3023 1753 3108; baseline -0.008 -20"><span class='ocrx_word' id='word_1_373' title='bbox 917 3023 943 3088; x_wconf 84' lang='lat' dir='ltr'>C</span> <span class='ocrx_word' id='word_1_374' title='bbox 993 3039 1056 3108; x_wconf 84' lang='lat' dir='ltr'><strong>Ego</strong></span> <span class='ocrx_word' id='word_1_375' title='bbox 1088 3032 1231 3092; x_wconf 75' lang='lat' dir='ltr'><strong>domarius</strong></span> <span class='ocrx_word' id='word_1_376' title='bbox 1258 3032 1401 3104; x_wconf 83' lang='lat' dir='ltr'><strong>presbyter</strong></span> <span class='ocrx_word' id='word_1_377' title='bbox 1433 3029 1579 3087; x_wconf 83' lang='lat' dir='ltr'><strong>cardinalis</strong></span> <span class='ocrx_word' id='word_1_378' title='bbox 1610 3027 1688 3083; x_wconf 91' lang='lat' dir='ltr'><strong>titulo</strong></span> <span class='ocrx_word' id='word_1_379' title='bbox 1722 3027 1753 3082; x_wconf 92' lang='lat' dir='ltr'><strong>S.</strong></span> 
     </span>
    </p>
   </div>
   <div class='ocr_carea' id='block_1_23' title="bbox 960 3139 1702 3309">
    <p class='ocr_par' dir='ltr' id='par_1_42' title="bbox 960 3139 1702 3309">
     <span class='ocr_line' id='line_1_78' title="bbox 996 3152 1076 3193; baseline -0.025 -1"><span class='ocrx_word' id='word_1_380' title='bbox 996 3152 1076 3193; x_wconf 81' lang='lat' dir='ltr'><strong>rscae.</strong></span> 
     </span>
     <span class='ocr_line' id='line_1_79' title="bbox 960 3139 1702 3309; baseline -0.02 -16"><span class='ocrx_word' id='word_1_381' title='bbox 960 3139 1054 3309; x_wconf 72' lang='lat' dir='ltr'><strong>PrEgo</strong></span> <span class='ocrx_word' id='word_1_382' title='bbox 1071 3233 1151 3291; x_wconf 87' lang='lat' dir='ltr'><strong>Griso</strong></span> <span class='ocrx_word' id='word_1_383' title='bbox 1162 3231 1304 3304; x_wconf 90' lang='lat' dir='ltr'><strong>presbyter</strong></span> <span class='ocrx_word' id='word_1_384' title='bbox 1317 3229 1421 3286; x_wconf 84' lang='lat' dir='ltr'><strong>cardin.</strong></span> <span class='ocrx_word' id='word_1_385' title='bbox 1439 3227 1516 3284; x_wconf 91' lang='lat' dir='ltr'><strong>titulo</strong></span> <span class='ocrx_word' id='word_1_386' title='bbox 1531 3228 1559 3283; x_wconf 92' lang='lat' dir='ltr'><strong>S.</strong></span> <span class='ocrx_word' id='word_1_387' title='bbox 1575 3224 1702 3282; x_wconf 84' lang='lat' dir='ltr'><strong>Caeciliae.</strong></span> 
     </span>
    </p>
   </div>
   <div class='ocr_carea' id='block_1_24' title="bbox 956 3320 1759 3596">
    <p class='ocr_par' dir='ltr' id='par_1_43' title="bbox 956 3320 1759 3596">
     <span class='ocr_line' id='line_1_80' title="bbox 994 3320 1759 3406; baseline -0.02 -16"><span class='ocrx_word' id='word_1_388' title='bbox 994 3334 1054 3406; x_wconf 83' lang='lat' dir='ltr'><strong>Ego</strong></span> <span class='ocrx_word' id='word_1_389' title='bbox 1069 3329 1231 3387; x_wconf 71' lang='lat' dir='ltr'><strong>Octavianus</strong></span> <span class='ocrx_word' id='word_1_390' title='bbox 1245 3328 1377 3385; x_wconf 80' lang='lat' dir='ltr'><strong>diacoma</strong></span> <span class='ocrx_word' id='word_1_391' title='bbox 1392 3325 1497 3383; x_wconf 85' lang='lat' dir='ltr'><strong>cardin.</strong></span> <span class='ocrx_word' id='word_1_392' title='bbox 1511 3324 1586 3380; x_wconf 89' lang='lat' dir='ltr'><strong>titulo</strong></span> <span class='ocrx_word' id='word_1_393' title='bbox 1605 3323 1634 3380; x_wconf 92' lang='lat' dir='ltr'><strong>S.</strong></span> <span class='ocrx_word' id='word_1_394' title='bbox 1650 3320 1759 3378; x_wconf 89' lang='lat' dir='ltr'><strong>Nicolsi</strong></span> 
     </span>
     <span class='ocr_line' id='line_1_81' title="bbox 956 3432 1126 3490; baseline -0.041 0"><span class='ocrx_word' id='word_1_395' title='bbox 956 3433 986 3490; x_wconf 90' lang='lat' dir='ltr'><strong>in</strong></span> <span class='ocrx_word' id='word_1_396' title='bbox 1001 3432 1126 3488; x_wconf 82' lang='lat' dir='ltr'><strong>Camere.</strong></span> 
     </span>
     <span class='ocr_line' id='line_1_82' title="bbox 994 3519 1758 3596; baseline -0.018 -10"><span class='ocrx_word' id='word_1_397' title='bbox 994 3530 1091 3587; x_wconf 88' lang='lat' dir='ltr'><strong>Datum</strong></span> <span class='ocrx_word' id='word_1_398' title='bbox 1105 3524 1234 3583; x_wconf 87' lang='lat' dir='ltr'><strong>Laterani</strong></span> <span class='ocrx_word' id='word_1_399' title='bbox 1249 3539 1298 3596; x_wconf 90' lang='lat' dir='ltr'><strong>per</strong></span> <span class='ocrx_word' id='word_1_400' title='bbox 1312 3539 1422 3579; x_wconf 88' lang='lat' dir='ltr'><strong>manum</strong></span> <span class='ocrx_word' id='word_1_401' title='bbox 1435 3519 1576 3587; x_wconf 77' lang='lat' dir='ltr'><strong>limanici,</strong></span> <span class='ocrx_word' id='word_1_402' title='bbox 1585 3520 1613 3576; x_wconf 91' lang='lat' dir='ltr'><strong>S.</strong></span> <span class='ocrx_word' id='word_1_403' title='bbox 1624 3519 1758 3575; x_wconf 85' lang='lat' dir='ltr'><strong>itomanae</strong></span> 
     </span>
    </p>
   </div>
   <div class='ocr_carea' id='block_1_25' title="bbox 958 3611 1759 3781">
    <p class='ocr_par' dir='ltr' id='par_1_44' title="bbox 958 3611 1759 3781">
     <span class='ocr_line' id='line_1_83' title="bbox 958 3611 1758 3680; baseline -0.015 -1"><span class='ocrx_word' id='word_1_404' title='bbox 958 3622 1082 3680; x_wconf 81' lang='lat' dir='ltr'><strong>ecclesie</strong></span> <span class='ocrx_word' id='word_1_405' title='bbox 1114 3618 1223 3678; x_wconf 88' lang='lat' dir='ltr'><strong>diaconi</strong></span> <span class='ocrx_word' id='word_1_406' title='bbox 1251 3616 1397 3674; x_wconf 89' lang='lat' dir='ltr'><strong>cardinalis</strong></span> <span class='ocrx_word' id='word_1_407' title='bbox 1417 3623 1446 3672; x_wconf 92' lang='lat' dir='ltr'><strong>et</strong></span> <span class='ocrx_word' id='word_1_408' title='bbox 1476 3612 1643 3679; x_wconf 86' lang='lat' dir='ltr'><strong>cancellarii,</strong></span> <span class='ocrx_word' id='word_1_409' title='bbox 1678 3611 1758 3667; x_wconf 88' lang='lat' dir='ltr'><strong>tertio</strong></span> 
     </span>
     <span class='ocr_line' id='line_1_84' title="bbox 959 3700 1759 3781; baseline -0.015 -14"><span class='ocrx_word' id='word_1_410' title='bbox 959 3713 1052 3767; x_wconf 89' lang='lat' dir='ltr'><strong>Nonas</strong></span> <span class='ocrx_word' id='word_1_411' title='bbox 1067 3709 1175 3781; x_wconf 75' lang='lat' dir='ltr'><strong>Aprilis,</strong></span> <span class='ocrx_word' id='word_1_412' title='bbox 1192 3706 1340 3763; x_wconf 77' lang='lat' dir='ltr'><strong>indictione</strong></span> <span class='ocrx_word' id='word_1_413' title='bbox 1362 3705 1450 3773; x_wconf 89' lang='lat' dir='ltr'><strong>tertia,</strong></span> <span class='ocrx_word' id='word_1_414' title='bbox 1477 3700 1675 3761; x_wconf 85' lang='lat' dir='ltr'><strong>incarnationis</strong></span> <span class='ocrx_word' id='word_1_415' title='bbox 1697 3700 1759 3756; x_wconf 81' lang='lat' dir='ltr'><strong>llo-</strong></span> 
     </span>
    </p>
   </div>
   <div class='ocr_carea' id='block_1_26' title="bbox 959 3799 1759 3980">
    <p class='ocr_par' dir='ltr' id='par_1_45' title="bbox 959 3799 1759 3980">
     <span class='ocr_line' id='line_1_85' title="bbox 959 3799 1758 3874; baseline -0.015 -10"><span class='ocrx_word' id='word_1_416' title='bbox 959 3809 1065 3864; x_wconf 77' lang='lat' dir='ltr'><strong>minicae</strong></span> <span class='ocrx_word' id='word_1_417' title='bbox 1080 3822 1152 3862; x_wconf 90' lang='lat' dir='ltr'><strong>anno</strong></span> <span class='ocrx_word' id='word_1_418' title='bbox 1170 3805 1314 3862; x_wconf 86' lang='lat' dir='ltr'><strong>millesimo</strong></span> <span class='ocrx_word' id='word_1_419' title='bbox 1335 3803 1486 3859; x_wconf 89' lang='lat' dir='ltr'><strong>centesimo</strong></span> <span class='ocrx_word' id='word_1_420' title='bbox 1510 3799 1655 3874; x_wconf 87' lang='lat' dir='ltr'><strong>trigesimo</strong></span> <span class='ocrx_word' id='word_1_421' title='bbox 1679 3805 1758 3854; x_wconf 85' lang='lat' dir='ltr'><strong>sexto</strong></span> 
     </span>
     <span class='ocr_line' id='line_1_86' title="bbox 959 3899 1759 3980; baseline -0.015 -16"><span class='ocrx_word' id='word_1_422' title='bbox 959 3909 1032 3980; x_wconf 80' lang='grc'><strong>(115)</strong></span> <span class='ocrx_word' id='word_1_423' title='bbox 1046 3903 1218 3978; x_wconf 89' lang='lat' dir='ltr'><strong>pontificatus</strong></span> <span class='ocrx_word' id='word_1_424' title='bbox 1239 3901 1342 3958; x_wconf 91' lang='lat' dir='ltr'><strong>domini</strong></span> <span class='ocrx_word' id='word_1_425' title='bbox 1365 3899 1516 3957; x_wconf 87' lang='lat' dir='ltr'><strong>innocentii</strong></span> <span class='ocrx_word' id='word_1_426' title='bbox 1536 3899 1561 3954; x_wconf 94' lang='lat' dir='ltr'><strong>ll</strong></span> <span class='ocrx_word' id='word_1_427' title='bbox 1580 3913 1661 3970; x_wconf 75' lang='lat' dir='ltr'><strong>pape</strong></span> <span class='ocrx_word' id='word_1_428' title='bbox 1683 3910 1759 3953; x_wconf 88' lang='lat' dir='ltr'><strong>anno</strong></span> 
     </span>
    </p>
   </div>
   <div class='ocr_carea' id='block_1_27' title="bbox 958 4004 1115 4062">
    <p class='ocr_par' dir='ltr' id='par_1_46' title="bbox 958 4004 1115 4062">
     <span class='ocr_line' id='line_1_87' title="bbox 958 4004 1115 4062; baseline -0.038 0"><span class='ocrx_word' id='word_1_429' title='bbox 958 4004 1115 4062; x_wconf 91' lang='lat' dir='ltr'><strong>undecimo.</strong></span> 
     </span>
    </p>
   </div>
   <div class='ocr_carea' id='block_1_28' title="bbox 1294 4122 1415 4180">
    <p class='ocr_par' dir='ltr' id='par_1_47' title="bbox 1294 4122 1415 4180">
     <span class='ocr_line' id='line_1_88' title="bbox 1294 4122 1415 4180; baseline -0.017 -1"><span class='ocrx_word' id='word_1_430' title='bbox 1294 4122 1415 4180; x_wconf 81' lang='lat' dir='ltr'><strong>cuxttt</strong></span> 
     </span>
    </p>
   </div>
   <div class='ocr_carea' id='block_1_29' title="bbox 956 4219 1758 4394">
    <p class='ocr_par' dir='ltr' id='par_1_48' title="bbox 956 4219 1758 4394">
     <span class='ocr_line' id='line_1_89' title="bbox 956 4219 1758 4296; baseline -0.017 -8"><span class='ocrx_word' id='word_1_431' title='bbox 956 4229 1166 4288; x_wconf 79' lang='lat' dir='ltr'><strong>denonicoruus</strong></span> <span class='ocrx_word' id='word_1_432' title='bbox 1198 4224 1399 4282; x_wconf 76' lang='lat' dir='ltr'><strong>Veronensium</strong></span> <span class='ocrx_word' id='word_1_433' title='bbox 1421 4224 1609 4296; x_wconf 80' lang='lat' dir='ltr'><strong>possessiones</strong></span> <span class='ocrx_word' id='word_1_434' title='bbox 1637 4222 1666 4277; x_wconf 83' lang='lat' dir='ltr'><strong>et</strong></span> <span class='ocrx_word' id='word_1_435' title='bbox 1684 4219 1758 4291; x_wconf 82' lang='lat' dir='ltr'><strong>y&#39;arc</strong></span> 
     </span>
     <span class='ocr_line' id='line_1_90' title="bbox 1279 4325 1441 4394; baseline 0.006 -14"><span class='ocrx_word' id='word_1_436' title='bbox 1279 4325 1441 4394; x_wconf 74' lang='lat' dir='ltr'><strong>cmrtirmct.</strong></span> 
     </span>
    </p>
   </div>
   <div class='ocr_carea' id='block_1_30' title="bbox 143 4386 1677 4490">
    <p class='ocr_par' dir='ltr' id='par_1_49' title="bbox 143 4386 1677 4490">
     <span class='ocr_line' id='line_1_91' title="bbox 143 4386 1677 4490; baseline 0.003 -29"><span class='ocrx_word' id='word_1_437' title='bbox 143 4403 197 4473; x_wconf 84' lang='lat' dir='ltr'><strong>Qui</strong></span> <span class='ocrx_word' id='word_1_438' title='bbox 224 4403 370 4475; x_wconf 84' lang='lat' dir='ltr'><strong>religiosos</strong></span> <span class='ocrx_word' id='word_1_439' title='bbox 397 4402 481 4471; x_wconf 86' lang='lat' dir='ltr'><strong>lovel,</strong></span> <span class='ocrx_word' id='word_1_440' title='bbox 511 4411 538 4460; x_wconf 87' lang='lat' dir='ltr'><strong>et</strong></span> <span class='ocrx_word' id='word_1_441' title='bbox 562 4403 614 4475; x_wconf 88' lang='lat' dir='ltr'><strong>piis</strong></span> <span class='ocrx_word' id='word_1_442' title='bbox 637 4419 730 4460; x_wconf 86' lang='lat' dir='ltr'><strong>eorum</strong></span> <span class='ocrx_word' id='word_1_443' title='bbox 758 4386 946 4461; x_wconf 84' lang='lat' dir='ltr'><strong>desideriisD</strong></span> <span class='ocrx_word' id='word_1_444' title='bbox 1039 4421 1127 4489; x_wconf 65' lang='lat' dir='ltr'><strong>(Anno</strong></span> <span class='ocrx_word' id='word_1_445' title='bbox 1142 4418 1222 4484; x_wconf 70' lang='grc'><strong>1111,</strong></span> <span class='ocrx_word' id='word_1_446' title='bbox 1239 4415 1323 4490; x_wconf 64' lang='lat' dir='ltr'><strong>April,</strong></span> <span class='ocrx_word' id='word_1_447' title='bbox 1342 4416 1386 4471; x_wconf 75' lang='grc'><strong>16,</strong></span> <span class='ocrx_word' id='word_1_448' title='bbox 1403 4446 1438 4457; x_wconf 90' lang='grc'>-</span> <span class='ocrx_word' id='word_1_449' title='bbox 1453 4413 1677 4487; x_wconf 77' lang='lat' dir='ltr'><strong>Fragmentum.)</strong></span> 
     </span>
    </p>
   </div>
   <div class='ocr_carea' id='block_1_31' title="bbox 104 4490 903 5010">
    <p class='ocr_par' dir='ltr' id='par_1_50' title="bbox 104 4490 903 5010">
     <span class='ocr_line' id='line_1_92' title="bbox 104 4490 903 4563; baseline -0.003 -15"><span class='ocrx_word' id='word_1_450' title='bbox 104 4491 216 4549; x_wconf 80' lang='lat' dir='ltr'><strong>iacilem</strong></span> <span class='ocrx_word' id='word_1_451' title='bbox 226 4491 329 4562; x_wconf 77' lang='lat' dir='ltr'><strong>praebet</strong></span> <span class='ocrx_word' id='word_1_452' title='bbox 346 4506 500 4558; x_wconf 80' lang='lat' dir='ltr'><strong>assensum,</strong></span> <span class='ocrx_word' id='word_1_453' title='bbox 516 4499 623 4563; x_wconf 90' lang='lat' dir='ltr'><strong>gratum</strong></span> <span class='ocrx_word' id='word_1_454' title='bbox 642 4491 758 4548; x_wconf 87' lang='lat' dir='ltr'><strong>Domino</strong></span> <span class='ocrx_word' id='word_1_455' title='bbox 782 4490 903 4548; x_wconf 91' lang='lat' dir='ltr'><strong>immolat</strong></span> 
     </span>
     <span class='ocr_line' id='line_1_93' title="bbox 107 4579 901 4651; baseline -0.001 -14"><span class='ocrx_word' id='word_1_456' title='bbox 107 4580 308 4639; x_wconf 82' lang='lat' dir='ltr'><strong>bolooaustum.</strong></span> <span class='ocrx_word' id='word_1_457' title='bbox 338 4580 505 4651; x_wconf 84' lang='lat' dir='ltr'><strong>Espropter,</strong></span> <span class='ocrx_word' id='word_1_458' title='bbox 529 4579 622 4636; x_wconf 91' lang='lat' dir='ltr'><strong>dileoti</strong></span> <span class='ocrx_word' id='word_1_459' title='bbox 646 4580 674 4635; x_wconf 90' lang='lat' dir='ltr'><strong>iu</strong></span> <span class='ocrx_word' id='word_1_460' title='bbox 696 4580 812 4636; x_wconf 85' lang='lat' dir='ltr'><strong>Domino</strong></span> <span class='ocrx_word' id='word_1_461' title='bbox 844 4579 901 4647; x_wconf 84' lang='lat' dir='ltr'><strong>lilii,</strong></span> 
     </span>
     <span class='ocr_line' id='line_1_94' title="bbox 111 4667 902 4742; baseline -0.001 -18"><span class='ocrx_word' id='word_1_462' title='bbox 111 4668 211 4726; x_wconf 87' lang='lat' dir='ltr'><strong>vestris</strong></span> <span class='ocrx_word' id='word_1_463' title='bbox 231 4667 460 4742; x_wconf 88' lang='lat' dir='ltr'><strong>postulationibus</strong></span> <span class='ocrx_word' id='word_1_464' title='bbox 482 4676 598 4740; x_wconf 89' lang='lat' dir='ltr'><strong>paterna</strong></span> <span class='ocrx_word' id='word_1_465' title='bbox 618 4669 785 4742; x_wconf 71' lang='lat' dir='ltr'><strong>benignitate</strong></span> <span class='ocrx_word' id='word_1_466' title='bbox 805 4668 902 4727; x_wconf 88' lang='grc'><strong>11111-</strong></span> 
     </span>
     <span class='ocr_line' id='line_1_95' title="bbox 108 4757 903 4831; baseline -0.006 -14"><span class='ocrx_word' id='word_1_467' title='bbox 108 4777 180 4826; x_wconf 90' lang='lat' dir='ltr'><strong>mus,</strong></span> <span class='ocrx_word' id='word_1_468' title='bbox 197 4767 222 4815; x_wconf 86' lang='lat' dir='ltr'><strong>et</strong></span> <span class='ocrx_word' id='word_1_469' title='bbox 237 4758 384 4816; x_wconf 86' lang='lat' dir='ltr'><strong>ecclesiam</strong></span> <span class='ocrx_word' id='word_1_470' title='bbox 395 4757 470 4815; x_wconf 84' lang='lat' dir='ltr'><strong>Beati</strong></span> <span class='ocrx_word' id='word_1_471' title='bbox 488 4757 594 4815; x_wconf 86' lang='lat' dir='ltr'><strong>Nicolsi</strong></span> <span class='ocrx_word' id='word_1_472' title='bbox 608 4758 642 4814; x_wconf 88' lang='lat' dir='ltr'><strong>de</strong></span> <span class='ocrx_word' id='word_1_473' title='bbox 657 4758 800 4815; x_wconf 88' lang='lat' dir='ltr'><strong>lliseraiou</strong></span> <span class='ocrx_word' id='word_1_474' title='bbox 813 4758 842 4815; x_wconf 94' lang='lat' dir='ltr'><strong>in</strong></span> <span class='ocrx_word' id='word_1_475' title='bbox 850 4773 903 4831; x_wconf 88' lang='lat' dir='ltr'><strong>qna</strong></span> 
     </span>
     <span class='ocr_line' id='line_1_96' title="bbox 110 4847 902 4913; baseline -0.006 -7"><span class='ocrx_word' id='word_1_476' title='bbox 110 4848 204 4908; x_wconf 85' lang='lat' dir='ltr'><strong>divino</strong></span> <span class='ocrx_word' id='word_1_477' title='bbox 229 4848 333 4906; x_wconf 85' lang='lat' dir='ltr'><strong>vaoatis</strong></span> <span class='ocrx_word' id='word_1_478' title='bbox 357 4847 478 4913; x_wconf 84' lang='lat' dir='ltr'><strong>servitio,</strong></span> <span class='ocrx_word' id='word_1_479' title='bbox 501 4847 552 4903; x_wconf 90' lang='lat' dir='ltr'><strong>sub</strong></span> <span class='ocrx_word' id='word_1_480' title='bbox 573 4847 645 4903; x_wconf 79' lang='lat' dir='ltr'><strong>tenti</strong></span> <span class='ocrx_word' id='word_1_481' title='bbox 672 4847 743 4902; x_wconf 90' lang='lat' dir='ltr'><strong>Petri</strong></span> <span class='ocrx_word' id='word_1_482' title='bbox 763 4855 791 4902; x_wconf 90' lang='lat' dir='ltr'><strong>et</strong></span> <span class='ocrx_word' id='word_1_483' title='bbox 813 4855 902 4903; x_wconf 85' lang='lat' dir='ltr'><strong>nostra</strong></span> 
     </span>
     <span class='ocr_line' id='line_1_97' title="bbox 109 4935 902 5010; baseline -0.003 -17"><span class='ocrx_word' id='word_1_484' title='bbox 109 4939 280 5008; x_wconf 85' lang='lat' dir='ltr'><strong>protectione</strong></span> <span class='ocrx_word' id='word_1_485' title='bbox 298 4936 473 5010; x_wconf 84' lang='lat' dir='ltr'><strong>suscipimus,</strong></span> <span class='ocrx_word' id='word_1_486' title='bbox 498 4945 524 4992; x_wconf 89' lang='lat' dir='ltr'><strong>et</strong></span> <span class='ocrx_word' id='word_1_487' title='bbox 541 4935 686 5007; x_wconf 86' lang='lat' dir='ltr'><strong>praeseulis</strong></span> <span class='ocrx_word' id='word_1_488' title='bbox 705 4936 799 5007; x_wconf 87' lang='lat' dir='ltr'><strong>scripti</strong></span> <span class='ocrx_word' id='word_1_489' title='bbox 818 4936 902 5009; x_wconf 84' lang='lat' dir='ltr'><strong>priui-</strong></span> 
     </span>
    </p>
   </div>
   <div class='ocr_carea' id='block_1_32' title="bbox 1104 4509 1609 4589">
    <p class='ocr_par' dir='ltr' id='par_1_51' title="bbox 1104 4509 1609 4589">
     <span class='ocr_line' id='line_1_98' title="bbox 1104 4509 1609 4589; baseline -0.012 -17"><span class='ocrx_word' id='word_1_490' title='bbox 1104 4515 1352 4589; x_wconf 80' lang='grc'><strong>[11111111111111</strong></span> <span class='ocrx_word' id='word_1_491' title='bbox 1370 4515 1467 4578; x_wconf 82' lang='lat' dir='ltr'><strong>Sacra,</strong></span> <span class='ocrx_word' id='word_1_492' title='bbox 1485 4512 1517 4577; x_wconf 86' lang='lat' dir='ltr'><strong>V,</strong></span> <span class='ocrx_word' id='word_1_493' title='bbox 1532 4509 1609 4582; x_wconf 72' lang='grc'><strong>781]</strong></span> 
     </span>
    </p>
   </div>
   <div class='ocr_carea' id='block_1_33' title="bbox 956 4605 1760 5026">
    <p class='ocr_par' dir='ltr' id='par_1_52' title="bbox 956 4605 1760 5026">
     <span class='ocr_line' id='line_1_99' title="bbox 993 4605 1760 4682; baseline -0.01 -13"><span class='ocrx_word' id='word_1_494' title='bbox 993 4614 1028 4671; x_wconf 82' lang='lat' dir='ltr'><strong>ln</strong></span> <span class='ocrx_word' id='word_1_495' title='bbox 1038 4615 1242 4671; x_wconf 82' lang='lat' dir='ltr'><strong>canonicorom</strong></span> <span class='ocrx_word' id='word_1_496' title='bbox 1252 4611 1394 4667; x_wconf 85' lang='lat' dir='ltr'><strong>tabulario</strong></span> <span class='ocrx_word' id='word_1_497' title='bbox 1405 4609 1553 4682; x_wconf 75' lang='lat' dir='ltr'><strong>reperitur</strong></span> <span class='ocrx_word' id='word_1_498' title='bbox 1563 4605 1723 4664; x_wconf 80' lang='lat' dir='ltr'><strong>innocentii</strong></span> <span class='ocrx_word' id='word_1_499' title='bbox 1731 4606 1760 4662; x_wconf 93' lang='grc'><strong>11</strong></span> 
     </span>
     <span class='ocr_line' id='line_1_100' title="bbox 957 4697 1758 4777; baseline -0.012 -17"><span class='ocrx_word' id='word_1_500' title='bbox 957 4703 1083 4777; x_wconf 87' lang='lat' dir='ltr'><strong>diploma</strong></span> <span class='ocrx_word' id='word_1_501' title='bbox 1092 4702 1128 4757; x_wconf 85' lang='grc'><strong>11</strong></span> <span class='ocrx_word' id='word_1_502' title='bbox 1137 4704 1266 4774; x_wconf 78' lang='lat' dir='ltr'><strong>savorem</strong></span> <span class='ocrx_word' id='word_1_503' title='bbox 1274 4697 1758 4770; x_wconf 71' lang='grc'><strong>(111111111111111111111111111·</strong></span> 
     </span>
     <span class='ocr_line' id='line_1_101' title="bbox 957 4785 1754 4866; baseline -0.013 -18"><span class='ocrx_word' id='word_1_504' title='bbox 957 4789 1354 4866; x_wconf 82' lang='lat' dir='ltr'><strong>quccenoniccrumlicclcsice</strong></span> <span class='ocrx_word' id='word_1_505' title='bbox 1363 4787 1536 4851; x_wconf 80' lang='lat' dir='ltr'><strong>Veronensis,</strong></span> <span class='ocrx_word' id='word_1_506' title='bbox 1546 4785 1754 4841; x_wconf 73' lang='grc' dir='ltr'><strong>1111111111πὲ-</strong></span> 
     </span>
     <span class='ocr_line' id='line_1_102' title="bbox 956 4873 1757 4950; baseline -0.01 -14"><span class='ocrx_word' id='word_1_507' title='bbox 956 4879 1265 4950; x_wconf 73' lang='lat' dir='ltr'><strong>nuombirconcepium</strong></span> <span class='ocrx_word' id='word_1_508' title='bbox 1275 4877 1373 4950; x_wconf 81' lang='lat' dir='ltr'><strong>quibus</strong></span> <span class='ocrx_word' id='word_1_509' title='bbox 1395 4876 1507 4933; x_wconf 78' lang='lat' dir='ltr'><strong>delicti</strong></span> <span class='ocrx_word' id='word_1_510' title='bbox 1522 4873 1550 4928; x_wconf 92' lang='grc'><strong>11</strong></span> <span class='ocrx_word' id='word_1_511' title='bbox 1563 4873 1688 4945; x_wconf 82' lang='lat' dir='ltr'><strong>diploma</strong></span> <span class='ocrx_word' id='word_1_512' title='bbox 1705 4888 1757 4942; x_wconf 82' lang='lat' dir='ltr'><strong>pro</strong></span> 
     </span>
     <span class='ocr_line' id='line_1_103' title="bbox 958 4968 1072 5026; baseline -0.035 0"><span class='ocrx_word' id='word_1_513' title='bbox 958 4968 1072 5026; x_wconf 77' lang='lat' dir='ltr'><strong>tiericus.</strong></span> 
     </span>
    </p>
   </div>
   <div class='ocr_carea' id='block_1_34' title="bbox 107 5026 905 5099">
    <p class='ocr_par' dir='ltr' id='par_1_53' title="bbox 107 5026 905 5099">
     <span class='ocr_line' id='line_1_104' title="bbox 107 5026 905 5099; baseline 0.003 -19"><span class='ocrx_word' id='word_1_514' title='bbox 107 5026 181 5099; x_wconf 85' lang='lat' dir='ltr'><strong>legio</strong></span> <span class='ocrx_word' id='word_1_515' title='bbox 213 5026 455 5091; x_wconf 86' lang='lat' dir='ltr'><strong>communivimus,</strong></span> <span class='ocrx_word' id='word_1_516' title='bbox 490 5030 641 5081; x_wconf 88' lang='lat' dir='ltr'><strong>statuentes</strong></span> <span class='ocrx_word' id='word_1_517' title='bbox 670 5031 699 5079; x_wconf 94' lang='lat' dir='ltr'><strong>ut</strong></span> <span class='ocrx_word' id='word_1_518' title='bbox 726 5039 905 5097; x_wconf 84' lang='lat' dir='ltr'><strong>quascunque</strong></span> 
     </span>
    </p>
   </div>
   <div class='ocr_carea' id='block_1_35' title="bbox 109 5074 1755 5185">
    <p class='ocr_par' dir='ltr' id='par_1_54' title="bbox 109 5074 1755 5185">
     <span class='ocr_line' id='line_1_105' title="bbox 109 5074 1755 5185; baseline -0.002 -17"><span class='ocrx_word' id='word_1_519' title='bbox 109 5114 311 5183; x_wconf 89' lang='lat' dir='ltr'><strong>possessiones,</strong></span> <span class='ocrx_word' id='word_1_520' title='bbox 339 5128 506 5185; x_wconf 75' lang='lat' dir='ltr'><strong>quecunque</strong></span> <span class='ocrx_word' id='word_1_521' title='bbox 539 5113 612 5169; x_wconf 89' lang='lat' dir='ltr'><strong>bona</strong></span> <span class='ocrx_word' id='word_1_522' title='bbox 638 5111 710 5168; x_wconf 89' lang='lat' dir='ltr'><strong>idem</strong></span> <span class='ocrx_word' id='word_1_523' title='bbox 743 5112 904 5169; x_wconf 76' lang='lat' dir='ltr'><strong>uenerabilis</strong></span> <span class='ocrx_word' id='word_1_524' title='bbox 994 5083 1093 5137; x_wconf 56' lang='lat' dir='ltr'><strong>Datum</strong></span> <span class='ocrx_word' id='word_1_525' title='bbox 1121 5080 1246 5137; x_wconf 60' lang='lat' dir='ltr'><strong>meram</strong></span> <span class='ocrx_word' id='word_1_526' title='bbox 1269 5095 1318 5151; x_wconf 59' lang='lat' dir='ltr'><strong>pes</strong></span> <span class='ocrx_word' id='word_1_527' title='bbox 1344 5091 1456 5134; x_wconf 62' lang='lat' dir='ltr'><strong>mmm</strong></span> <span class='ocrx_word' id='word_1_528' title='bbox 1483 5080 1622 5141; x_wconf 57' lang='lat' dir='ltr'><strong>mmm*</strong></span> <span class='ocrx_word' id='word_1_529' title='bbox 1649 5074 1755 5129; x_wconf 47' lang='lat' dir='ltr'><strong>⁸⁸⁰⁰*oe</strong></span> 
     </span>
    </p>
   </div>
   <div class='ocr_carea' id='block_1_36' title="bbox 108 5168 1753 5273">
    <p class='ocr_par' dir='ltr' id='par_1_55' title="bbox 108 5168 1753 5273">
     <span class='ocr_line' id='line_1_106' title="bbox 108 5168 1753 5273; baseline -0.009 -33"><span class='ocrx_word' id='word_1_530' title='bbox 108 5200 186 5257; x_wconf 66' lang='lat'>1000„</span> <span class='ocrx_word' id='word_1_531' title='bbox 213 5200 448 5272; x_wconf 63' lang='lat' dir='ltr'><strong>jnpfaeggnqgfflm</strong></span> <span class='ocrx_word' id='word_1_532' title='bbox 467 5205 542 5269; x_wconf 58' lang='lat' dir='ltr'><strong>jugg</strong></span> <span class='ocrx_word' id='word_1_533' title='bbox 568 5208 593 5258; x_wconf 64' lang='lat' dir='ltr'><strong>eq</strong></span> <span class='ocrx_word' id='word_1_534' title='bbox 615 5200 745 5257; x_wconf 55' lang='lat' dir='ltr'><strong>canonice</strong></span> <span class='ocrx_word' id='word_1_535' title='bbox 771 5201 903 5273; x_wconf 50' lang='lat' dir='ltr'><strong>possidet,</strong></span> <span class='ocrx_word' id='word_1_536' title='bbox 959 5181 1088 5237; x_wconf 83' lang='lat' dir='ltr'><strong>llomanae</strong></span> <span class='ocrx_word' id='word_1_537' title='bbox 1102 5176 1234 5235; x_wconf 81' lang='lat' dir='ltr'><strong>Ecclesiae</strong></span> <span class='ocrx_word' id='word_1_538' title='bbox 1248 5177 1316 5234; x_wconf 85' lang='lat' dir='ltr'><strong>dieo.</strong></span> <span class='ocrx_word' id='word_1_539' title='bbox 1334 5176 1411 5233; x_wconf 90' lang='lat' dir='ltr'><strong>card.</strong></span> <span class='ocrx_word' id='word_1_540' title='bbox 1428 5184 1454 5232; x_wconf 90' lang='lat' dir='ltr'><strong>et</strong></span> <span class='ocrx_word' id='word_1_541' title='bbox 1468 5171 1622 5232; x_wconf 86' lang='lat' dir='ltr'><strong>cancellarii</strong></span> <span class='ocrx_word' id='word_1_542' title='bbox 1633 5186 1682 5228; x_wconf 78' lang='lat' dir='ltr'><strong>xus</strong></span> <span class='ocrx_word' id='word_1_543' title='bbox 1690 5168 1753 5236; x_wconf 84' lang='lat' dir='ltr'><strong>Kal,</strong></span> 
     </span>
    </p>
   </div>
   <div class='ocr_carea' id='block_1_37' title="bbox 103 5268 1756 5638">
    <p class='ocr_par' dir='ltr' id='par_1_56' title="bbox 103 5268 1756 5541">
     <span class='ocr_line' id='line_1_107' title="bbox 107 5268 1754 5363; baseline 0 -18"><span class='ocrx_word' id='word_1_544' title='bbox 107 5296 152 5345; x_wconf 86' lang='lat' dir='ltr'><strong>aut</strong></span> <span class='ocrx_word' id='word_1_545' title='bbox 176 5288 205 5345; x_wconf 91' lang='lat' dir='ltr'><strong>iu</strong></span> <span class='ocrx_word' id='word_1_546' title='bbox 229 5289 348 5346; x_wconf 87' lang='lat' dir='ltr'><strong>loturum</strong></span> <span class='ocrx_word' id='word_1_547' title='bbox 371 5290 550 5347; x_wconf 83' lang='lat' dir='ltr'><strong>concessione</strong></span> <span class='ocrx_word' id='word_1_548' title='bbox 570 5289 735 5362; x_wconf 85' lang='lat' dir='ltr'><strong>pontificum,</strong></span> <span class='ocrx_word' id='word_1_549' title='bbox 761 5290 906 5363; x_wconf 74' lang='lat' dir='ltr'><strong>largitione</strong></span> <span class='ocrx_word' id='word_1_550' title='bbox 958 5275 1036 5341; x_wconf 61' lang='lat' dir='ltr'><strong>litii,</strong></span> <span class='ocrx_word' id='word_1_551' title='bbox 1051 5274 1112 5331; x_wconf 71' lang='lat' dir='ltr'><strong>ind·</strong></span> <span class='ocrx_word' id='word_1_552' title='bbox 1135 5291 1176 5343; x_wconf 75' lang='lat' dir='ltr'><strong>ml</strong></span> <span class='ocrx_word' id='word_1_553' title='bbox 1197 5273 1392 5332; x_wconf 61' lang='grc' dir='ltr'><strong>Ιῦθθῐῡθῑῑθῡῑῦ</strong></span> <span class='ocrx_word' id='word_1_554' title='bbox 1416 5271 1566 5330; x_wconf 48' lang='lat' dir='ltr'><strong>nmini&amp;</strong></span> <span class='ocrx_word' id='word_1_555' title='bbox 1580 5284 1653 5327; x_wconf 66' lang='lat'><strong>⁸³⁰⁰</strong></span> <span class='ocrx_word' id='word_1_556' title='bbox 1673 5268 1754 5333; x_wconf 61' lang='grc' dir='ltr'><strong>114θ·</strong></span> 
     </span>
     <span class='ocr_line' id='line_1_108' title="bbox 108 5366 1756 5450; baseline -0.006 -16"><span class='ocrx_word' id='word_1_557' title='bbox 108 5394 207 5450; x_wconf 87' lang='lat' dir='ltr'><strong>regum</strong></span> <span class='ocrx_word' id='word_1_558' title='bbox 234 5377 276 5433; x_wconf 87' lang='lat' dir='ltr'><strong>vel</strong></span> <span class='ocrx_word' id='word_1_559' title='bbox 300 5378 461 5449; x_wconf 89' lang='lat' dir='ltr'><strong>principum,</strong></span> <span class='ocrx_word' id='word_1_560' title='bbox 482 5379 618 5436; x_wconf 90' lang='lat' dir='ltr'><strong>oblatione</strong></span> <span class='ocrx_word' id='word_1_561' title='bbox 634 5377 755 5436; x_wconf 86' lang='lat' dir='ltr'><strong>fidelium</strong></span> <span class='ocrx_word' id='word_1_562' title='bbox 775 5394 823 5434; x_wconf 89' lang='lat' dir='ltr'><strong>seu</strong></span> <span class='ocrx_word' id='word_1_563' title='bbox 846 5379 906 5435; x_wconf 85' lang='lat' dir='ltr'><strong>eliis</strong></span> <span class='ocrx_word' id='word_1_564' title='bbox 959 5373 1133 5445; x_wconf 83' lang='lat' dir='ltr'><strong>pontificatus</strong></span> <span class='ocrx_word' id='word_1_565' title='bbox 1167 5387 1235 5430; x_wconf 85' lang='lat' dir='ltr'><strong>varo</strong></span> <span class='ocrx_word' id='word_1_566' title='bbox 1276 5371 1378 5427; x_wconf 91' lang='lat' dir='ltr'><strong>domini</strong></span> <span class='ocrx_word' id='word_1_567' title='bbox 1423 5367 1576 5425; x_wconf 89' lang='lat' dir='ltr'><strong>innocentii</strong></span> <span class='ocrx_word' id='word_1_568' title='bbox 1608 5382 1686 5438; x_wconf 71' lang='lat' dir='ltr'><strong>pape</strong></span> <span class='ocrx_word' id='word_1_569' title='bbox 1733 5366 1756 5421; x_wconf 91' lang='lat' dir='ltr'><strong>ll</strong></span> 
     </span>
     <span class='ocr_line' id='line_1_109' title="bbox 103 5465 1086 5541; baseline 0.002 -20"><span class='ocrx_word' id='word_1_570' title='bbox 103 5466 182 5538; x_wconf 79' lang='lat' dir='ltr'><strong>juretis</strong></span> <span class='ocrx_word' id='word_1_571' title='bbox 197 5465 285 5522; x_wconf 88' lang='lat' dir='ltr'><strong>modis</strong></span> <span class='ocrx_word' id='word_1_572' title='bbox 297 5466 481 5536; x_wconf 82' lang='lat' dir='ltr'><strong>lleopropitio</strong></span> <span class='ocrx_word' id='word_1_573' title='bbox 491 5467 591 5537; x_wconf 88' lang='lat' dir='ltr'><strong>poterit</strong></span> <span class='ocrx_word' id='word_1_574' title='bbox 601 5468 727 5541; x_wconf 76' lang='lat' dir='ltr'><strong>adipisci,</strong></span> <span class='ocrx_word' id='word_1_575' title='bbox 740 5467 817 5524; x_wconf 84' lang='lat' dir='ltr'><strong>firma</strong></span> <span class='ocrx_word' id='word_1_576' title='bbox 828 5469 905 5526; x_wconf 84' lang='lat' dir='ltr'><strong>robis</strong></span> <span class='ocrx_word' id='word_1_577' title='bbox 959 5484 1032 5526; x_wconf 84' lang='lat' dir='ltr'><strong>anuo</strong></span> <span class='ocrx_word' id='word_1_578' title='bbox 1046 5485 1086 5525; x_wconf 74' lang='grc' dir='ltr'><strong>ιι.</strong></span> 
     </span>
    </p>

    <p class='ocr_par' dir='ltr' id='par_1_57' title="bbox 136 5562 1585 5638">
     <span class='ocr_line' id='line_1_110' title="bbox 136 5562 1585 5638; baseline -0.003 -17"><span class='ocrx_word' id='word_1_579' title='bbox 136 5566 211 5637; x_wconf 75' lang='grc'><strong>(111)</strong></span> <span class='ocrx_word' id='word_1_580' title='bbox 225 5565 298 5638; x_wconf 82' lang='lat' dir='ltr'><strong>Lege</strong></span> <span class='ocrx_word' id='word_1_581' title='bbox 313 5579 389 5621; x_wconf 80' lang='grc'><strong>1111</strong></span> <span class='ocrx_word' id='word_1_582' title='bbox 404 5564 625 5636; x_wconf 77' lang='lat' dir='ltr'><strong>quadragesimo,</strong></span> <span class='ocrx_word' id='word_1_583' title='bbox 642 5569 688 5637; x_wconf 88' lang='lat' dir='ltr'><strong>qui</strong></span> <span class='ocrx_word' id='word_1_584' title='bbox 703 5567 850 5638; x_wconf 87' lang='lat' dir='ltr'><strong>respondet</strong></span> <span class='ocrx_word' id='word_1_585' title='bbox 864 5581 937 5627; x_wconf 87' lang='lat' dir='ltr'><strong>auno</strong></span> <span class='ocrx_word' id='word_1_586' title='bbox 952 5567 1097 5627; x_wconf 83' lang='lat' dir='ltr'><strong>undecimo</strong></span> <span class='ocrx_word' id='word_1_587' title='bbox 1113 5567 1265 5624; x_wconf 89' lang='lat' dir='ltr'><strong>innocentii</strong></span> <span class='ocrx_word' id='word_1_588' title='bbox 1283 5566 1307 5621; x_wconf 97' lang='lat' dir='ltr'><strong>ll</strong></span> <span class='ocrx_word' id='word_1_589' title='bbox 1327 5562 1470 5621; x_wconf 86' lang='lat' dir='ltr'><strong>indictioni</strong></span> <span class='ocrx_word' id='word_1_590' title='bbox 1488 5562 1585 5619; x_wconf 76' lang='lat' dir='ltr'><strong>terties.</strong></span> 
     </span>
    </p>
   </div>
   <div class='ocr_carea' id='block_1_38' title="bbox 0 0 1892 6006">
    <p class='ocr_par' dir='ltr' id='par_1_58' title="bbox 0 0 1892 6006">
     <span class='ocr_line' id='line_1_111' title="bbox 0 0 1892 6006; baseline 0 0"><span class='ocrx_word' id='word_1_591' title='bbox 0 0 1892 6006; x_wconf 95' lang='lat' dir='ltr'><strong> </strong></span> 
     </span>
    </p>
   </div>
  </div>
 </body>
</html>
