3750 6000
102 263 181 323 1673
591 261 645 322 DE
666 257 801 322 nassis
821 256 976 321 Pottrts.
998 256 1112 320 ANGL.
1135 291 1174 302 -
1195 255 1271 319 uls.
1294 257 1320 318 l.
1728 264 1808 324 1674

102 397 208 470 pedem
224 395 268 452 vel
278 395 430 467 quodlibet
439 393 603 451 membrum
619 400 725 467 praeter
736 393 866 466 lingnam
880 392 969 461 ιιι-Α
985 391 1138 449 nisinobis
1153 390 1183 447 in
1206 389 1315 448 talibus
1339 388 1489 448 aldhelmi
1513 393 1652 466 operibus
1668 397 1807 454 assuetis.

102 483 483 556 turaliterpossetmovere
501 482 809 556 obsequioPnllorern
828 482 927 538 vultos
983 480 1212 553 Statimquippe
1241 485 1273 536 ut
1294 480 1519 539 archidiaconus
1549 484 1673 541 infirma
1702 501 1808 543 manus

102 570 927 644 etdebilitatemcorporistotiuspsrspiciensepiscopus,
983 570 1092 641 digitos
1109 570 1144 626 ad
1161 569 1374 642 contingendas
1396 571 1533 644 reliquias
1557 579 1696 645 aptasset,
1723 576 1808 631 dolen·

103 661 237 717 nonnihil
265 678 348 735 aspa
369 662 501 719 sanitatis
524 663 589 732 ejus
604 659 719 717 defecit.
736 660 790 716 Sed
807 675 874 715 mox
889 659 924 715 ad
983 659 1095 714 brachii
1106 659 1235 732 diffugit,
1246 661 1564 734 gravedoscapularum
1576 665 1704 732 evanuit,
1717 662 1807 721 male·

103 767 152 806 cor
165 766 327 824 regressus,
344 751 554 824 preteritarum
580 750 721 807 virtutum
744 749 843 806 fomite
858 747 926 804 fidei
982 766 1053 806 sana
1064 748 1201 822 superbia
1225 750 1292 807 colli
1306 750 1424 807 resedit.
1439 751 1566 825 lamque
1583 751 1803 822 dicturientem,

101 840 198 912 rapuit
216 842 375 896 dammam.
391 840 465 906 Quin
480 848 507 897 et
518 840 548 896 in
566 843 667 912 pectus
679 837 778 909 egroti
788 836 927 893 adhorta·
978 837 1100 910 Jamque
1115 838 1145 894 in
1160 855 1261 896 vocem
1282 838 1455 911 gestientem
1472 839 1807 913 pravenitinterrogutio

102 929 303 987 tionibussuis
319 930 499 987 credulitatis
514 927 657 987 scintillas
672 926 809 996 excussit,
827 927 926 982 nedu-
981 927 1112 1001 episoopi
1139 944 1147 986 ι
1172 929 1304 1007 quidita
1333 929 1416 987 vultu
1447 931 1628 989 renideret?
1655 933 1808 1006 respondit

102 1018 208 1076 trituret
222 1036 253 1076 ss
268 1019 362 1076 sancti
376 1018 485 1076 virtute
501 1034 588 1092 posse
600 1016 710 1074 sanari.
723 1015 926 1087 Effectusergo
981 1016 1132 1074 Hubaldus
1146 1018 1330 1089 favorabilia,
1346 1024 1488 1090 qnantum
1505 1020 1555 1077 illa
1566 1022 1751 1094 permittebat
1760 1021 1807 1079 la·

100 1109 140 1164 rei
157 1108 270 1165 addidit
284 1109 373 1166 robus
389 1108 521 1174 ildei;et
536 1108 653 1180 utrique
668 1106 926 1163 studiissoiscon-
980 1106 1126 1165 titin.Diu
1155 1107 1185 1164 in
1215 1108 1317 1166 laudes
1345 1108 1538 1178 offuscatio
1564 1109 1595 1166 in
1624 1110 1805 1184 preconium

97 1197 263 1255 venientem
274 1197 383 1254 exitum
399 1197 496 1255 sortiti
521 1202 590 1254 sont
606 1213 613 1254 :
630 1196 707 1253 alter
726 1194 834 1252 sacrati
850 1192 927 1250 ossis
981 1197 1076 1255 saneti
1089 1203 1232 1256 moratus.

100 1286 133 1344 in
150 1287 243 1343 tinctu
259 1287 409 1344 conditum
430 1285 605 1361 porrigendo
620 1285 748 1353 laticem,
772 1284 846 1340 alter
861 1298 925 1338 curn
1016 1286 1081 1342 llao
1096 1290 1165 1343 sunt
1182 1286 1308 1346 Aldslmi
1322 1303 1411 1360 opera
1439 1287 1621 1360 quotidiana,
1646 1287 1707 1345 bac
1735 1293 1805 1348 sunt

98 1382 169 1450 potu
182 1377 292 1450 pariter
306 1376 458 1449 glutiendo
472 1376 607 1433 salutem.
619 1375 685 1440 Qua
696 1371 926 1445 utambiguitate
980 1376 1122 1433 virtutum
1132 1378 1197 1448 eJ'us
1209 1376 1352 1450 proludia.
1365 1378 1434 1443 Qun
1449 1378 1474 1434 si
1487 1394 1574 1451 parva
1596 1377 1663 1450 quis
1688 1378 1804 1448 dixerit,

100 1483 203 1524 carens
221 1467 354 1523 testatior
369 1474 444 1522 osset
458 1483 466 1535 3
482 1466 517 1522 ad
535 1465 669 1521 eamdem
693 1463 813 1520 missam
837 1477 927 1534 snper
981 1465 1415 1537 sicquoquelaudabilisl‘stris
1428 1467 1520 1523 nostri
1532 1466 1624 1538 pistas
1635 1466 1803 1539 apparebit;

99 1556 225 1614 Alleluia
233 1559 409 1614 cantitantes
422 1556 522 1614 vocale
537 1572 690 1628 organum,
702 1571 759 1628 qna
768 1552 927 1611 excellebat
980 1569 1067 1627 quem
1080 1554 1215 1612 videmus
1231 1572 1289 1613 non
1313 1555 1510 1612 fastidientem
1527 1554 1556 1611 in
1578 1555 1719 1624 minimis,
1735 1571 1803 1613 cum

100 1650 173 1714 arte,
191 1646 332 1715 insonuit,
343 1662 399 1702 non
411 1643 615 1718 impersocrui
632 1644 718 1712 Petri,
733 1660 797 1716 qne
806 1642 927 1699 Domino
979 1646 1119 1712 sciamus,
1148 1661 1215 1702 eom
1231 1650 1379 1718 potentem
1405 1646 1436 1702 in
1452 1645 1609 1702 maximis.
1628 1648 1803 1719 Quanquam

99 1734 559 1792 sanatoriexhibuitsedolitatem
567 1733 700 1806 obsequii
710 1732 861 1804 ;nisiquod
873 1728 924 1788 illa
937 1719 961 1785 Β
975 1733 1053 1791 haud
1067 1734 1127 1792 scio
1142 1752 1179 1793 an
1190 1734 1339 1793 inferioris
1349 1734 1468 1792 virtutis
1478 1733 1518 1791 sit
1527 1734 1658 1808 quotidie
1667 1733 1804 1793 exhibere

100 1824 236 1897 precibus
260 1824 386 1881 aliorum
412 1825 568 1882 sanitatem
593 1823 711 1891 meruit,
726 1823 781 1880 iste
794 1821 851 1878 lide
869 1837 923 1878 sua
977 1823 1085 1894 facilia,
1100 1841 1188 1898 quam
1204 1824 1294 1882 semel
1309 1828 1459 1882 ostentare
1474 1823 1660 1896 pergrandia.

102 1913 246 1986 erigebat.
1011 1914 1155 1973 Defuncto
1181 1916 1281 1972 abbati
1297 1915 1427 1972 Guarino
1440 1913 1582 1972 successit
1596 1914 1695 1972 statim
1713 1914 1749 1971 ad
1762 1931 1798 1971 xv

134 2001 273 2071 Ejusdem
289 1999 429 2057 antistitis
454 2001 603 2059 alletensi
620 2000 843 2058 archidiaconus
860 1999 921 2056 Hit·
975 2006 1039 2064 dies
1054 2007 1250 2076 Godelrl'dus3
1267 2006 1318 2079 qul
1337 2007 1432 2064 suerat
1446 2004 1686 2064 Gemmatiqflngin
1697 2020 1801 2062 mong-

98 2088 211 2159 baldus,
242 2089 285 2146 vir
313 2090 362 2162 qui
393 2090 560 2148 liberalium
604 2107 661 2147 non
703 2090 838 2161 exignum
871 2105 920 2145 ex·
974 2094 1060 2152 obus.
1076 2096 1146 2168 Ejus
1162 2100 1294 2169 tempore
1318 2099 1346 2152 et
1369 2094 1514 2152 industrie
1529 2094 1656 2151 multum
1675 2093 1802 2152 adolevit

96 2177 290 2251 perimentum
301 2181 444 2250 ῦωβίθῦθῒ.
456 2180 506 2237 ⁸⁰d
517 2196 569 2251 pr⁰
581 2178 736 2236 iilubtnlis
746 2177 805 2235 oris
816 2192 919 2250 parum
974 2183 1068 2243 bonos
1083 2184 1229 2254 Ecclesia,
1242 2191 1326 2242 aucta
1336 2183 1449 2257 religio,
1460 2189 1636 2241 ornamenta
1647 2183 1722 2240 facta
1732 2197 1799 2258 per·

99 2284 148 2326 eas
163 2269 350 2325 audientibus
365 2270 523 2341 expediret.
545 2269 595 2325 llio
610 2268 784 2325 familiarem
800 2267 920 2324 clienta·
974 2272 1114 2344 plurima,
1129 2280 1276 2346 quatenus
1304 2274 1425 2331 tantula
1451 2271 1600 2330 facultatis
1624 2271 1721 2337 bomo,
1737 2274 1798 2328 tam

96 2357 155 2414 lam
173 2363 275 2416 sancto
291 2360 445 2417 devoverat
460 2377 468 2429 ;
485 2361 561 2431 quod
582 2359 731 2432 quondam
750 2356 877 2415 blelduni
889 2356 919 2411 in
974 2367 1374 2434 occupatotemporepoterat.
1392 2362 1471 2420 Libri
1484 2359 1800 2434 conscriptinonnulli,

96 2447 252 2504 festivitate
272 2449 395 2520 positus,
410 2449 474 2520 ejus
489 2465 576 2520 opera
599 2449 636 2505 do
660 2448 739 2520 gravi
756 2448 857 2505 morbo
872 2464 921 2505 sa·
972 2449 1017 2507 vel
1029 2451 1126 2524 potius
1142 2451 1322 2510 bibliothece
1344 2452 1480 2526 primitias
1495 2451 1602 2508 libata.
1628 2450 1711 2517 Quod
1731 2453 1800 2507 stu·

95 2542 183 2593 natus
196 2537 298 2593 fuerat.
315 2539 447 2610 Namque
458 2554 524 2594 cum
539 2538 644 2594 infesto
659 2536 724 2595 colli
740 2542 769 2594 et
783 2535 918 2610 scapula·
972 2540 1053 2596 dium
1068 2539 1092 2598 si
1107 2541 1244 2614 predico,
1271 2542 1370 2599 videor
1391 2540 1418 2597 id
1444 2540 1571 2612 quodam
1592 2554 1656 2595 meo
1679 2537 1795 2611 proprio

95 2638 160 2677 rum
176 2622 274 2679 dolore
285 2628 475 2696 premeretur,
494 2624 545 2696 qui
564 2623 710 2681 somnium
727 2627 856 2695 negaret,
873 2623 915 2681 oi·
967 2629 1034 2701 jure
1052 2630 1161 2700 facers;
1182 2630 1231 2701 qni
1243 2629 1334 2687 nullis
1350 2630 1511 2701 majoribus
1524 2629 1554 2684 in
1570 2629 1623 2685 boc
1634 2626 1795 2700 presertim

93 2710 164 2767 bom
180 2712 373 2782 subtraheret,
395 2714 457 2770 solo
477 2717 557 2770 taeta
574 2712 684 2784 feretri,
700 2712 917 2785 quodcernuus
971 2717 1035 2776 loco
1043 2720 1190 2789 cesserim,
1201 2719 1260 2777 imo
1271 2721 1328 2777 nisi
1339 2720 1419 2793 quod
1431 2717 1648 2791 dicolactantia
1663 2719 1712 2788 sit,
1724 2733 1797 2773 oun·

92 2803 234 2872 subierat,
256 2805 421 2875 sanitatem,
446 2812 477 2862 ut
500 2805 543 2862 sic
573 2805 688 2879 loquar,
716 2805 832 2863 furatus
861 2808 914 2862 est.
972 2811 1033 2864 ctos
1048 2808 1356 2884 facilssupergressus
1382 2809 1449 2866 sim.
1473 2808 1518 2865 sit
1543 2807 1695 2880 quimodo
1710 2809 1796 2878 parta

91 2892 269 2950 llunoenim
296 2909 405 2950 morsm
434 2895 622 2966 frequentant
651 2894 760 2966 editui,
790 2899 823 2952 ut
851 2898 918 2967 post
972 2900 1264 2972 conservet3egoad
1280 2898 1434 2972 legendam
1451 2895 1703 2968 multaoongcssl,
1725 2910 1794 2969 pro·

91 2980 307 3052 processionem
321 2981 363 3039 ita
377 2997 412 3039 ex
427 2986 593 3041 transverso
608 2982 758 3040 valvarum
777 2987 915 3056 coaptent
971 2985 1091 3045 bitatem
1108 2988 1286 3061 predicandi
1301 2988 1355 3045 viri
1371 2987 1400 3045 in
1412 2982 1793 3045 bocduntaxatremnlstus.

92 3070 246 3142 scrinium,
263 3077 296 3129 ut
320 3072 379 3130 nisi
398 3074 553 3131 humiliato
568 3090 688 3149 corpore
702 3073 915 3147 nulluspatsn·
970 3077 1066 3149 Ipsius
1077 3092 1146 3150 ergo
1162 3077 1303 3135 laudabili
1313 3083 1407 3151 coepto
1422 3092 1474 3150 pro
1484 3075 1561 3133 virili
1576 3073 1709 3148 portione
1733 3088 1793 3131 non

89 3169 147 3220 tern
164 3164 282 3222 invadat
308 3165 487 3240 ingressum.
510 3168 553 3225 lbi
573 3167 707 3241 quisquis
728 3169 783 3225 lide
811 3167 915 3241 plenus
968 3165 1047 3222 defui
1064 3181 1071 3222 :
1088 3167 1201 3224 utinam
1217 3166 1256 3224 sit
1270 3165 1322 3240 qui
1344 3166 1458 3223 labores
1473 3169 1590 3221 nostros
1603 3160 1714 3220 faventi
1731 3162 1792 3219 llo·

89 3254 254 3321 accesserit,
270 3256 466 3327 quodeunque
488 3260 580 3328 optat,
594 3257 690 3328 rapit;
712 3273 765 3315 neo
788 3257 914 3315 feraun·
967 3254 1055 3312 nacbl
1069 3255 1120 3329 qui
1139 3254 1275 3329 volgares
1300 3260 1414 3312 tantum
1443 3253 1556 3311 litteras
1578 3249 1790 3318 balbutiebant,

91 3358 179 3414 quam
196 3341 304 3414 aliquis
315 3359 416 3401 exsors
428 3344 485 3400 voti
497 3345 615 3402 recedit.
628 3346 724 3402 Gertat
735 3345 830 3403 audax
841 3345 913 3402 tides
967 3347 1093 3420 perfecto
1107 3346 1269 3405 informati.
1285 3345 1441 3404 Servitium
1457 3343 1509 3402 Dei
1529 3343 1697 3400 institutum
1713 3340 1792 3398 libs-

93 3429 291 3501 offerentium,
300 3436 332 3488 ut
341 3448 392 3505 pro
404 3448 460 3489 ano
472 3449 595 3489 nummo
608 3433 652 3489 vel
667 3433 751 3491 obolo
767 3433 914 3491 feneretur·
967 3435 1075 3503 raliter,
1086 3436 1240 3495 actitatum
1249 3437 1407 3503 instantem
1418 3435 1490 3493 adeo
1501 3438 1533 3490 ut
1544 3430 1792 3490 monasteriorum

89 3518 168 3590 apud
185 3523 321 3575 sanctum
351 3519 644 3579 multorumsnmma
671 3522 913 3580 votorum.ldem
969 3525 1084 3582 nullum
1108 3542 1161 3598 par
1189 3525 1326 3600 Angliam
1356 3523 1610 3583 llalmesburiensi
1625 3519 1791 3585 excelleret,

89 3622 159 3678 ocgo
175 3606 400 3665 archidiaconus
423 3610 573 3667 llubaldus
590 3610 759 3668 salesberias
779 3627 913 3681 manens,
969 3615 1122 3686 multaque
1137 3615 1283 3671 cederent.
1296 3615 1404 3670 Aderat
1417 3613 1521 3685 ipsein
1532 3610 1645 3683 primis,
1661 3609 1793 3666 discede·

91 3697 192 3752 eadem
208 3712 265 3768 qua
279 3697 415 3769 superius
432 3699 614 3771 egritudinis
629 3700 764 3757 molestia
789 3698 915 3772 ingemi·
967 3702 1018 3758 bnt
1032 3719 1099 3759 cum
1115 3702 1227 3759 ultimis
1243 3721 1251 3771 ;
1267 3701 1406 3760 civilitate
1425 3699 1597 3757 demulcens
1618 3698 1723 3766 bonos,
1738 3711 1791 3752 ao·

90 3784 208 3842 scebat:
222 3794 444 3860 excesseratque
456 3788 592 3863 antiquas
603 3799 694 3847 metas
703 3789 795 3858 dolor,
808 3794 841 3846 ut
855 3805 913 3845 non
967 3792 1099 3849 steritato
1111 3791 1244 3849 territans
1259 3807 1323 3848 reos
1335 3809 1344 3861 3
1357 3790 1391 3845 ad
1408 3789 1480 3846 iram
1505 3803 1624 3861 pronus,
1636 3786 1687 3843 sed
1703 3799 1793 3858 quam

90 3874 187 3931 solum
203 3875 312 3932 collum
327 3881 356 3933 et
368 3878 516 3948 scapulas,
530 3880 580 3937 sed
596 3883 625 3936 et
643 3879 797 3937 brachium
819 3895 913 3951 usque
967 3880 1045 3938 dulci
1073 3881 1265 3952 responsione
1279 3895 1464 3952 compescere
1477 3877 1522 3934 val
1537 3877 1672 3948 frangere
1695 3872 1792 3932 statim

89 3964 349 4022 adextremitatem
363 3966 912 4042 unguiumlampertinaoiterurgeret3
967 3974 1065 4043 posset
1089 3970 1163 4042 ipse,
1189 3969 1240 4044 qui
1263 3971 1428 4028 excitasset.
1457 3965 1635 4040 Frugalitate
1663 3963 1788 4030 sobrius,

90 4063 188 4113 utneo
213 4074 334 4114 manum
350 4058 386 4115 ad
415 4074 448 4114 os
477 4058 593 4132 ducere,
619 4077 671 4117 neo
700 4061 820 4119 ouilibst
847 4059 912 4117 usui
967 4065 996 4118 et
1011 4064 1043 4118 ot
1057 4060 1220 4130 dicebatur,
1231 4059 1464 4131 nimiuszutqui
1479 4062 1701 4131 sepequantum
1713 4053 1748 4111 ad
1761 4067 1792 4109 ss

89 4149 190 4219 aptaro
206 4147 383 4218 prevaleret.
402 4148 470 4206 llrat
484 4151 553 4205 tuno
578 4149 639 4207 dies
653 4150 840 4208 ascensionis
855 4164 912 4221 quo
968 4167 1028 4208 uno
1042 4155 1198 4208 contentus
1210 4149 1330 4220 feronio,
1346 4166 1404 4207 non
1420 4154 1528 4206 lomere
1543 4145 1599 4202 nisi
1611 4143 1702 4202 semel
1717 4142 1794 4199 inter

88 4254 138 4311 per
154 4243 248 4298 totam
258 4241 508 4300 christianitatem
529 4248 648 4318 paratur
664 4245 811 4318 processio
827 4259 913 4301 accu-
968 4240 1126 4313 prandium
1137 4247 1165 4297 et
1180 4256 1293 4297 coenam
1303 4239 1426 4296 biberet.
1438 4236 1636 4295 Lauticiarnm
1651 4236 1794 4305 appeten·

88 4332 150 4383 rate
167 4329 317 4386 solemnis.
330 4331 521 4390 Proleruntur
537 4334 668 4406 reliquiae
678 4351 713 4393 ex
725 4333 913 4404 conditoriis;
930 4356 954 4424 D
968 4328 1115 4399 tissimus,
1127 4333 1160 4387 ut
1169 4329 1221 4402 qni
1232 4328 1305 4385 nihil
1316 4328 1375 4385 nisi
1386 4323 1616 4401 exquisitissime
1628 4325 1794 4379 accuratum

89 4417 232 4473 statuitur
244 4418 397 4476 brachium
412 4420 573 4478 beatissimi
597 4423 742 4481 Aldhelmi
758 4424 911 4482 ferendum
969 4434 1144 4476 mensasuas
1155 4418 1255 4476 inferri
1264 4422 1419 4492 pateretur.
1433 4413 1618 4489 integerrimi
1629 4411 1795 4486 postabba·

91 4524 157 4566 curn
174 4508 294 4565 ceteris.
306 4509 383 4568 ilisio
400 4510 510 4568 brachii
524 4512 692 4570 oscitantem
708 4515 915 4571 diaconirobo·
967 4509 1040 4567 tiam
1055 4509 1220 4580 caelibatus,
1233 4514 1319 4568 antea
1334 4507 1479 4567 nonnulla
1493 4505 1617 4562 infamia
1628 4518 1794 4576 respersus,

94 4598 168 4654 ravit
182 4597 282 4664 fldem,
300 4598 509 4656 dormitantem
526 4602 670 4659 revocavit
684 4603 853 4660 memoriam
866 4606 916 4673 ;ut
969 4616 1028 4658 uno
1043 4607 1071 4657 et
1085 4601 1150 4674 ipso
1165 4601 1288 4658 immani
1303 4599 1464 4659 commisso
1483 4594 1613 4653 infamis.
1631 4594 1703 4652 Nam
1724 4608 1792 4652 oum

92 4685 238 4757 eiusdem,
250 4687 336 4757 cujus
352 4688 501 4759 qnondam
518 4691 622 4747 merito
636 4707 666 4748 se
676 4689 861 4748 liberandum
877 4691 915 4749 ab
969 4689 1139 4747 willalmus
1151 4706 1202 4748 rex
1211 4685 1651 4762 juniorimportnbilstributum
1670 4682 1794 4739 indixis-

91 4774 193 4831 eodem
206 4775 366 4831 confideret
376 4778 571 4836 incommodo.
583 4780 756 4853 Episcopum
765 4796 833 4852 ergo
844 4797 916 4853 sup·
969 4778 1141 4852 setAnglias,
1152 4781 1450 4853 quoliormanniama
1462 4777 1551 4834 fratre
1558 4773 1684 4831 lieberto
1695 4772 1794 4828 inten-

92 4861 218 4936 plicibus
234 4863 358 4921 ambivit
373 4866 520 4937 precibus,
538 4872 570 4924 ut
588 4873 668 4925 esset
682 4884 733 4940 per
751 4867 915 4942 processio·
970 4869 1057 4927 debat
1071 4868 1361 4941 omere,Godefridus
1377 4872 1409 4925 ut
1428 4882 1514 4925 suam
1529 4868 1642 4936 partem
1657 4877 1693 4919 er
1717 4858 1796 4917 facili

92 4967 158 5008 nem
169 4952 246 5010 lator
257 4953 380 5026 brachii,
396 4956 530 5026 quamvis
544 4955 573 5012 id
590 4973 692 5029 parum
703 4958 750 5014 sui
761 4958 918 5015 interesset
969 4962 1165 5032 componeret,
1180 4960 1335 5017 thesauros
1351 4956 1497 5026 Ecclesia,
1516 4970 1591 5027 quos
1604 4951 1793 5023 antiquorum

92 5040 192 5099 officii.
212 5042 334 5101 Credere
350 5060 392 5113 ss,
409 5044 489 5117 quod
508 5045 561 5118 pia
577 5047 700 5104 sarcinae
728 5047 851 5104 reontio
878 5048 914 5103 ad
970 5062 1040 5104 nura
1057 5051 1252 5118 coacervarat,
1268 5047 1342 5104 laede
1357 5046 1502 5113 distraxit,
1515 5043 1712 5117 pessimorum
1724 5054 1795 5096 usos

90 5134 318 5205 promovendam
346 5133 471 5192 salntem
497 5151 603 5207 magno
631 5137 781 5194 accederet
803 5136 915 5194 emolu·
970 5135 1093 5194 oonsilio
1109 5153 1118 5205 ;
1133 5154 1208 5209 quos
1234 5137 1386 5195 nominare
1410 5149 1538 5208 possam,
1553 5131 1581 5189 si
1609 5129 1795 5203 peccantium

90 5225 200 5276 mento.
215 5220 266 5277 llls
278 5227 363 5278 tanta
375 5221 441 5280 fidei
452 5225 617 5297 gratulans,
629 5225 776 5300 simulque
793 5242 915 5300 magno-
969 5225 1093 5283 societas
1103 5226 1215 5283 crimen
1226 5227 1362 5285 alleviare
1373 5229 1474 5298 posset
1484 5221 1629 5297 magistri.
1640 5219 1795 5278 Enimvero

89 5323 159 5382 pera
173 5308 332 5366 sanitatem
344 5311 526 5382 desiderans,
544 5314 596 5389 qui
611 5319 640 5371 et
653 5316 717 5386 ejvs
731 5316 915 5373 necessarius
970 5315 1096 5387 facinus,
1112 5331 1185 5388 quos
1201 5315 1348 5389 inquinat,
1364 5322 1469 5388 aqnat.
1482 5313 1611 5386 lienique
1626 5310 1672 5367 die
1684 5325 1796 5366 unoxrr

88 5402 118 5454 et
138 5413 197 5453 non
213 5398 420 5470 perfunctorie,
438 5412 467 5459 ut
487 5403 650 5470 dixissset
673 5402 820 5463 litteratos
835 5421 843 5473 ;
860 5421 916 5462 sua
970 5410 1066 5463 leatus
1080 5405 1315 5478 Evangeliorum,
1339 5422 1390 5462 vrrr
1414 5420 1525 5474 cruces,
1545 5419 1596 5459 vnr
1624 5399 1732 5459 scrinia
1747 5416 1795 5457 ar·

88 5502 180 5546 menn
191 5487 321 5544 dealtari
334 5489 487 5549 sublatum
497 5490 540 5547 illi
549 5493 698 5552 commisit
707 5493 914 5566 bajulandum.
971 5501 1057 5569 ganto
1070 5498 1100 5551 et
1114 5510 1187 5551 auro
1201 5493 1315 5551 nudata
1326 5497 1355 5551 et
1373 5497 1537 5552 excrustata
1551 5495 1633 5551 aunt.
1652 5490 1707 5547 Sed
1728 5484 1797 5563 pul·

89 5574 264 5639 Incredibile
280 5575 416 5637 fortassis
430 5579 566 5640 videatur
580 5583 658 5656 quod
678 5583 811 5642 dicturus
823 5599 889 5643 sum
905 5603 914 5658 3
969 5585 1042 5644 obre
1051 5583 1183 5657 contigit,
1192 5584 1269 5658 quod
1281 5585 1404 5657 penuria
1415 5583 1576 5658 cupiditate
1586 5580 1729 5639 frustrate
1738 5592 1797 5633 non

251 5679 385 5742 Parnon.
408 5680 561 5745 clxxix.
1596 5683 1636 5743 53
