3750 6000
116 204 170 260 asa
722 207 1177 271 saissonsstttetttttttsats·
1713 237 1766 292 ott

118 339 174 395 pax
192 324 301 383 Domini
320 328 408 385 nostri
436 330 500 386 lesu
519 329 628 400 Christi,
656 338 790 402 qmtenus
821 339 847 389 et
870 334 916 391 hic
929 340 957 403 Α
971 335 1155 408 hospitalitate
1169 345 1197 396 et
1209 339 1385 415 adimplenda
1411 347 1688 413 misericordianebis
1699 360 1765 432 quid

120 422 240 481 fructum
258 425 337 483 bonae
350 428 465 485 actionis
475 428 755 502 percipiant,'etapud
766 429 916 488 districtum
972 423 1023 481 elil
1038 424 1193 496 dicendum,
1210 444 1272 487 0⁰⁰¹
1284 448 1365 489 ΟΜΝ)
1380 437 1453 507 (iuml
1465 450 1600 512 ⁸1¹ll0l⁰⁸b
1628 444 1654 499 5¹¹
1679 449 1768 505 08'1558

113 513 235 585 jndicem
264 517 380 586 praemia
406 526 516 574 aeternae
536 518 613 590 pacis
640 518 789 575 inveniant.
819 525 915 581 Amen,
970 521 1023 592 piis
1037 537 1069 579 ac
1085 524 1224 598 religiosis
1234 532 1402 601 erogandum
1417 543 1468 601 est,
1489 537 1606 597 Domino
1634 547 1765 617 magistro

116 617 207 673 amen,
223 618 314 660 nmen,
970 610 1091 666 omnium
1102 613 1226 672 dicente:
1242 619 1462 695 duodeupetest,
1472 625 1538 684 dole
1547 630 1763 704 eleemosynam,

150 685 212 764 Ego
227 692 401 750 lunonentius
416 694 559 754 Catholicae
570 695 701 753 Ecclesiae
711 697 864 769 episeopus.
970 703 999 754 el
1011 715 1074 756 ecce
1087 704 1186 760 omnio
1202 707 1312 764 mundo
1329 715 1401 766 sunl
1415 714 1507 783 vobis;
1523 719 1667 775 statuimus
1678 730 1706 776 ut
1730 725 1766 781 de

149 781 211 855 Ego
226 781 369 839 conradus
385 783 541 840 sabinensis
553 785 711 858 episcopus.
969 786 1110 845 laboribus
1121 807 1257 862 quosvos,
1268 803 1295 853 et
1309 797 1395 854 totius
1423 809 1522 859 restrae
1544 810 1765 882 congregationis

149 871 211 943 Ego
227 870 381 944 Gregorius
398 873 472 930 diac.
488 875 566 931 card.
592 874 641 931 88.
657 874 748 948 Sergii
762 882 788 931 et
803 876 913 934 llacchi.
969 874 1067 932 iratres
1081 882 1200 951 propriis
1215 884 1340 942 manibus
1356 894 1381 943 et
1394 892 1549 962 sumptibus
1563 897 1661 965 colitis,
1678 909 1704 955 et
1730 901 1765 959 de

968 965 1132 1025 animalibus
1147 971 1243 1027 restris
1257 988 1274 1028 a
1288 975 1368 1032 vobis
1382 977 1502 1036 decimas
1516 991 1646 1056 expetere
1661 990 1704 1047 vel
1721 1006 1764 1048 re-

968 1063 1060 1135 cipere
1075 1082 1156 1123 nemo
1171 1081 1326 1141 praesumat.
1343 1074 1415 1130 Nulli
1430 1093 1496 1151 ergo
1517 1081 1655 1141 humidum
1684 1087 1765 1147 liccat

967 1160 1096 1211 vestrum
1109 1160 1306 1217 monasterium
1326 1170 1427 1222 temere
1450 1170 1677 1241 perturbassent
1704 1179 1764 1249 eius

966 1245 1160 1311 possessiones
1174 1248 1290 1315 auferre,
1308 1251 1462 1310 velablatas
1476 1257 1609 1329 minuere,
1639 1273 1683 1321 aut
1711 1269 1765 1324 ali-

967 1330 1067 1402 quibus
1082 1334 1214 1392 molestiis
1229 1337 1364 1410 fatigare:
1379 1343 1428 1399 aed
1442 1347 1533 1403 omnia
1560 1349 1667 1424 integra
1694 1371 1765 1414 con-

145 1419 209 1493 ligo
235 1417 326 1476 Guido
354 1422 500 1497 presbyter
529 1434 557 1483 et
573 1426 724 1484 cardinalis
743 1429 771 1486 S.
790 1428 911 1502 Chryso.
966 1429 1122 1490 serventur,
1151 1426 1252 1483 vestris
1281 1432 1308 1485 et
1336 1431 1453 1488 aliorum
1486 1451 1642 1508 pauperum.
1666 1445 1764 1504 Christi

109 1509 190 1583 goni.
965 1507 1061 1564 usibus
1088 1513 1242 1582 protutura.
1264 1516 1296 1573 st
1311 1535 1363 1590 qna
1387 1520 1471 1594 igitur
1485 1523 1512 1580 in
1527 1534 1666 1597 posterum
1680 1535 1765 1593 eccle

145 1602 207 1676 3⁸⁰
223 1602 390 1663 omanus
407 1604 540 1662 diaconus
561 1605 710 1663 cardimus
740 1607 831 1664 Sancti
858 1607 910 1663 Ni.
965 1595 1257 1672 siasticasaecularisre
1271 1611 1485 1676 persona,hanc
1509 1624 1609 1674 nostrae
1628 1623 1762 1682 constitu-

109 1697 181 1754 eohi
196 1700 221 1754 in
238 1700 370 1758 emere·
921 1684 1046 1766 Btionis
1060 1690 1189 1762 paginam
1212 1693 1314 1764 sciens,
1336 1705 1431 1754 contra
1454 1716 1516 1758 earn
1546 1714 1647 1765 temere
1671 1714 1764 1772 venire

146 1787 205 1862 Ego
220 1789 273 1845 Go-
289 1790 412 1862 meis
429 1790 502 1846 card·
519 1790 548 1847 S·
564 1791 693 1847 Caeeffiae·
964 1779 1123 1845 tentaverit,
1137 1788 1165 1835 et
1179 1784 1300 1838 secundo
1317 1786 1431 1844 tertiove
1446 1795 1625 1865 commonita,
1654 1800 1677 1855 si
1708 1819 1761 1861 non

143 1877 243 1934 mmm
259 1878 383 1934 mmai
398 1895 447 1950 per
461 1895 570 1934 manum
586 1879 698 1935 Gemffi
714 1880 742 1936 s¹
775 1880 909 1938 Romam
963 1865 1146 1924 satisfactione
1161 1885 1283 1942 congrua
1297 1876 1494 1948 emendaverit,
1511 1887 1656 1953 potestatis
1675 1891 1763 1950 bono·

148 968 210 1112 iridgo
226 966 316 1025 Guido
337 969 370 1026 S.
398 970 530 1029 itomanae
555 972 688 1030 Ecclesiae
712 971 843 1047 indignus
867 992 914 1031 sa-

116 1071 148 1112 ce
184 1072 230 1113 os.

147 1146 208 1218 Ego
222 1145 375 1218 Stephanus
391 1150 573 1208 Praenestinus
588 1153 744 1227 episcopus.

148 1235 210 1308 Ego
223 1233 287 1292 ouo
301 1236 372 1294 diac.
387 1239 519 1297 cardinal.
551 1242 579 1298 S.
612 1243 726 1318 Georgii
753 1245 787 1302 ad
818 1243 911 1301 velum

111 1331 243 1386 Aureum.

107 1974 403 2050 Ecclesiepresbyteri
418 1978 612 2035 cardinalis'ac
632 1978 839 2047 bibliothecarii,
871 1996 909 2035 χιι
963 1951 1054 2024 ¹⁵⁸q¹¹⁰
1069 1956 1219 2025 Wiffllflm
1234 1961 1762 2051 P³U⁸¹¹¹h⁰l³⁸³0l⁸li⁸⁸im0corpora
1864 1986 1867 1991 '

107 2063 173 2120 Kal·
193 2065 323 2134 januarii.
343 2066 491 2124 indimione
515 2075 600 2133 sexta.
627 2069 821 2125 hemmonis
849 2070 908 2125 Do·
963 2044 1130 2141 etsenguine
1146 2047 1254 2103 Domini
1269 2052 1353 2106 nostrl
1377 2053 1444 2110 Jesu
1471 2058 1571 2115 Christi
1592 2064 1682 2122 aliens
1701 2070 1757 2139 liat,

105 2153 216 2211 minim
232 2158 407 2223 mom&
423 2156 676 2228 pontificatusvem
700 2157 794 2213 domni
824 2158 907 2214 luno,
962 2136 1358 2202 atqoernastremoexamina
1387 2142 1516 2202 districtae
1544 2150 1641 2208 ultioni
1662 2159 1760 2228 subja·

104 2242 187 2298 compi
202 2244 226 2298 Π
241 2261 320 2317 papae
335 2259 407 2300 anno
418 2245 524 2301 decimo
541 2246 632 2301 [eruo.
962 2227 1036 2315 caat.
1056 2220 1289 2281 conservantibus
1303 2245 1367 2284 vero
1382 2232 1470 2288 eidem
1485 2233 1546 2292 loco
1559 2256 1620 2312 quae
1632 2259 1682 2299 sua
1696 2258 1759 2304 suut

131 2364 150 2403 r
453 2335 558 2391 Dm·
960 2314 994 2361 stt
1015 2310 1190 2378 paxllomini
1218 2317 1305 2371 nostri
1337 2319 1402 2375 iesu
1421 2322 1539 2392 «Christi,
1571 2341 1704 2400 quatenus
1732 2347 1759 2393 01

193 2446 383 2521 Prioilcpium
408 2466 460 2521 pro
483 2451 656 2506 annuntiatio
677 2449 810 2522 Rupensi.

335 2538 426 2608 (Anno
442 2540 521 2605 titi,
536 2539 604 2595 Dec.
614 2539 672 2610 23.)

230 2625 323 2696 [Gall.
343 2627 460 2685 Christ..
477 2627 540 2695 xit,
557 2628 686 2685 lustrum.
704 2628 776 2702 tta]

138 2717 333 2773 lusomurms
347 2715 504 2787 episeopus,
518 2732 613 2772 servus
627 2731 771 2773 serrorum
786 2716 846 2785 Dei,
862 2717 903 2773 di-

104 2802 183 2860 lectis
198 2805 262 2860 liliis
276 2805 423 2861 Gauratoo
442 2803 536 2860 abbati
552 2805 759 2861 monasteriide
770 2807 901 2879 Rupibus,

103 2894 218 2966 ejusque
233 2894 360 2949 iratribus
376 2903 428 2949 tam
443 2894 624 2966 praesentibus
639 2911 721 2967 qnam
735 2895 835 2952 futuris
852 2911 901 2953 re·

103 2991 232 3064 gulsriler
246 2990 443 3048 substituendis
456 2991 485 3046 in
500 2993 549 3046 ΡΡ.
566 2994 601 3047 hl.

139 3082 218 3139 Purus
231 3081 330 3138 mentis
349 3080 447 3155 religio
472 3080 654 3137 indissolubili
680 3079 766 3137 divini
797 3058 940 3140 amorisC

103 3179 208 3255 glutino
227 3177 512 3244 confirmatarnltum
536 3176 740 3234 clementissimi
767 3180 899 3236 creatoris

102 3277 129 3326 ut
143 3276 254 3326 terrena
267 3267 426 3326 coetesdbus
434 3267 596 3342 jungantur,
612 3275 702 3324 utuna
717 3268 823 3341 superis
851 3284 900 3326 so-

102 3358 209 3417 cientur
233 3357 343 3414 mundis
370 3356 552 3427 orationibus,
566 3357 736 3414 incessanter
762 3358 900 3430 profusius

101 3447 222 3506 inclinat.
239 3442 310 3517 Quia
325 3445 408 3520 igitur
417 3445 515 3501 fratres
528 3444 586 3515 jam
602 3445 665 3502 dicti
689 3446 854 3504 monasterii
882 3463 898 3505 a

101 3552 163 3595 curs
179 3530 306 3593 saeculari
320 3534 422 3590 liberos
435 3542 463 3591 et
475 3535 575 3591 divinis
590 3534 707 3590 servitiis
717 3536 896 3608 mancipatos,

99 3620 143 3700 pie'
156 3627 252 3682 virere
265 3640 299 3682 ac
312 3623 442 3698 'religiose
456 3623 643 3696 cognovimus,
658 3625 777 3693 edcirco,
792 3625 819 3681 in
838 3627 896 3683 llo·

101 3716 172 3774 mino
195 3716 294 3773 dilecte
310 3711 347 3768 fili
363 3712 491 3770 Goulride
502 3712 599 3780 abbas,
613 3713 750 3784 tuisjustis
760 3714 896 3786 petitioni·

103 3806 150 3862 bus
164 3804 291 3862 ducimus
300 3803 484 3859 annuendum.
499 3802 648 3858 statuimus
660 3803 752 3876 itaque
768 3813 796 3859 nt

101 3909 208 3969 cunque
222 3891 412 3963 possessiones
427 3898 472 3946 aut
487 3890 560 3946 hona
573 3889 609 3946 ad
617 3892 742 3947 eumdem
754 3892 843 3949 locum
854 3894 896 3949 in·

100 3982 300 4055 praesentiarum
313 3981 385 4052 juste
399 3979 424 4035 ei
438 3979 567 4035 mnoniee
581 3979 720 4049 pertinere
747 3989 896 4039 noscuntur

100 4074 144 4128 aul
157 4071 186 4126 in
199 4069 330 4139 futuram,
346 4067 525 4126 concessione
540 4066 708 4139 pontificum,
732 4068 896 4128 liberalitate
969 4112 974 4123 .

99 4176 196 4234 fedum
211 4159 254 4216 '⁰¹
268 4158 434 4232 Primil‘um’
450 4157 606 4213 ⁰b¹²fi⁰⁰n⁶
620 4155 750 4225 fidelium*
766 4174 817 4215 ⁸⁸¹¹
832 4159 895 4217 ’Μ’
949 4201 1057 4260 minicae
1070 4203 1216 4265 millesimo
1230 4211 1379 4270 centesimo
1390 4217 1733 4294 quadragesimosecundo

1468 4283 1471 4287 .
1734 4280 1742 4308 2

96 4249 298 4322 justismodis,
313 4245 603 4316 auxiliantellomino,
620 4245 644 4302 ei
678 4246 776 4303 deferri
803 4249 893 4305 conti-

99 4339 178 4412 gerit,
193 4337 273 4394 lirma
297 4336 345 4393 tibi
368 4336 475 4409 tuisque
501 4334 706 4394 successoribus
735 4344 762 4392 et
789 4336 894 4393 illibata

99 4436 285 4500 pmmaneant.
300 4427 335 4484 Et
349 4426 479 4499 quoniam
493 4425 542 4481 ubi
556 4425 671 4497 spiritus
701 4425 839 4494 Dominis
855 4401 934 4494 ibiD

960 2394 1004 2450 hic
1019 2395 1138 2455 fructum
1154 2400 1233 2459 bortae
1246 2405 1359 2461 actionis
1369 2409 1532 2483 percipiant,
1544 2424 1570 2471 et
1583 2420 1655 2489 apud
1665 2422 1758 2480 distri-

959 2494 1161 2564 ctumjudicem
1169 2502 1282 2571 praemia
1290 2511 1399 2563 aeternae
1408 2507 1486 2578 pacis
1495 2509 1647 2574 inveniant.
1655 2521 1753 2592 Amen,

957 2594 1049 2637 amen.

956 2775 970 2815 s
994 2672 1054 2744 Ego
1080 2675 1256 2734 Innocentius
1284 2680 1429 2742 Catholime
1451 2688 1583 2751 Ecclesia
1608 2697 1755 2776 episcopus

972 2777 995 2817 8.

990 2849 1049 2923 ligo
1064 2852 1225 2912 concordus
1237 2856 1383 2933 episcopus
1394 2862 1557 2928 sabinensis
1571 2886 1614 2931 ss.

989 2937 1051 3012 Ego
1065 2940 1178 2999 athicus
1193 2943 1329 3004 Ostiensis
1344 2949 1490 3026 episcopus
1512 2974 1551 3016 ss.

989 3027 1050 3100 Ego
1066 3030 1241 3101 sthephanus
1256 3030 1440 3099 Praenestinus
1454 3045 1600 3122 episcopus
1616 3069 1654 3110 ss.

990 3118 1051 3190 ligo
1064 3117 1217 3190 Stephanus
1230 3123 1398 3183 Tusculanus
1411 3131 1556 3207 episcopus
1569 3155 1608 3199 ss.
1725 3198 1728 3203 ,

990 3207 1051 3278 Ego
1069 3207 1159 3266 Gnido
1185 3220 1288 3269 sanctas
1309 3215 1438 3276 Romanas
1464 3212 1594 3285 Ecclesia
1621 3230 1751 3310 indignus

954 3304 1084 3373 sacerdos
1097 3322 1134 3362 ss.

954 3497 983 3537 ω
990 3395 1048 3467 Ego
1062 3393 1152 3452 Gnido
1166 3398 1310 3472 presbyter
1323 3403 1470 3463 cardinalis
1485 3409 1554 3468 tituli
1563 3414 1592 3472 S.
1603 3417 1749 3498 Grisogoni

955 3571 1052 3716 neggi?
1065 3571 1217 3647 Gregorius
1231 3577 1364 3639 diaconus
1382 3585 1526 3646 cardinalis
1539 3591 1591 3651 88.
1611 3596 1699 3674 Sergii
1723 3615 1750 3665 et

1010 3676 1024 3717 c
1046 3678 1105 3718 ras.

987 3927 1084 3982 Datum
1099 3929 1282 4005 Lateranipar
1295 3950 1407 3994 manum
1422 3941 1539 4003 Gerordi
1566 3950 1594 4006 8.
1619 3953 1750 4023 Romanas

951 4023 1082 4082 Ecclesiae
1096 4028 1250 4102 presbyteri
1264 4033 1411 4093 cardinalis
1423 4054 1455 4098 no
1470 4041 1677 4123 bibliothecarii,
1698 4060 1747 4118 de·

951 4126 1022 4170 ormo
1037 4113 1100 4172 Kal.
1119 4117 1248 4187 ianuarii,
1263 4121 1461 4196 indictionem,
1477 4131 1674 4199 incarnationis
1685 4146 1745 4205 Do·

950 4285 1303 4358 pontificatusvarodomni
1318 4298 1468 4358 innocentii
1484 4304 1506 4359 ll
1518 4306 1570 4362 ΡΡ.
1592 4324 1664 4371 anno
1684 4334 1742 4380 xtra.

1288 4401 1406 4462 uxnvt.

98 4516 231 4574 nurus:
260 4525 288 4572 n
317 4515 428 4572 trimus
451 4514 551 4571 arvina
577 4514 751 4572 famularius
780 4515 894 4571 cateias
948 4476 1742 4584 'mum‘P⁰lllt⁵⁰⁶⁶t⁸l⁸t0⁸⁸⁶⁸⁸i0uocerdania

98 4606 235 4674 insistere,
255 4614 282 4681 et
295 4613 414 4679 purgata
445 4603 543 4659 mentis
581 4605 646 4672 acie,
673 4603 895 4676 contemplationi

97 4710 203 4757 racana
215 4694 430 4766 prohibemnsne
438 4693 538 4764 aliquis
546 4692 895 4764 archiepiscopussutepi-

98 4780 893 4856 seopusinteuelsueeassorestuos,seualiquemnbbatem

1260 4559 1424 4629 confirmat.

1159 4649 1359 4724 '(llnno'lll2,
1375 4657 1442 4716 Dee.
1458 4660 1516 4737 id.)

1003 4739 1159 4819 {bisarnum
1176 4745 1340 4810 Thesaurus
1353 4754 1507 4832 Anecdol„
1524 4764 1569 4834 lli,
1595 4768 1686 4850 lita]

98 4868 891 4944 Pontiniscensisordinis,indebitisvocationibusiatigare‚
982 4855 1176 4911 ¹⁸³⁰⁶⁸NT¹US
1195 4857 1350 4931 095500908,
1371 4879 1468 4922 servus
1500 4885 1642 4932 serrorum
1675 4882 1737 4954 Dei,

96 4960 137 5017 rel
152 4964 250 5017 eontra
265 4959 388 5030 regulam
404 4958 812 5030 inquietarepraesumat.Porro
823 4973 892 5015 con·
946 4940 1101 4997 Gllfflllffl
1116 4943 1215 5000 di¹e⁰²⁰
1229 4943 1286 5003 5¹5⁰
1300 4948 1500 5010 P⁰¹¹¹i¹¹i⁸⁰011⁸i
1512 4957 1606 5018 abbati
1627 4966 1742 5044 ejusque

98 5065 187 5107 remos
201 5050 276 5107 uiros
289 5048 336 5120 qui
350 5047 476 5104 monaehi
491 5061 546 5102 non
564 5053 636 5116 sunt,
664 5056 727 5117 post
749 5045 894 5119 professio
947 5031 1151 5088 ⁸⁰⁰⁰0⁸⁵⁰fi⁰¹¹⁸
1178 5032 1342 5107 ‘edilflfiies
1364 5040 1560 5104 ⁵⁰b⁸fill¹0¹¹di⁸
1594 5051 1622 5108 iu
1644 5072 1742 5136 perpe·

96 5155 158 5197 nem
173 5138 272 5196 iactam
283 5138 312 5193 in
325 5135 422 5194 restris
435 5135 578 5204 coenobiis,
600 5134 692 5192 nullus
706 5135 893 5208 archiepisco·
947 5124 1032 5174 mum·

96 5243 191 5299 porum
206 5228 250 5285 uel
265 5226 394 5284 abbatum
409 5225 468 5281 sine
482 5232 574 5281 restra
588 5232 670 5298 grata
683 5220 793 5280 licentia
808 5225 893 5282 susci·
982 5216 1143 5274 Habitantos
1157 5218 1185 5274 in
1199 5218 1280 5278 domo
1293 5222 1344 5279 Dei
1364 5223 1391 5280 in
1418 5226 1573 5293 sinceritate
1601 5241 1739 5306 charitatis

99 5323 395 5389 pere,sntsusceptnm
408 5313 692 5385 relinerepraesumat.
704 5310 811 5369 Verum
826 5329 893 5386 qno-
946 5305 1091 5362 unanimes
1104 5317 1270 5365 conservant
1289 5311 1418 5370 unitatem
1446 5319 1557 5390 spiritus
1581 5325 1608 5383 in
1629 5333 1740 5397 vinculo

95 5407 172 5463 niam
186 5405 359 5470 sicut,beato
373 5402 508 5476 Gregorio
533 5402 712 5474 augustinum
739 5402 890 5475 hnglornm
945 5392 1031 5468 pacis·
1060 5393 1141 5452 ΡΜ)
1156 5411 1276 5471 uimque
1301 5401 1404 5460 mentis
1428 5406 1524 5483 religio
1553 5413 1737 5484 indissolubili

93 5495 260 5569 episcopum
278 5493 439 5564 instruente,
454 5491 601 5550 didicimus
615 5490 752 5550 communi
767 5490 821 5548 vita
847 5490 891 5548 vi·
944 5485 1142 5549 divininmoris
1161 5493 1266 5567 glutino
1284 5497 1451 5570 confirmata,
1480 5507 1595 5568 multum
1621 5515 1740 5581 clemen·

95 5581 329 5658 inonstantia
343 5580 475 5647 iaciendis
484 5580 665 5655 portionibus,
681 5579 725 5639 rel
738 5579 891 5638 exhibenda
945 5579 1044 5637 tissimi
1055 5581 1207 5652 creatoris,
1223 5593 1253 5641 ut
1266 5592 1375 5646 terrena
1390 5591 1739 5681 coelestibusconjungm.
