3750 6000
131 185 182 243 Gli

796 186 1002 249 innocencii
1021 193 1045 249 ll
1063 194 1174 255 PAPAE.

1720 218 1774 279 648

133 313 164 368 B.
179 311 322 384 Augustini
349 309 471 384 regulam
491 311 628 383 perpetuis
642 309 678 368 ibi
706 313 876 385 temporibus
889 313 929 369 in·
943 313 971 376 Α
986 316 1093 391 absque
1120 324 1254 396 pravitate
1275 328 1365 403 aliqua
1388 333 1467 392 vobis
1494 339 1623 403 exhibere
1648 343 1778 402 uoluerit.

132 400 298 456 violabiliter
324 398 504 456 consectetur
516 417 522 464 ;
535 406 562 457 et
575 416 611 456 ne
626 400 670 458 cui
700 408 766 474 post
780 402 927 474 professio·

131 505 197 546 nem
227 489 535 560 exhibitamproprium
562 488 635 561 quod
664 490 774 558 habere,
802 492 926 549 seusina

129 579 267 650 praepositi
296 578 339 634 vel
366 577 589 651 congregationis
616 578 726 636 licentia
752 582 787 636 de
806 581 926 637 claustro

129 675 271 733 discedere
293 674 384 741 liceat,
412 675 615 732 interdicimus.
647 677 928 750 Praetereaquescun·

130 781 182 837 que
197 764 398 836 possessiones,
415 780 584 837 quaecuuque
598 765 671 821 bone
688 764 926 838 inpresentiarum

126 855 198 924 juste
226 853 394 909 etcanonice
421 853 579 926 possidetis,
606 862 653 910 aut
671 853 699 910 in
720 853 839 912 futurum
855 871 925 912 cou-

124 942 253 1000 cessione
270 940 439 1013 pontificum,
463 941 611 1016 largitione
640 958 734 1016 regum
751 943 795 1000 rel
820 944 925 1016 prinoi-

124 1048 203 1103 pum,
236 1031 373 1087 oblatione
401 1029 534 1098 fidelium,
564 1032 621 1088 sive
645 1032 706 1088 eliis
725 1031 923 1104 justismodis,

125 1127 277 1192 prestante
306 1119 433 1186 Domino,
453 1119 579 1190 poteritis
595 1120 720 1193 adipisci,
737 1121 815 1177 iirma
833 1121 922 1190 vobis,

129 1218 280 1289 uestrisque
304 1216 519 1287 successoribus,
549 1224 576 1274 et
602 1216 702 1273 illibata
727 1226 919 1290 permaneant.

128 1310 160 1364 In
177 1309 274 1380 quibus
288 1308 347 1363 haec
362 1306 479 1378 propriis
501 1306 630 1362 duximus
644 1307 825 1380 exprimenda
839 1323 923 1363 vuca-

126 1397 254 1453 hulis:in
282 1395 379 1452 eodem
404 1395 464 1451 loco
497 1395 613 1461 Casulis,
647 1395 792 1453 ecclesiam
815 1396 922 1452 Sanctae

126 1487 229 1554 illaria,
246 1493 272 1542 ot
286 1484 428 1540 ecclesiam
445 1483 540 1539 Sancti
556 1484 688 1555 Stephani
715 1501 776 1541 curn
796 1482 923 1556 hospitali

126 1577 225 1630 ibidem
256 1573 398 1639 aedificato,
428 1579 455 1627 et
483 1572 609 1628 omnibus
650 1574 706 1630 suis
730 1573 919 1646 pertinentiis:

981 405 1108 480 Alioquin
1129 412 1209 470 liceat
1226 417 1306 475 vobis
1325 419 1494 482 Catholicum
1512 445 1703 504 quemcunque
1717 451 1778 490 rna-

980 494 1183 568 lueritis,adire
1198 505 1356 575 antistitem,
1378 512 1424 583 qui
1434 514 1561 573 nimirum
1575 528 1670 577 nostra
1693 522 1777 579 iulius

980 587 1152 659 auctoritate,
1178 593 1252 665 quod
1277 598 1431 668 postuletur
1458 603 1613 678 indulgeat.
1651 610 1779 670 Obeunte

980 691 1087 749 quoque
1102 687 1127 735 te
1142 696 1215 739 nunc
1227 683 1351 757 ejusdem
1368 688 1421 746 loci
1434 695 1585 765 pre-posito
1602 697 1644 755 vel
1661 707 1776 758 tuorum

979 763 1100 834 quolibet
1119 784 1320 844 successorum,
1345 777 1436 834 nullus
1463 781 1501 836 ibi
1530 784 1648 855 qualibet
1677 789 1777 847 subre-

978 853 1079 922 ptionis
1094 858 1190 914 astutia
1211 862 1255 919 vel
1269 863 1398 922 violentia
1412 880 1599 941 praeponetur,
1630 876 1679 932 sed
1695 877 1778 935 liceat

979 941 1057 998 vobis
1071 948 1209 1004 communi
1227 951 1352 1021 consilio,
1369 955 1415 1012 rel
1442 958 1512 1029 perti
1524 962 1631 1019 consilii
1645 966 1775 1036 senioris,

978 1032 1126 1089 secundnm
1155 1037 1205 1093 Dei
1220 1039 1346 1097 timorem
1366 1051 1394 1100 et
1408 1043 1443 1102 Β.
1468 1048 1614 1121 Augustini
1636 1055 1775 1127 regulam,

977 1120 1082 1194 absque
1101 1124 1183 1182 ullius
1210 1130 1428 1191 contradictione
1449 1139 1624 1210 prepositum
1653 1142 1771 1216 eligere.

977 1208 1238 1289 Decernimusergo
1258 1225 1287 1275 ut
1304 1220 1371 1276 nulli
1385 1223 1496 1281 omnino
1525 1227 1665 1287 hominum
1694 1233 1777 1290 liceat

976 1293 1119 1365 praelatam
1136 1299 1296 1359 Ecclesiam
1327 1311 1431 1365 temere
1459 1313 1630 1382 perturbare,
1660 1315 1776 1375 claustri

977 1385 1062 1439 vestri
1077 1383 1175 1443 domos
1189 1389 1330 1460 invadere,
1351 1403 1398 1452 aut
1421 1397 1482 1468 ejus
1509 1403 1702 1472 possessiones
1728 1423 1776 1463 eu-

979 1470 1060 1540 lerre,
1082 1475 1125 1531 uel
1145 1476 1393 1554 ablatasretinere,
1423 1487 1555 1557 minuere,
1583 1507 1633 1549 aen
1664 1495 1775 1566 quibus-

976 1559 1042 1616 libet
1056 1565 1246 1623 trexationibus
1260 1568 1384 1645 fatigare,
1404 1592 1457 1632 nec
1470 1579 1681 1650 praeposilornm
1692 1585 1775 1642 alicui

126 1680 221 1720 omnes
236 1663 369 1719 ecclosias
386 1663 455 1716 sites
469 1661 497 1715 in
511 1661 705 1732 curiaCasalis,
716 1678 778 1718 cum
793 1662 920 1718 omuibus
935 1675 962 1736 Β
978 1646 1093 1707 fassullflt
1118 1653 1153 1709 sil
1166 1657 1290 1714 ecclesiae
1317 1661 1422 1733 praedia
1449 1668 1576 1736 personis
1599 1672 1776 1730 secularibus

126 1752 308 1824 pertinentiis.
329 1752 361 1806 In
375 1750 512 1806 Paciliano
527 1749 647 1806 ecclesia
664 1750 758 1807 Sancti
782 1749 920 1814 Germani.

126 1841 242 1899 ecclesia
258 1843 290 1898 S.
309 1839 450 1895 lliehaelis
461 1839 496 1894 de
511 1839 686 1911 castagneto.
709 1840 741 1894 ln
754 1839 815 1895 loco
829 1839 921 1896 Sancti

125 1929 250 2002 Georgii,
266 1928 384 1985 ecclesia
399 1928 490 1984 Sancti
504 1927 625 1996 Martini,
655 1928 687 1984 S.
705 1929 806 1996 Marias,
827 1923 922 1983 Sancti

125 2019 274 2086 litteriis.
295 2017 400 2084 vitatis,
416 2025 443 2072 et
461 2016 489 2072 S.
506 2016 591 2072 Petri.
614 2017 645 2071 In
661 2017 775 2090 Cinagio
804 2015 922 2074 ecclesie

125 2117 176 2175 SS.
192 2119 298 2172 Cosmae
324 2122 351 2170 et
374 2113 501 2169 Damiani
529 2129 589 2170 cunr
612 2129 641 2168 tr
667 2112 782 2182 mansis,
805 2119 832 2168 et
846 2110 922 2167 omni

124 2207 231 2263 decima
253 2205 336 2261 totius
359 2203 426 2259 loci.
450 2204 479 2258 ln
502 2202 658 2259 liodolasco
686 2201 801 2259 ecclesia
828 2199 921 2257 Sancti

123 2295 264 2353 llichaelis
283 2311 345 2351 cum
361 2292 605 2364 pertinentiissuis.
625 2291 788 2349 lnTorcello
803 2289 921 2347 ecclesie

128 2386 160 2442 S.
180 2383 328 2441 Clementis
357 2391 382 2436 et
397 2381 426 2438 S.
451 2380 568 2437 Nicolei.
585 2382 616 2436 In
642 2380 703 2437 loco
730 2379 835 2436 Casalis
863 2385 920 2435 tres

122 2490 233 2532 mansos
261 2481 350 2542 terras,
371 2486 441 2543 quos
455 2470 575 2542 propriis
600 2470 687 2526 bobus
710 2468 846 2535 excolitis,
868 2483 920 2524 sex

120 2565 217 2638 jugera
246 2563 390 2617 uinearum
418 2559 452 2615 ud
486 2558 614 2631 proprios
654 2556 918 2614 laborestmausum

122 2661 234 2730 Briscae,
250 2674 375 2713 mansium
388 2656 541 2720 Framiniae,
558 2672 682 2711 mansum
697 2654 824 2718 officiani,
836 2670 917 2710 man-

122 2767 183 2806 sum
214 2747 350 2803 Ambrosii
374 2745 518 2813 Ticinusci,
547 2761 673 2801 mansum
700 2743 817 2801 filiorum
846 2742 916 2813 Gisi,

120 2853 246 2895 mansum
263 2834 367 2900 ililarii,
384 2850 508 2889 mansum
520 2834 588 2891 Adae
603 2833 761 2906 hugoniani,
790 2847 916 2888 mansum

120 2929 228 2999 Spaloae
254 2922 400 2992 Caldariae,
424 2937 549 2977 mansum
564 2922 677 2978 Henrici
701 2922 816 2989 Scineae,
841 2936 918 2975 men-

120 3041 179 3080 sum
196 3020 346 3088 setaciarii,
363 3037 487 3076 mansum
501 3020 662 3088 Casetexlae,
678 3035 804 3075 mansum
819 3016 914 3081 Oberti
930 3029 955 3094 ρ

118 3120 261 3185 Risuliani,
288 3135 415 3175 mansum
431 3117 534 3186 Quirici
558 3117 677 3184 Beldeae,
706 3132 830 3172 mansum
859 3116 914 3171 llo·

119 3209 347 3283 dulpbiQualeae,
365 3223 427 3264 cnm
454 3205 588 3278 primitiis,
609 3213 636 3262 et
661 3205 742 3261 tertie
756 3212 835 3275 parte
862 3203 914 3259 de·

116 3302 246 3358 cimorum
261 3297 342 3354 totius
371 3295 424 3352 loci
451 3294 567 3363 Cassiis,
583 3302 610 3349 et
624 3301 679 3350 tota
706 3293 814 3349 decima
828 3299 914 3347 terra-

117 3406 177 3446 rum
192 3388 302 3444 familiae
314 3384 407 3442 Sancti
436 3383 537 3451 Evasii,
554 3389 650 3438 attola
677 3381 784 3439 decima
803 3379 913 3450 Brajda·

114 3495 175 3534 rum
215 3472 338 3548 episcopi
354 3490 361 3528 τ
376 3470 470 3528 uillam
506 3469 649 3527 tarentini
685 3486 747 3528 cum
787 3468 912 3535 decimis,

113 3576 140 3625 et
154 3564 282 3623 omnibus
295 3559 544 3635 pertinentiissuis.
559 3560 590 3615 ln
603 3559 702 3617 Sancto
717 3558 854 3631 Gregorio
865 3574 913 3614 ιιιιι

113 3659 358 3723 mansos3sextam
401 3648 535 3706 decimam
558 3655 665 3721 piantem
706 3647 825 3705 Torcelli
847 3660 912 3747 cnm

113 3745 240 3801 omnibus
255 3738 438 3814 pertinentiis.
459 3740 489 3793 ln
503 3737 637 3795 blonteolo
657 3743 716 3794 tres
741 3751 911 3805 mansos;m

110 3840 252 3899 hlirabello
267 3855 285 3893 ι·
300 3852 427 3893 mansos.
443 3836 474 3891 ln
487 3835 652 3908 pertinentia
674 3834 751 3892 cellar
766 3851 802 3892 vn
829 3849 912 3889 man-

977 1738 1004 1792 in
1021 1739 1223 1813 ieudumdero,
1243 1748 1285 1803 rel
1310 1751 1479 1822 quibuslibet
1502 1755 1620 1829 ingeniis
1641 1760 1772 1830 alienare,

975 1828 1024 1883 sed
1039 1831 1130 1886 omnia
1144 1833 1249 1909 integra
1259 1850 1457 1897 conserventur
1470 1860 1575 1912 eorum,
1591 1862 1642 1918 pro
1656 1865 1773 1921 qnorum

976 1916 1172 1987 gubernatione
1187 1931 1214 1978 et
1231 1928 1427 1986 sustentatione
1442 1946 1575 1990 concesse
1587 1944 1649 1991 suut
1676 1938 1774 1995 usibus

976 2007 1141 2064 omnimodis
1169 2012 1319 2084 profutura,
1348 2018 1423 2074 salve
1463 2020 1613 2079 dioecesani
1649 2027 1772 2100 episcopi

979 2094 1228 2168 canoniceJustitia
1249 2110 1276 2158 et
1303 2107 1469 2165 reverentia.
1499 2109 1528 2166 Si
1557 2127 1612 2184 qua
1635 2112 1720 2187 igitur
1744 2115 1772 2172 in

976 2181 1096 2241 loturum
1110 2189 1436 2266 ecclesiasticaquaslibet
1449 2199 1625 2258 secularisve
1641 2219 1771 2276 persona,

974 2271 1158 2334 hancnostrae
1172 2281 1374 2339 constitutionis
1388 2287 1518 2360 paginam
1545 2289 1645 2359 sciens,
1672 2302 1773 2350 contra

974 2376 1036 2419 eam
1060 2366 1153 2424 venire
1173 2377 1274 2427 temere
1301 2377 1458 2443 tentaverit,
1494 2378 1615 2437 secundo
1657 2383 1771 2441 tertiove

973 2455 1151 2526 commonita,
1163 2457 1187 2512 si
1206 2474 1261 2516 non
1275 2461 1460 2521 satisfactione
1485 2482 1609 2541 congrua
1635 2471 1770 2530 emenda-

973 2541 1052 2609 verit,
1081 2547 1223 2617 potestatis
1247 2551 1414 2623 honorisque
1442 2554 1484 2610 sui
1512 2556 1642 2629 dignitate
1666 2568 1770 2642 careat,

972 2647 1103 2705 reamque
1117 2651 1148 2692 se
1163 2636 1255 2694 divino
1273 2640 1376 2709 judicio
1404 2643 1524 2701 existere
1551 2646 1587 2703 de
1614 2658 1772 2720 perpetrate

973 2719 1116 2793 iniquitate
1130 2735 1291 2798 cognoscat,
1313 2738 1340 2785 et
1354 2746 1369 2786 a
1384 2733 1574 2791 sacratissimo
1601 2752 1719 2809 corpore
1735 2754 1770 2796 eo

971 2810 1108 2883 sanguine
1121 2812 1172 2869 Dei
1193 2823 1220 2871 et
1234 2816 1346 2872 Domini
1372 2819 1561 2893 Redemptoris
1589 2826 1673 2881 nostri
1702 2827 1770 2883 lesu

971 2897 1171 2956 Christialiena
1187 2903 1243 2972 liat,
1259 2909 1342 2978 atque
1365 2907 1394 2983 in
1422 2919 1544 2967 extremo
1572 2913 1695 2971 examine
1725 2915 1771 2971 di-

971 2987 1073 3045 stricta
1087 2990 1186 3046 ultioni
1198 2993 1349 3063 subjaceat.
1375 2997 1487 3055 Cunctis
1502 3007 1594 3057 nutem
1604 3002 1693 3058 eidem
1704 3002 1769 3061 loeo

966 3073 1030 3144 jura
1059 3093 1107 3133 sua
1130 3083 1302 3139 servantibus
1316 3084 1352 3139 sit
1379 3102 1431 3158 pax
1453 3089 1560 3145 Domini
1589 3091 1675 3148 nostri
1698 3093 1767 3150 lesu

969 3165 1081 3237 Christi,
1099 3177 1235 3241 quatenus
1250 3180 1276 3228 et
1290 3173 1335 3231 hic
1349 3174 1463 3231 imcttrm
1480 3177 1559 3235 bonan
1572 3179 1688 3238 actionis
1704 3199 1769 3254 per·

969 3254 1080 3325 cipiant,
1096 3266 1124 3314 et
1137 3261 1211 3330 apud
1224 3261 1378 3320 districtum
1390 3265 1512 3334 judicem
1528 3269 1639 3339 praemia
1655 3277 1769 3330 aetemaa

968 3347 1047 3416 pacis
1057 3344 1209 3405 inveniant.
1226 3353 1430 3423 Amemamen.

1005 3437 1064 3508 Ego
1079 3439 1254 3496 Innocentius
1269 3442 1416 3500 Catholicae
1424 3443 1558 3503 Ecclesiae
1571 3447 1728 3522 episcopus.

1004 3525 1065 3598 ligo
1079 3525 1222 3584 Gonredus
1236 3528 1395 3586 sabinensis
1411 3532 1568 3606 episcopus.

1002 3614 1103 3669 Datum
1118 3615 1244 3672 Laterani
1255 3633 1309 3691 per
1321 3635 1433 3677 manum
1448 3621 1566 3680 Gerardi
1586 3625 1618 3681 S.
1636 3625 1768 3686 Romanae

967 3700 1101 3759 Ecclesiae
1128 3705 1282 3778 presbyteri
1305 3708 1410 3766 cardin.
1436 3711 1687 3783 etBibliothecerii,
1718 3732 1768 3776 xri

968 3789 1107 3847 Kalendas
1133 3793 1243 3865 Aprilis,
1281 3795 1479 3857 iucarnationis
1515 3800 1667 3861 Dominicis
1692 3820 1767 3863 anno

968 3878 1048 3935 1111.

112 3956 160 3997 sos
171 3953 178 4010 ;
189 3938 217 3994 in
233 3935 365 3994 &nostia
378 3951 394 3992 v
408 3948 521 3990 mansos
530 3947 538 4005 ;
547 3932 576 3988 in
599 3932 738 3990 Paciliano
753 3948 770 3989 r
783 3944 915 4003 mansos3
1312 3998 1398 4056 Dm

113 4030 142 4085 in
156 4028 217 4084 vico
232 4023 349 4082 Borcani
376 4022 760 4091 mausumunum3inluno
789 4035 914 4077 mansum
1094 4107 1100 4123 .
1404 4042 1411 4058 ·

110 4133 193 4174 unum
211 4130 217 4185 ;
234 4113 263 4170 in
282 4111 378 4185 hgelio
402 4126 528 4167 mansum
543 4126 626 4167 unum
643 4109 696 4177 ;in
711 4107 807 4166 Ozano
831 4123 915 4164 man·
967 4108 1151 4181 Prioilcgrum
1164 4117 1396 4185 promoneateta'o
1410 4117 1441 4174 S.
1460 4119 1620 4179 llottioide
1637 4123 1762 4200 campie.

111 4223 171 4263 sum
187 4219 270 4260 noum
283 4221 290 4270 ;
302 4202 330 4257 in
342 4199 500 4257 occimiano
523 4214 648 4254 mansum
677 4213 762 4253 uuum
776 4197 821 4262 ;in
845 4197 915 4255 Fre·
1046 4198 1263 4273 (Fragmentum.
1278 4233 1313 4244 —
1326 4206 1405 4262 Anno
1421 4209 1499 4279 1113,
1515 4210 1599 4267 Mart.
1619 4213 1680 4286 its.)

110 4295 206 4352 xineto
220 4306 346 4349 mansum
363 4305 445 4345 unum
460 4297 487 4344 et
509 4287 662 4344 dimidium.
679 4286 748 4342 lllud
779 4294 913 4358 praterea
1070 4285 1256 4361 [Bibliotheca
1271 4289 1479 4366 cluniacensia,
1496 4298 1553 4354 ool.
1574 4301 1650 4375 bob]

109 4389 267 4450 omnimodo
282 4386 484 4452 interdicimus,
499 4401 534 4440 ne
550 4384 609 4457 quis
624 4382 752 4450 militnm,
771 4399 821 4440 seu
838 4378 951 4457 quc-D
1003 4389 1198 4452 lanceanrrus
1222 4397 1379 4471 episcopus,
1409 4419 1505 4460 servus
1531 4422 1678 4465 servorum
1700 4411 1763 4483 Dei,

109 4474 615 4546 rumlibelsaeculariumpersonarum
629 4474 664 4529 de
679 4472 765 4529 rebus
783 4472 907 4543 ejusdem
961 4480 1063 4540 dilecto
1090 4483 1119 4539 in
1146 4483 1259 4543 Christo
1286 4484 1343 4545 filio
1358 4491 1539 4564 Tanonnnno,
1566 4495 1651 4568 priori
1661 4514 1763 4558 mone-

107 4567 252 4632 Ecclesiae,
269 4582 317 4622 seu
330 4563 498 4620 rusticorum
518 4562 554 4619 ad
569 4562 655 4635 ipsius
669 4561 801 4619 Ecclesia
823 4577 907 4635 parc-
962 4572 1040 4629 sterii
1053 4572 1147 4631 Sancti
1159 4574 1266 4632 Martini
1288 4576 1322 4634 de
1335 4578 1454 4654 Campis,
1469 4581 1584 4658 ejusque
1613 4602 1761 4647 successo-

107 4659 185 4717 chias
197 4653 404 4729 pertinentium,
420 4652 543 4709 decimes
557 4651 663 4709 auterre
677 4659 840 4723 praesumet,
855 4650 905 4708 sed
961 4660 1048 4731 ribus,
1064 4669 1116 4720 220,

106 4759 135 4815 in
157 4762 274 4822 vestros,
303 4769 353 4809 seu
382 4749 507 4808 ecclesie
534 4757 633 4808 vestrae
659 4765 726 4805 usus
752 4749 830 4820 iuxta
843 4765 906 4806 san-
998 4790 1195 4810 .....
1224 4753 1386 4831 Eapmprer,
1408 4758 1505 4817 dilecte
1533 4761 1561 4817 ᾖ,
1575 4764 1693 4823 Domino
1720 4766 1759 4824 fflj

30 4877 32 4880 ·
106 4848 211 4904 ctiones
233 4842 379 4901 canonicas
407 4839 594 4897 conferantur.
623 4837 696 4895 Sane
714 4836 829 4896 clericos
855 4853 906 4894 aaa·
960 4837 1118 4898 Theobelde
1131 4842 1217 4914 prior,
1233 4843 1286 4900 tuis
1305 4846 1480 4917 petitionibus
1495 4861 1656 4922 annuentes,
1683 4856 1757 4913 Beati

103 4934 236 4995 culariter
247 4933 379 4998 viventes,
394 4930 429 4985 ed
444 4928 582 5001 praepositi
597 4927 681 4984 vestri
696 4927 903 4984 conversionem
959 4929 1069 4985 llnrtini
1083 4933 1289 5002 monesterium,
1304 4935 1348 4991 cui
1362 4946 1475 4994 auctore
1487 4939 1614 5008 Domino,
1632 4958 1758 5001 exvene-

103 5022 256 5095 suscipere,
272 5020 374 5077 nullius
403 5017 527 5090 episcopi
553 5016 598 5074 rel
627 5014 770 5089 prepositi
791 5022 900 5072 contra·
955 5018 1051 5074 rabilis
1067 5017 1159 5076 fratris
1173 5023 1260 5078 nostri
1274 5023 1347 5080 Petri
1359 5025 1466 5082 abbatis
1480 5028 1665 5087 cluniacensis
1678 5031 1756 5090 insti-

101 5119 221 5179 diotione
237 5134 286 5176 ros
302 5116 437 5174 inhibeat.
471 5114 597 5173 Chrisma
623 5129 699 5184 rere,
712 5113 803 5170 oleum
831 5128 900 5170 san-
952 5108 1068 5176 tutione,
1084 5109 1226 5181 presides,
1242 5113 1387 5184 praesentis
1401 5114 1506 5173 decreti
1521 5119 1683 5178 auctoritate
1698 5138 1755 5180 mu·

103 5216 188 5277 ctum,
205 5206 425 5265 consecrationes
440 5204 579 5271 alterium,
596 5220 644 5260 seu
654 5202 839 5271 basilicarum,
854 5217 898 5261 or·
953 5197 1055 5266 nimus,
1070 5205 1122 5255 etc.

101 5297 256 5357 dinationes
271 5294 444 5359 clericorum,
460 5293 507 5366 qui
520 5293 555 5349 ad
570 5307 663 5350 sacros
677 5291 788 5349 ordines
798 5291 899 5349 luerint
993 5304 1096 5361 pagum
1110 5305 1236 5363 gaqemnq
1250 5323 1301 5381 pe,
1322 5325 1434 5367 manum
1463 5312 1579 5371 Gemi
1603 5316 1632 5372 s·
1660 5317 1695 5375 R·
1719 5319 1753 5377 E·

100 5391 281 5471 removendi
304 5406 320 5447 t
339 5390 497 5447 arnasano
525 5389 680 5461 suscipietis
706 5387 846 5461 ephano,
861 5388 896 5446 si·
953 5394 1106 5467 praeytae
1120 5397 1269 5454 cerasano
1283 5413 1315 5455 aa
1338 5399 1548 5467 ,sustinuissem
1563 5421 1581 5458 ι
1597 5405 1656 5461 nat.
1672 5413 1750 5480 apr,

101 5484 214 5561 quidem
229 5479 384 5539 catholicus
401 5477 492 5547 luerit,
508 5487 534 5535 et
548 5478 664 5550 gratiam
678 5486 759 5552 atquc
772 5493 898 5536 commu·
952 5484 1062 5541 incarn.
1078 5486 1229 5544 Dominicis
1242 5503 1288 5544 an.
1305 5490 1385 5557 1111,
1399 5489 1496 5548 indict.
1512 5507 1550 5563 rr,
1579 5494 1751 5564 pontifioetug

99 5581 212 5642 monem
225 5577 300 5638 aedis
321 5575 482 5651 sposmhcs
495 5573 635 5645 babuerit,
651 5581 681 5633 et
695 5589 729 5633 ea
742 5574 840 5647 gretia
869 5580 897 5631 et
952 5588 1019 5631 nero
1033 5573 1129 5632 domni
1142 5575 1284 5634 innocenti
1297 5578 1323 5635 ll
1335 5593 1416 5652 papa
1428 5594 1474 5638 an.
1489 5596 1550 5638 arr.
