3750 6000
133 208 209 272 'tls

153 434 354 507 ecclesisejura
387 432 558 490 servantibus
584 432 620 488 sit
647 447 699 502 par
729 431 839 488 Domini
866 433 951 488 nostri

151 525 217 581 lesu
233 522 343 589 Christi,
359 531 494 596 quatenus
511 526 538 578 et
552 521 595 577 bic
609 519 727 578 fructum
744 520 953 579 bonaeactionis

155 610 317 685 percipiant,
344 620 372 666 et
400 609 472 682 apud
499 608 651 665 districtum
680 609 804 667 iudicem
840 607 953 681 premia

155 718 266 768 eterne
279 708 355 782 paris
370 708 521 765 invenient.
539 710 634 776 Amen,
651 722 744 776 amen,
760 722 851 764 amen.

188 828 249 901 Ego
262 824 438 883 Innocentius
454 824 602 881 catholica
616 823 753 882 Ecclesiae
783 822 943 897 episeopus.

188 917 249 990 Ego
262 914 352 972 Guido
362 913 526 969 Tiburtinus
540 912 702 984 episcopus.

190 1006 250 1078 Ego
265 1001 417 1059 littifridus
432 1001 578 1075 presbyter
591 1001 695 1058 cardin.
713 1001 756 1056 tit.
777 1000 911 1058 Vestiuae.

187 1103 247 1170 Ego
260 1102 348 1159 Lucas
362 1100 484 1174 presbyt.
494 1099 574 1156 card.
587 1099 632 1155 tit.
648 1100 680 1156 S.
696 1097 811 1155 loannis
822 1106 849 1155 et
860 1097 950 1156 Pauli.

187 1192 248 1264 Ego
262 1190 416 1263 Stephanus
430 1189 546 1245 diacon.
564 1188 642 1245 card.
659 1188 703 1243 tlt.
723 1187 752 1243 S.
768 1187 870 1244 Luciee.

189 1290 250 1362 ligo
265 1288 345 1346 Oddo
358 1287 429 1344 diac.
446 1287 522 1345 card.
539 1289 568 1343 S.
584 1285 700 1360 Georgii
714 1284 749 1341 ad
774 1284 872 1341 llelum
894 1284 953 1338 tu-

152 1404 239 1446 reum.

188 1504 258 1558 Data
273 1501 351 1568 Pisis,
366 1514 414 1572 per
428 1514 537 1554 manum
552 1496 673 1555 Americi
688 1504 792 1553 sauotm
820 1495 953 1553 uomere

800 209 1006 268 turtocttttttt
1027 208 1051 264 ll
1066 208 1162 264 PAPAE

44 406 49 413 ¹
154 340 288 395 districtas
304 336 400 394 ultioni
419 336 574 406 subjaceat.
602 335 715 393 Cunctis
742 341 835 392 eutem
864 335 954 391 eidem
968 340 997 400 Α
1012 332 1134 404 Querela
1148 348 1210 388 rum
1225 331 1343 390 ecclesia
1356 331 1452 391 Sancti
1463 331 1582 391 Andreas
1596 339 1624 391 et
1636 340 1713 392 curta
1741 351 1801 404 sua,

1007 439 1128 490 castrum
1144 429 1178 486 de
1194 431 1283 486 Serus
1298 445 1360 488 oum
1375 431 1496 489 eeclesia
1522 440 1624 490 saneta
1648 432 1747 504 Florm,
1776 440 1805 491 at

1006 527 1083 578 curte
1098 534 1158 586 sua,
1174 525 1201 574 et
1216 518 1346 592 quidquid
1360 519 1469 576 bebetis
1492 520 1519 576 in
1548 520 1649 578 &notu
1674 522 1802 592 hlamma,

1006 615 1126 665 castrum
1141 607 1175 664 de
1190 607 1319 679 lluglano
1345 624 1406 664 cum
1437 608 1555 666 ecclesia
1582 609 1673 667 Sancti
1701 610 1803 685 Augeli

1006 703 1133 766 etcurte,
1155 703 1183 751 et
1197 697 1249 753 boc
1272 696 1345 766 quod
1366 697 1473 753 habetis
1499 696 1527 752 in
1554 697 1670 755 ecelesia
1697 699 1803 758 Seuere

1005 792 1109 859 blariae,
1126 791 1154 847 in
1170 791 1346 856 ville-Alba;
1361 793 1528 850 cestrumde
1536 793 1632 850 Fontis
1640 810 1702 852 cum
1712 795 1802 854 ercle·

1006 880 1046 936 sie
1061 881 1154 937 Sancti
1170 881 1241 937 Petri
1257 888 1296 970 et
1319 880 1496 953 pertiuentiis
1523 882 1591 950 auis,
1620 890 1740 940 castmm
1767 883 1802 942 de

1006 978 1154 1053 liugbitino
1169 994 1231 1037 oum
1246 979 1381 1047 ecclesiis,
1408 987 1435 1035 et
1463 983 1540 1038 curte
1568 995 1616 1037 sua
1632 997 1640 1036 :
1656 981 1802 1040 ecclesiam

1006 1075 1098 1133 Sancti
1128 1076 1226 1134 Leonis
1253 1091 1316 1135 cum
1343 1077 1516 1151 pertiuentlis
1558 1079 1625 1146 suis,
1656 1078 1802 1138 ecclesiam

1007 1165 1112 1223 Sanctae
1124 1165 1210 1223 Flora
1226 1164 1339 1222 minoris
1353 1182 1415 1222 eum
1430 1166 1576 1224 medietate
1590 1183 1648 1225 suar
1661 1167 1747 1226 curtis
1774 1175 1803 1227 et

1006 1254 1091 1312 curtis
1105 1254 1140 1310 de
1155 1254 1267 1329 Belgari
1280 1270 1341 1312 curn
1356 1255 1411 1312 ltoc
1424 1255 1496 1328 quud
1511 1255 1618 1313 habetis
1633 1255 1661 1312 in
1683 1255 1804 1317 ecclesia

1006 1342 1099 1400 Sancti
1114 1342 1250 1400 Laurentii
1264 1351 1291 1399 et
1305 1342 1399 1401 Sancti
1413 1342 1579 1412 sebastiani,
1596 1351 1624 1402 et
1654 1344 1802 1403 ecclesiam

1007 1440 1098 1498 Sancti
1109 1440 1185 1496 Petri
1200 1439 1228 1495 iu
1241 1440 1349 1510 llajauo
1360 1456 1423 1496 rrum
1438 1440 1492 1498 hoc
1506 1440 1578 1515 quod
1593 1441 1630 1498 ibi
1648 1442 1765 1514 habetis,
1777 1449 1803 1500 et

252 1590 257 1602 ,
406 1589 412 1600 ,
488 1587 494 1599 ,
684 1585 700 1598 ,,
1006 1528 1141 1602 quidquid
1156 1527 1263 1585 habetis
1277 1529 1305 1585 iu
1319 1528 1453 1586 Politiauo
1467 1536 1494 1585 et
1507 1528 1617 1586 iul’iuli
1631 1530 1698 1586 etin
1720 1530 1800 1590 vicu.

151 1592 283 1649 Ecclcstae
297 1589 374 1647 card.
386 1589 495 1644 dracout
506 1593 534 1642 et
543 1584 862 1652 metternmtlateert.
875 1584 940 1684 Feb.
1007 1616 1265 1684 Obeumeveme'
1286 1633 1361 1676 mmo
1384 1617 1509 1687 ejusdem
1537 1617 1590 1676 loci
1617 1617 1728 1688 abbate,
1758 1619 1802 1676 vel

151 1678 300 1736 indiam
314 1695 350 1786 ¹,¹'
367 1678 503 1783 Imma&
519 1675 606 1731 Μ’
627 1688 699 1731 ⁸⁰⁰⁰
725 1675 804 1742 ΗΜ*
836 1671 948 1744 mmffi'
964 1701 991 1762 Β
1005 1722 1116 1771 tuorum
1130 1714 1464 1789 quolibeteucoessurum,
1494 1713 1586 1771 nullus
1617 1714 1656 1772 ibi
1683 1716 1802 1789 qualibet

152 1784 228 1834 Μ’
242 1775 338 1832 d⁰m⁰¹
351 1774 503 1830 ¹⁰⁰⁰⁰⁰¹¹¹¹¹
519 1771 540 1828 u
555 1787 637 1842 ΡΨ)
648 1785 721 1826 ⁸⁰⁰⁰
735 1786 771 1827 W·
1004 1803 1189 1874 subreptionis
1204 1805 1303 1859 astutia
1317 1819 1366 1860 seu
1380 1803 1511 1860 violentia
1535 1812 1719 1876 preponatur,
1747 1803 1801 1861 nisi

502 1878 597 1934 Cffll·
1007 1907 1089 1964 quem
1106 1891 1205 1948 iratres
1220 1890 1357 1948 cummuni
1372 1907 1518 1957 consensu,
1535 1891 1580 1949 vel
1594 1891 1711 1949 irstmm
1735 1908 1799 1965 pars

152 1977 315 2035 decertarit·
328 1975 361 2031 S.
374 1973 583 2032 Floruriretini
591 1972 776 2044 possessiones
786 1970 950 2041 confirmet.
1004 1975 1125 2032 sanioris
1139 1975 1256 2045 consilii,
1271 1975 1424 2031 secuudum
1439 1975 1565 2032 timorem
1595 1975 1645 2032 Dei
1674 1984 1702 2032 et
1725 1976 1799 2033 beati

372 2073 466 2144 (Anno
479 2071 565 2137 tttt,
575 2070 651 2125 liert.
667 2069 731 2141 23.)
1004 2062 1153 2122 Benedicti
1164 2062 1310 2137 Regulam,
1325 2063 1497 2136 providerint
1510 2063 1677 2137 eligendum.

306 2160 509 2235 [economum
525 2165 592 2214 tom.
613 2157 647 2224 ll,
662 2174 694 2229 p.
713 2154 795 2229 atu]

187 2261 378 2318 lunocmvrrus
396 2259 553 2330 episcopus,
569 2273 669 2313 servus
676 2271 818 2312 servorum
830 2253 888 2324 Dei,
902 2253 946 2310 di-

152 2351 222 2408 lectu
237 2349 293 2406 tilio
306 2351 410 2405 lotrrru
423 2346 518 2403 abbati
531 2344 690 2403 monasterii
704 2345 732 2402 S.
748 2343 845 2414 Florae,
871 2344 947 2414 ejus·

152 2456 206 2514 que
220 2437 429 2497 successoribus
440 2434 606 2510 regulariter
618 2431 816 2491 substituendis
831 2432 858 2489 in
882 2447 948 2506 per-

150 2537 273 2604 peluum.

188 2625 301 2697 Quoties
315 2621 411 2680 illude
428 2620 508 2680 uobis
523 2620 634 2695 petitur,
650 2619 728 2694 quod
743 2618 844 2677 rationi
858 2617 947 2684 nosci,

150 2731 196 2780 tur
208 2719 367 2790 convenire,
382 2719 474 2775 auimo
488 2733 540 2775 nos
550 2716 629 2774 decet
659 2714 755 2771 libenti
782 2715 946 2784 concedere,

149 2820 177 2870 et
190 2809 341 2884 petentium
355 2805 503 2864 desideriis
515 2820 673 2877 congruum
687 2802 819 2876 impertiri
844 2800 945 2859 suffra·

1038 2177 1222 2236 Decernimus
1236 2193 1303 2251 ergo
1318 2178 1423 2234 utnulli
1435 2178 1692 2236 omuinobomiuum
1705 2178 1798 2248 liceat,

1003 2267 1145 2341 prelatum
1158 2267 1355 2323 monasterium
1369 2276 1473 2324 temere
1487 2267 1658 2339 perturbere,
1672 2276 1720 2324 eut
1738 2269 1800 2339 eius

1001 2356 1196 2429 possessiones
1206 2355 1324 2422 auferre,
1340 2354 1385 2412 vel
1395 2354 1501 2412 ablatas
1515 2356 1646 2423 retinere,
1661 2357 1799 2427 minuere,

1002 2460 1052 2502 seu
1063 2443 1231 2518 quibuslibet
1239 2443 1373 2500 molestiis
1383 2442 1513 2516 latigare;
1526 2443 1576 2501 aad
1585 2445 1677 2502 omnia
1692 2444 1799 2520 integra

1002 2540 1206 2591 conserventur
1221 2547 1325 2600 eorum,
1340 2549 1392 2605 pro
1407 2547 1525 2606 quorum
1548 2533 1750 2605 gubernatione
1772 2541 1800 2591 et

1001 2630 1202 2687 sustentatione
1216 2645 1348 2688 concessa
1363 2637 1436 2698 sunt,
1451 2630 1545 2687 usibus
1559 2630 1729 2688 omnimodis
1738 2645 1801 2704 pm-

1000 2725 1099 2795 luture,
1116 2728 1194 2784 salva
1208 2726 1335 2783 nimimm
1350 2727 1467 2783 Arretini
1480 2726 1602 2800 episcopi
1616 2736 1645 2785 at
1663 2727 1796 2785 Ecclesia

1000 2816 1133 2874 mucules
1149 2816 1253 2885 iustitia
1260 2825 1287 2872 et
1294 2816 1458 2873 reverentia.
1477 2815 1568 2890 Siqua
1578 2816 1661 2890 igitur
1671 2817 1799 2888 inposta.

149 2909 238 2985 gium.
258 2906 452 2978 Quamobrem,
468 2902 566 2961 dilecte
581 2902 610 2958 iu
623 2901 741 2958 Domino
757 2898 805 2956 filii
823 2901 946 2959 loannes
1000 2920 1060 2960 rum
1074 2905 1262 2962 ecclesiastica
1276 2904 1451 2962 secularisve
1466 2920 1597 2976 persona,
1613 2905 1684 2963 bauo
1696 2915 1799 2963 nostre

148 3007 246 3070 abbas,
273 3004 417 3079 petitiones
446 3010 508 3059 tuas
535 3001 687 3058 clementer
712 2997 891 3074 admittimus,
919 3004 945 3053 et
1000 2993 1203 3051 constitutionis
1216 2994 1345 3066 paginam
1365 2994 1467 3057 sciens.
1483 3002 1578 3050 contra
1606 3009 1667 3051 eam
1695 3002 1798 3052 tammo

148 3105 344 3164 monasterium
382 3102 489 3158 Sancte
530 3100 619 3156 Flore
655 3096 710 3165 cui,
738 3098 797 3153 Deo
823 3104 945 3161 auctore,
960 3058 986 3123 C
1002 3090 1095 3146 venire
1107 3092 1262 3158 tentaverit,
1273 3090 1699 3161 secundotertiovecommouita,
1707 3091 1732 3148 si
1742 3105 1798 3148 nou

147 3209 267 3269 praecess
280 3190 461 3266 dignust-eris,
476 3187 635 3261 apostolice
648 3183 862 3257 sedissuliregio
876 3199 949 3241 com·
1002 3189 1110 3236 reatum
1125 3195 1204 3236 suum
1219 3194 1343 3252 congrua
1360 3179 1544 3236 satistaetionc
1562 3180 1725 3248 correxerit,
1745 3195 1798 3252 po-

151 3285 299 3341 muuimus.
317 3281 368 3337 Per
381 3278 526 3352 presentis
548 3276 634 3350 igitur
652 3274 790 3348 privilegii
818 3272 946 3347 paginam
1000 3268 1109 3323 testatis
1124 3268 1292 3341 bonomsque
1308 3267 1350 3323 sui
1365 3267 1499 3340 dignitate
1514 3274 1617 3338 eareat,
1630 3276 1659 3324 et
1672 3283 1690 3325 a
1703 3283 1798 3325 sacra·

147 3371 298 3446 apostolica
313 3367 474 3426 auctoritate
484 3364 626 3422 statuimus
641 3372 671 3420 ut
684 3377 854 3437 quocunque
864 3363 944 3432 bona,
999 3362 1106 3421 tissime
1120 3378 1237 3437 corpore
1251 3379 1283 3421 sc
1301 3365 1434 3437 sauguine
1460 3364 1511 3420 Dei
1539 3380 1573 3422 ac
1600 3365 1709 3422 Domini
1740 3366 1797 3423 lla-

151 3484 335 3545 quasounque
363 3479 565 3540 possesstones,
594 3462 830 3536 inpresentiarum
871 3461 944 3517 idem
999 3459 1151 3533 demptoris
1164 3461 1252 3516 nostri
1265 3461 1333 3517 lesu
1347 3461 1449 3517 Christi
1464 3461 1551 3518 aliena
1578 3460 1635 3530 liat,
1661 3470 1742 3535 atqua
1768 3461 1798 3519 iu

147 3568 341 3627 monesterium
359 3565 433 3634 iuste
456 3570 484 3618 et
507 3561 641 3620 canomcs
655 3558 787 3630 possidet,
802 3566 847 3615 aut
861 3557 944 3614 etiem
997 3548 1393 3607 extremoexamiuedietrictm
1404 3549 1500 3607 ultioni
1509 3550 1669 3623 subjaceat.
1683 3550 1795 3610 Cunctis

146 3659 175 3715 in
190 3657 311 3714 futurum
338 3651 519 3710 concessione
540 3647 709 3722 pontificum,
734 3646 879 3720 largitione
894 3661 942 3702 re·
997 3647 1088 3695 autem
1104 3638 1193 3695 eidem
1221 3638 1283 3696 loco
1310 3653 1360 3696 sua
1385 3640 1448 3708 jura
1475 3640 1651 3696 servantibus
1678 3644 1714 3696 sit
1741 3655 1795 3713 par

147 3762 215 3822 prm
238 3744 282 3803 vel
307 3742 471 3815 principum,
494 3737 633 3795 oblatione
660 3735 791 3801 fidelium,
819 3750 868 3791 seu
881 3734 944 3791 aliis
996 3727 1107 3784 Domini
1121 3727 1208 3784 nostri
1220 3728 1287 3784 lesu
1300 3727 1413 3797 Christi,
1429 3736 1566 3800 quatenus
1583 3728 1660 3786 ethic
1672 3727 1793 3786 fructum

147 3833 246 3901 modis,
263 3831 418 3889 auxiliante
442 3828 568 3894 Domino,
586 3825 687 3899 poterit
708 3824 837 3898 adispici,
864 3822 944 3881 tirma
996 3822 1194 3880 bonteactiouis
1202 3823 1364 3895 percipiant,
1381 3830 1408 3880 et
1420 3824 1492 3894 apud
1506 3823 1659 3882 districtum
1668 3824 1793 3883 iudicem

146 3922 197 3981 tibi
211 3923 319 3995 tuisque
334 3918 540 3977 suecessoribus
559 3924 586 3972 et
599 3915 707 3972 illibata
720 3921 863 3971 serventur
878 3931 884 3968 :
915 3911 940 3968 iu
996 3911 1111 3986 premia
1124 3919 1227 3968 aterum
1240 3912 1318 3984 pacis
1332 3912 1482 3969 inveniant.
1492 3914 1590 3984 Amen,
1600 3928 1692 3981 amen,
1702 3928 1792 3971 amen.

147 4010 319 4087 quibustuae
344 4008 463 4082 propriis
486 4005 643 4063 nominibus
656 4003 813 4061 adnotanda
825 4001 942 4071 subiuu·
1032 4010 1091 4082 ligo
1102 4009 1277 4065 Innocentius
1286 4007 1434 4066 Cetbolicte
1442 4009 1575 4068 coeleste
1584 4009 1731 4085 episcopus
1741 4011 1791 4069 88.

146 4102 234 4160 ximat
251 4119 258 4157 :
271 4098 395 4155 Cultum
404 4096 511 4153 5⁸1¹&ae
519 4095 608 4152 ΗΘΜ
618 4109 678 4151 ⁰¹1¹ss
689 4091 833 4164 ⁰⁸Pll0ffi⁸s
844 4105 906 4164 (lim
914 4092 941 4147 1¹¹
1032 4107 1093 4180 ligo
1106 4105 1272 4163 Guillelmus
1288 4106 1472 4163 prenestinus
1483 4107 1629 4179 episcopus
1644 4107 1698 4166 88.

147 4201 245 4260 eodem
255 4199 382 4256 siteesae
388 4204 549 4263 noscuntur,
555 4191 709 4265 cappellam
716 4190 843 4248 videlicet
850 4190 942 4248 Sancti
1030 4195 1090 4267 Ego
1105 4195 1248 4251 llattbaeus
1261 4193 1427 4252 albanensis
1440 4197 1587 4269 episeopus
1602 4195 1655 4254 88.

146 4296 293 4363 Anastasii¹
310 4293 443 4366 capellam
457 4290 548 4349 Sancti
562 4289 673 4365 Angeli,
688 4287 820 4360 capellam
849 4286 941 4344 Sancti
1031 4293 1093 4366 ligo
1107 4291 1200 4349 Guido
1215 4291 1375 4349 Tiburtinus
1390 4293 1538 4366 episcopus
1552 4293 1604 4350 88.

150 4384 330 4458 Apollinaris,
346 4380 483 4452 capellam
495 4379 587 4436 Sancti
610 4376 735 4444 mneos,
760 4384 787 4433 et
812 4375 841 4432 id
866 4375 939 4448 quod
954 4404 980 4465 D
1030 4381 1092 4455 ligo
1108 4379 1270 4453 Rodulplrus
1285 4381 1404 4439 Ortanus
1416 4381 1563 4454 episcopus
1576 4381 1627 4440 88.

144 4473 251 4531 bebetis
273 4473 302 4527 iu
325 4469 431 4540 capella
458 4467 566 4524 Sanctae
592 4466 684 4522 llarim
708 4482 717 4532 ς
746 4464 939 4522 monesterium
1030 4475 1637 4550 1330goselmuspresbyggpwdimfigsg‚

146 4570 235 4630 sancti
251 4569 325 4626 Petri
338 4565 447 4637 maioris
461 4565 489 4621 in
504 4563 614 4621 eruere
640 4563 769 4620 Arretina
795 4578 858 4620 sem
884 4563 939 4619 110-
1029 4575 1090 4648 nge
1104 4573 1275 4632 neruosus
1290 4575 1598 4649 praesperavimus
1613 4575 1682 4633 trun
1711 4577 1790 4637 vee-

146 4668 227 4745 spitio
242 4675 269 4724 et
283 4665 411 4724 omnibus
424 4660 601 4737 pertinentiis
619 4660 686 4727 suis,
712 4659 882 4731 adjicientes,
910 4669 940 4717 ut
993 4664 1059 4720 tiuae
1073 4662 1125 4720 88.

142 4767 172 4817 tu
183 4760 261 4831 juxta
276 4756 384 4813 solitam
399 4751 624 4811 cousuetudinem
651 4750 741 4823 possis
767 4750 834 4806 illud
862 4749 938 4806 ordi·
1028 4752 1090 4826 ligo
1104 4751 1194 4810 Lucas
1208 4751 1355 4826 presbyter
1383 4752 1530 4812 cardinalis
1556 4755 1598 4813 tit.
1626 4756 1792 4815 Sanctorum

143 4864 211 4906 nare
226 4863 234 4917 ;
250 4845 385 4919 capellam
401 4841 494 4901 Sancti
504 4837 642 4913 Gregorii,
654 4847 681 4895 et
692 4838 938 4912 jusquodbabetis
991 4840 1106 4898 loannis
1120 4851 1147 4898 et
1163 4841 1236 4897 Pauli
1252 4841 1303 4898 88.

143 4939 171 4994 in
186 4936 292 5009 capella
314 4933 406 4993 Sancti
434 4928 601 5000 laurentini,
619 4927 815 4985 monasterium
843 4926 939 4984 Sancti
1026 4934 1089 5008 1330
1104 4934 1194 4992 Guirto
1207 4933 1339 5008 indigno,
1354 4935 1485 4992 „cordos
1499 4936 1549 4993 ss,

142 5024 332 5082 blicbeelisde
346 5030 439 5080 moute
454 5017 555 5076 Piuculi
570 5032 635 5075 cum
649 5016 761 5090 capellis
794 5025 821 5073 et
848 5015 936 5088 perti-
1026 5023 1088 5097 Ego
1113 5023 1265 5098 Gregorius
1291 5024 1425 5082 diaconos
1451 5024 1600 5083 audientis
1627 5026 1789 5084 spretorum

142 5121 242 5178 nentlis
255 5119 323 5189 suis,
344 5119 489 5178 ecclesiam
509 5115 604 5173 Sancti
619 5114 696 5172 Petri
722 5123 747 5172 et
773 5113 865 5171 Sancti
891 5115 936 5171 'l'i-
992 5119 1083 5192 Sergii
1096 5129 1124 5175 et
1138 5119 1243 5176 Bacchi
1263 5120 1314 5177 88.

140 5208 221 5266 burtii
235 5208 263 5263 iu
277 5207 423 5279 Gargousa
450 5220 516 5262 cum
545 5203 714 5278 pertinentiis
738 5203 805 5270 suis,
826 5202 935 5275 plebem
1026 5208 1094 5264 Date
1109 5208 1178 5264 Pisis
1195 5206 1265 5281 [per]
1291 5223 1404 5265 manum
1434 5209 1571 5283 symensi
1599 5218 1703 5268 sancta)
1729 5211 1788 5270 lio·

142 5295 234 5356 Sancti
241 5293 351 5352 Martini
365 5294 399 5350 de
408 5292 566 5350 Geloniauo
579 5309 643 5350 cum
657 5292 783 5349 omnibus
794 5291 936 5364 pertiuen-
988 5312 1077 5354 manes
1089 5297 1223 5355 llooteste
1232 5297 1302 5354 dieo.
1314 5297 1454 5354 cardinet
1464 5298 1630 5368 cancellarii,
1639 5312 1659 5355 x
1669 5298 1787 5371 Kalend,

140 5395 185 5453 tila
198 5391 267 5463 suis,
290 5392 358 5449 duaa
384 5398 478 5463 partes
503 5391 537 5448 da
564 5391 646 5465 plebs
673 5391 779 5449 &nete
804 5388 937 5448 llustiolm
990 5385 1108 5460 Aprilis,
1123 5385 1272 5443 indictione
1285 5384 1407 5461 ru[lep.
1425 5386 1495 5462 rrrr],
1511 5386 1708 5446 luearuatiouia
1733 5388 1789 5447 Do·

140 5497 203 5543 cum
227 5478 402 5554 pertiuentiis
425 5493 527 5550 earum,
555 5487 583 5537 et
607 5479 653 5549 jus
678 5479 752 5554 quod
778 5477 885 5538 bebetis
907 5478 935 5535 iu
991 5475 1098 5555 minicae
1124 5489 1197 5531 auno
1211 5476 1291 5553 llio,
1321 5473 1496 5548 pontilioalus
1523 5476 1619 5535 domni
1631 5476 1787 5537 tmceaeut

18 5630 22 5638 .
139 5570 360 5633 ccclesiasaneti
373 5567 548 5629 umutile
562 5568 690 5640 conone,
706 5577 734 5629 st
755 5579 874 5629 castrum
901 5570 937 5629 de
989 5571 1108 5647 ‚apoll
1122 5587 1195 5630 auno
1209 5589 1226 5631 v
1239 5571 1307 5647 [lep.
1326 5570 1379 5646 vri.
