3750 6000
142 174 217 236 1799
385 190 388 197 ·
811 169 988 232 llUGONlS
1010 119 1167 231 FllllSl'l'l
1779 175 1850 238 lim

141 305 273 363 tradebat
288 307 466 364 subdiacono
486 314 517 363 ut
535 307 590 364 cito
613 309 721 376 poteret
740 304 848 376 ignem,
865 301 960 359 subite
978 304 998 372 Α
1017 301 1849 381 credentisetamantis,innnanoctiurndormientiappa·

139 396 217 453 inter
232 414 350 455 manum
365 397 504 454 tradentis
518 399 546 453 et
562 395 691 469 parantis
702 394 844 468 accipere,
860 408 962 450 cereus
1016 393 1076 449 ruit
1090 408 1157 448 curn
1173 396 1254 451 tanto
1279 393 1443 466 splendore,
1464 394 1581 466 qualem
1601 395 1751 453 mortales
1779 400 1849 455 ocuti

140 487 208 559 igne
223 504 296 543 noro
319 487 528 544 inflammatur.
545 485 604 542 ileo
619 486 680 542 viso
697 485 837 541 diaconus
853 483 882 539 in
899 500 962 539 mn·
1017 485 1090 540 terre
1105 497 1163 537 non
1179 487 1321 554 poterant.
1333 483 1548 541 liercrberabat
1562 483 1658 557 igitur
1674 483 1728 540 lux
1740 485 1849 542 siderea

142 577 230 633 nibus
241 578 303 633 suis
314 576 465 644 miracula,
481 580 600 649 stupere
615 575 768 648 perculsus
784 574 907 646 propriis
918 575 961 630 si·
1016 573 1106 631 aciem
1121 578 1224 631 eontra
1240 572 1381 630 intuentis
1396 577 1425 629 et
1440 572 1608 630 claritatem
1626 573 1761 630 ulterius
1788 578 1847 645 ejus

142 666 408 735 ribusdcstilutus‚
428 671 605 723 conctusast
627 663 961 738 arceianitiquaepre·
1016 666 1164 723 lerrencn
1189 667 1312 739 peteret.
1344 662 1416 719 [ium
1445 661 1845 735 igituraisumesteiquel

141 757 252 828 pinque
266 760 334 812 lune
351 756 461 812 ederat.
478 759 510 811 st
525 755 579 811 hee
603 758 663 811 tarn
679 754 792 811 celebre
815 758 843 809 et
858 757 959 809 notum
1016 770 1171 813 unamantt
1183 751 1460 824 cervieemjuraret,
1472 756 1606 809 statuens
1617 768 1688 808 eum
1701 752 1736 809 in
1749 753 1846 810 lectulo

139 844 247 900 tactam
274 855 318 900 est
335 849 434 917 utpote
454 846 483 900 in
499 845 561 901 loco
578 844 626 915 qui
643 842 723 900 nulla
738 843 795 899 diei
820 841 891 899 bora
907 843 960 896 lrc·
1016 844 1128 915 sedere,
1139 848 1167 901 ot
1179 844 1270 900 oltcre
1282 857 1371 899 mann
1382 845 1484 898 tenens
1495 841 1601 914 pedem
1614 843 1845 898 suumextcndc-

139 933 289 1004 quantiam
307 933 461 990 bominum
485 933 658 991 dehabebat.
675 934 749 988 Dant
764 948 833 1005 ergo
857 930 959 987 laudes
1015 939 1081 991 ret:
1105 938 1292 1008 experrectus
1318 931 1404 989 hemo
1428 932 1558 989 novitate
1573 931 1715 999 visionis,
1747 933 1843 988 deinde

138 1021 196 1078 Deo
208 1022 351 1079 altissimo
367 1026 396 1079 et
407 1023 610 1079 resonantibus
626 1022 771 1093 tympanis
783 1037 837 1076 aere
853 1036 959 1077 canore
1013 1021 1843 1097 tentataprogressioneperlectasanaturaseexperimcn·

136 1109 222 1183 longe
238 1110 352 1183 lateque
367 1113 518 1168 modulata
533 1111 707 1168 sonritasad
729 1111 839 1167 ealhere
856 1109 958 1175 tendit,
1014 1116 1044 1170 to
1058 1112 1169 1169 didicit.
1186 1114 1332 1179 Quantam
1347 1109 1576 1183 igiturtetutam
1589 1109 1745 1179 babuerit,
1761 1127 1843 1183 quau·

137 1203 238 1256 ettotn
253 1201 355 1258 ciritae
371 1201 649 1272 personatlaudibus
664 1201 780 1258 Christi.
795 1200 854 1257 lloe
870 1198 960 1272 igitur
1014 1207 1110 1260 turrrve
1130 1201 1270 1274 gaudium
1297 1198 1442 1256 iamiliole
1468 1215 1530 1255 suae
1550 1199 1666 1265 lecerit,
1685 1209 1842 1273 quantaene

138 1287 205 1360 igne
218 1306 290 1346 noro
301 1291 388 1346 etiarn
401 1307 503 1347 omnes
514 1288 801 1362 ecclesiaelnnrpndcs
814 1289 960 1345 illustran·
1013 1294 1123 1364 gratias
1141 1294 1195 1349 llee
1206 1296 1235 1349 et
1244 1289 1374 1363 gloriosae
1390 1288 1499 1362 Virgini
1514 1289 1618 1362 egerit,
1638 1305 1699 1345 non
1712 1296 1757 1346 est
1768 1290 1841 1347 lecito

137 1380 198 1446 tur,
215 1377 338 1435 etmulti
351 1380 635 1436 bdeliumindomos
648 1396 717 1435 sues
732 1378 871 1435 devehere
884 1377 960 1434 lesti-
1013 1382 1105 1439 dictu.
1118 1384 1215 1455 Neque
1226 1381 1303 1437 enim
1315 1378 1435 1451 capiens
1445 1379 1520 1451 apud
1532 1394 1576 1446 se,
1589 1383 1679 1450 parat
1688 1382 1842 1452 regressio·

139 1467 257 1524 nebant.
1014 1487 1081 1528 nem
1097 1471 1133 1527 ad
1149 1470 1303 1528 ecelesiam
1324 1466 1454 1524 Domina
1469 1482 1528 1524 sus
1544 1471 1573 1524 et
1587 1469 1752 1525 sanatricis
1777 1486 1840 1552 aee,

138 1567 235 1624 XXXI.
256 1570 291 1625 lle
311 1569 433 1641 qaedam
448 1569 482 1625 eb
497 1567 663 1638 egritudine
686 1567 762 1641 perlis
787 1567 960 1623 mirabiliter
1014 1565 1043 1617 et
1072 1578 1130 1633 pree
1151 1559 1244 1617 nimia
1258 1557 1464 1625 exsultatione,
1481 1555 1556 1613 nihil
1580 1558 1659 1614 setis
1676 1558 1840 1614 lestinstum

486 1640 610 1697 liberato·
975 1629 1089 1718 Berat,
1105 1649 1261 1720 omniaque
1277 1645 1423 1704 morasibi
1440 1645 1524 1716 longa
1539 1645 1669 1703 videtur.
1688 1646 1840 1719 Ingressus

173 1737 229 1793 Sed
240 1738 481 1795 annoDnminicn
492 1738 704 1797 incarnationis
721 1738 790 1795 libe
800 1738 869 1794 dom
884 1736 960 1795 inter
1015 1740 1104 1814 igitur
1118 1738 1269 1796 ecclesiam
1285 1737 1358 1793 adiit
1368 1735 1469 1805 altare,
1484 1736 1563 1808 quod
1575 1752 1763 1810 congressus
1773 1737 1840 1793 reci-

138 1830 257 1884 ceteros
269 1828 296 1883 in
306 1828 429 1885 ccclesia
438 1829 528 1886 Beate
537 1828 666 1902 Virginis
676 1829 830 1884 excubaret
841 1828 958 1901 quidam
1016 1832 1122 1899 forans,
1139 1833 1282 1902 quantum
1298 1826 1491 1900 lacrymarum
1506 1841 1573 1882 cum
1591 1826 1708 1899 gaudio
1735 1831 1764 1883 et
1778 1843 1838 1900 gra·

136 1917 255 1973 nominc
271 1917 413 1974 liebertus
427 1918 462 1973 de
476 1916 545 1974 villa
562 1934 624 1990 quea
640 1916 747 1974 dieitur
761 1916 825 1974 Jobi
853 1916 956 1989 (lectu),
1015 1920 1121 1976 tiorum
1133 1917 1247 1975 actione
1262 1917 1302 1974 ibi
1319 1914 1581 1989 expenderit,quia
1597 1924 1805 1989 perseverante
1814 1924 1838 1972 ct

142 2021 206 2078 quae
220 2005 290 2063 villa
300 2010 345 2062 est
360 2007 491 2079 ejusdcm
504 2007 644 2075 ecclesia,
655 2007 809 2064 sanitatem
819 2009 902 2082 pedis
913 2007 959 2065 sui
1013 2025 1071 2065 non
1087 2007 1249 2064 lacessente
1263 2004 1519 2062 lidecerdisetiam
1531 2005 1668 2078 eorporis
1685 2005 1837 2062 sanitatem

139 2093 195 2151 hoe
214 2093 315 2153 ordine
331 2099 506 2153 eortsccutus
522 2101 577 2154 est.
595 2096 660 2153 Erat
674 2100 771 2154 aulem
785 2099 905 2157 morbus
920 2097 958 2154 ir·
1012 2103 1186 2156 consecutus
1201 2096 1247 2168 sit,
1265 2095 1371 2153 melius
1399 2094 1463 2167 lpse
1476 2094 1556 2151 novit
1571 2098 1661 2163 Deus,
1679 2096 1733 2167 qui
1759 2096 1839 2152 rerba

138 2184 334 2242 remediabilis
347 2189 408 2242 toto
420 2187 490 2257 pede
505 2187 534 2244 ia
553 2192 697 2244 tumorem
717 2203 808 2255 verso,
824 2192 852 2244 et
867 2187 958 2260 pluri·
1012 2188 1200 2245 devotionum
1215 2185 1328 2253 format,
1344 2187 1373 2241 et
1391 2199 1426 2241 ea
1440 2187 1519 2241 tenet
1534 2183 1615 2256 apud
1628 2200 1661 2241 se
1677 2184 1746 2241 rivo
1761 2182 1839 2240 intel·

135 2273 191 2331 bus
206 2273 479 2348 pustulissauciate,
496 2277 536 2332 ita
552 2281 584 2334 ut
599 2277 717 2334 assidue
733 2277 815 2335 sanie
827 2278 958 2335 delineas
1012 2274 1100 2334 lectu.
1116 2275 1340 2348 brulsusigitnr
1354 2273 1390 2329 ab
1399 2272 1483 2330 altari
1493 2271 1602 2329 similis
1613 2272 1778 2330 bacchanti
1788 2290 1837 2328 cm·

30 2382 33 2391 ·
136 2366 215 2420 tanto
228 2364 317 2420 letare
328 2364 457 2420 ricinum
473 2379 567 2421 aerem
585 2370 796 2438 corrumperet,
813 2366 957 2424 utintole-
1012 2365 1229 2438 pitdiscurrere
1244 2363 1320 2420 intra
1331 2364 1434 2419 Sabota
1449 2365 1621 2418 sanctorum
1637 2369 1665 2418 et
1680 2364 1759 2435 pede
1774 2378 1837 2418 sano

136 2450 236 2509 rabilis
252 2452 388 2511 omnibus
399 2454 578 2512 bercbtlnde
589 2455 726 2512 custodes
737 2454 959 2529 compulsisunt
1012 2451 1689 2528 pulsanstellurem,percunctantibusnausam
1702 2451 1837 2507 lantele-

136 2539 161 2597 ei
179 2542 350 2600 denuntiare
367 2547 398 2599 ot
413 2543 511 2612 exiret,
528 2544 672 2616 quiajam
687 2543 886 2601 ulteriusenrn
899 2546 957 2619 pati
1011 2545 1090 2613 litis,
1105 2542 1264 2600 nibilaliud
1281 2541 1486 2615 respondebat,
1501 2540 1604 2597 dicens
1617 2557 1649 2598 :a
1665 2540 1777 2597 llicest
1793 2557 1837 2610 pes

135 2646 194 2688 non
207 2635 352 2704 poterant.
369 2632 515 2688 blanscrat
531 2633 609 2689 enim
622 2632 662 2688 ibi
676 2634 734 2704 joni
747 2632 956 2705 plurimotern·
1010 2633 1136 2690 dominae
1152 2649 1220 2690 mee
1251 2632 1361 2689 Sanctae
1389 2630 1497 2700 Maris,
1514 2629 1560 2686 bio
1575 2635 1625 2687 est
1639 2646 1694 2703 pes
1716 2630 1836 2688 domina

135 2721 956 2795 pore,etornninodesperatusarnedicistetopedesol·
1009 2738 1079 2779 mern
1108 2720 1421 2780 sinemurensem
1450 2719 1522 2792 pede
1546 2723 1658 2775 terram
1687 2717 1837 2776 iteromet

129 2809 254 2866 uebatur
269 2810 297 2866 in
314 2811 509 2883 putredinem.
526 2812 621 2868 Existi
635 2828 703 2884 ergo
724 2811 897 2869 deecclesia
913 2814 954 2869 in·
1007 2813 1116 2871 iterum
1133 2812 1266 2886 pulsans,
1277 2810 1411 2868 ordinem
1427 2813 1455 2866 et
1469 2824 1588 2866 eausam
1602 2812 1692 2865 tantm
1710 2808 1834 2865 exsulta·

130 2898 205 2954 vitus
221 2899 256 2954 ad
272 2915 343 2956 suos
360 2915 538 2966 reversurus,
555 2900 709 2972 dequibus
731 2917 812 2972 spem
829 2901 952 2959 babebat
1009 2901 1100 2959 tionis
1110 2899 1313 2958 insistentibus
1324 2897 1456 2970 esposuit
1472 2913 1480 2954 ι
1496 2920 1510 2948 a
1526 2897 1641 2966 Nonne,
1658 2897 1774 2971 inquit,
1790 2914 1835 2969 ego

970 2944 992 3012 C

11 3020 19 3027 -
131 2985 167 3041 ob
190 2986 475 3058 consanguinitatem
498 2989 602 3045 dcberc
630 2988 685 3044 sibi
712 2989 841 3061 pressiori
871 2991 954 3047 obse·
1011 3007 1074 3047 sum
1092 2989 1209 3047 delabi
1238 2988 1464 3046 homodeminae
1494 2986 1701 3043 mceSanetae
1732 2985 1833 3058 illaria¹

135 3073 236 3146 quium
252 3084 277 3132 ct
295 3077 536 3147 compassionem,
553 3076 704 3135 discedens
719 3083 818 3136 tamea
840 3081 955 3137 beatam
1011 3096 1098 3152 quern
1110 3096 1162 3136 ros
1178 3080 1214 3137 ob
1230 3076 1443 3136 intolerabilem
1463 3074 1546 3148 pedis
1571 3074 1633 3132 mei
1664 3076 1788 3133 fetorem
1801 3077 1833 3130 de

137 3164 255 3222 llariam
281 3169 458 3223 contestatus
474 3170 517 3224 est
542 3166 596 3224 hae
620 3168 705 3224 ruodo
722 3185 728 3224 :
755 3191 769 3219 a
789 3168 954 3239 Ogloriasa
1009 3168 1133 3228 ecclesis
1147 3167 1340 3242 expulsistis?
1353 3166 1455 3224 Nonne
1469 3165 1526 3222 istc
1540 3167 1569 3222 et
1584 3164 1643 3221 isto
1668 3164 1775 3221 ordine
1789 3181 1832 3220 sa·

134 3251 268 3324 Domina,
284 3255 338 3312 etsi
351 3257 517 3328 permultos
529 3257 641 3314 dierum
653 3257 681 3312 in
696 3257 752 3314 isto
766 3258 828 3316 leco
843 3263 956 3332 presto·
1009 3258 1089 3316 nevit
1105 3275 1151 3316 me
1166 3259 1213 3332 pie
1227 3258 1307 3331 virgo
1322 3254 1437 3313 dornina
1452 3270 1517 3312 mes
1532 3254 1626 3310 blater
1641 3253 1766 3312 Domini
1781 3254 1833 3310 mei

132 3341 211 3400 letus
224 3362 289 3402 sunt
301 3361 384 3418 opem
395 3351 570 3418 tuamquam
587 3348 716 3404 nondum
733 3349 841 3421 accepi,
857 3359 953 3407 tanuen
1007 3348 1079 3405 lesu
1095 3348 1232 3405 Christi?
1247 3369 1261 3397 ι)
1277 3346 1342 3404 Haeo
1356 3344 1447 3418 igitur
1474 3347 1649 3417 prosecutus
1667 3344 1758 3400 facile
1773 3343 1833 3400 istil

132 3434 369 3502 putrescentibus
379 3435 554 3492 mombrisct
565 3435 843 3493 fatiscentibusbdcs
852 3439 953 3495 anime
1008 3439 1094 3495 iidem
1122 3437 1220 3504 dictis,
1236 3440 1264 3493 et
1279 3439 1348 3492 nota
1368 3449 1502 3508 persona,
1522 3431 1668 3505 quinaret
1685 3433 1718 3489 in
1733 3432 1833 3490 cliente

130 3534 184 3576 nec
201 3521 320 3591 fatiscit,
337 3538 390 3579 nec
406 3523 524 3590 ‹lesseit;
548 3524 657 3580 inritus
673 3542 739 3597 ergo
755 3527 886 3596 discedo,
904 3529 952 3585 sed
1008 3527 1146 3599 ecelesiae,
1162 3532 1191 3584 et
1205 3524 1343 3583 exhibitio
1358 3524 1465 3597 operis,
1476 3521 1545 3595 quie
1558 3523 1647 3595 eujus
1664 3523 1772 3595 pedem
1784 3539 1833 3595 po-

129 3609 288 3683 compellor
304 3612 393 3669 exire.
421 3612 463 3670 'lu
489 3630 555 3670 rere
571 3615 662 3687 pinet
678 3615 807 3673 clemens
822 3621 850 3673 et
863 3618 953 3691 impc-
1007 3618 1117 3675 tridum
1132 3619 1282 3689 latensque
1297 3617 1419 3673 raderer
1433 3616 1617 3687 aspexerant,
1627 3630 1709 3671 nune
1720 3614 1833 3672 sanissi-

133 3698 212 3755 riosa
227 3699 351 3758 Domina
368 3701 534 3775 ulricunque
550 3704 631 3761 sime
654 3703 725 3763 Filio
753 3709 805 3762 tuo
826 3705 952 3766 salutem
1008 3725 1090 3765 mum
1105 3714 1133 3767 et
1156 3709 1259 3765 iertem
1276 3705 1477 3764 ostendebant.
1493 3703 1567 3759 Noto
1581 3720 1716 3775 persone
1732 3709 1762 3761 et
1778 3704 1831 3761 eri·

135 3788 206 3846 mihi
222 3794 302 3861 potes
321 3790 486 3864 impetrare.
502 3793 583 3850 Tuus
598 3794 677 3851 enim
692 3799 763 3852 tuus
778 3812 844 3854 sum
860 3815 953 3856 cneus
1006 3799 1079 3855 dens
1095 3796 1279 3854 miraculum.
1296 3795 1361 3853 bins
1376 3793 1464 3867 igitur
1483 3797 1625 3864 tympana
1645 3792 1723 3850 dant
1738 3810 1830 3852 rocem

134 3878 264 3950 cepitea
291 3881 373 3951 [torte
401 3898 499 3938 servus
528 3882 556 3954 a]
585 3884 818 3957 progenitoribus
847 3888 919 3945 meis
944 3904 952 3943 ε
1006 3891 1143 3959 suam,et
1158 3886 1223 3943 laus
1237 3883 1355 3942 Domini
1368 3886 1397 3940 et
1415 3881 1546 3954 gloriosos
1565 3880 1704 3953 Virginis
1718 3885 1754 3940 de
1778 3884 1831 3939 sir·

133 3968 213 4025 unde
232 3985 288 4025 non
301 3970 395 4026 solnm
411 3976 475 4043 peto
490 3972 624 4046 gratiam,
641 3975 791 4032 sedetiam
808 3976 890 4051 erigo
907 3978 953 4034 do·
1005 3979 1102 4034 tuteet
1114 3972 1354 4033 misericordiain
1366 3969 1831 4030 communicelebrator.Venient

129 4054 223 4113 biturn
236 4059 396 4130 qnodsoles
407 4060 453 4116 bis
463 4061 631 4132 impendere
643 4063 742 4135 quitui
751 4068 828 4121 suni.
840 4066 953 4124 Ardens
1006 4070 1139 4139 ternpore
1153 4063 1321 4122 aillictionis
1331 4065 1360 4120 et
1370 4060 1492 4118 miserie
1502 4058 1533 4115 in
1544 4058 1741 4131 quibusdam,
1754 4060 1829 4133 apiis

129 4148 247 4205 llamnrn
264 4167 344 4212 mear
361 4151 484 4210 Domine
496 4152 578 4222 lesu,
595 4152 705 4226 respice
720 4154 750 4211 in
761 4171 876 4213 serrum
893 4173 952 4215 rna-
1006 4154 1153 4211 mentibus
1167 4152 1343 4210 reducentur
1357 4150 1394 4207 erl
1409 4148 1579 4206 memoriam
1598 4148 1666 4206 dies
1682 4149 1747 4218 isli,
1762 4165 1828 4223 quos

127 4239 182 4295 tris
210 4243 276 4307 tue,
302 4257 369 4298 ecce
393 4242 494 4298 recedo
519 4245 547 4298 et
572 4242 691 4312 morior,
716 4245 852 4315 quoniam
880 4263 896 4303 a
925 4238 1826 4338 rs1,agimussupaee,septenttudinererumtemporalium,

127 4327 265 4399 devellor,
283 4346 398 4388 summe
412 4336 495 4395 Deus,
513 4333 662 4389 recordare
678 4333 752 4389 servi
773 4336 816 4391 tui
832 4340 861 4391 et
875 4337 950 4394 servi
1007 4337 1035 4390 et
1050 4334 1120 4406 quia
1135 4330 1257 4389 ecclesie
1272 4331 1307 4387 ab
1328 4329 1465 4388 omnibus
1480 4326 1617 4399 gentibus
1632 4334 1793 4385 veneratur
1805 4333 1828 4383 et

128 4416 231 4475 matris
247 4422 311 4475 tue.
331 4420 445 4477 lteratis
459 4420 612 4478 doloribus
629 4421 773 4495 alligitur
790 4440 950 4484 cormeum
1007 4423 1122 4491 colitur,
1137 4427 1166 4478 et
1181 4420 1283 4494 religio
1298 4417 1490 4492 multiplicior
1504 4421 1550 4474 cst
1564 4431 1657 4487 quam
1669 4417 1702 4474 ia
1716 4423 1826 4490 preter·

128 4507 222 4580 quiae
233 4510 261 4563 te
272 4510 383 4566 recedo.
398 4510 489 4581 liujus
501 4509 609 4567 intuito
623 4510 950 4585 levigatusdolornribi
1006 4511 1054 4568 itis
1070 4509 1263 4584 temporibus.
1281 4509 1345 4565 lieo
1364 4504 1561 4580 igiturtldeles
1577 4503 1750 4565 recolentes
1765 4508 1827 4564 dnm

125 4612 283 4668 corporeus
297 4606 321 4654 et
335 4598 364 4654 in
382 4597 556 4657 oblivionem
572 4599 677 4657 transit
694 4616 777 4674 pene.
793 4602 949 4679 Hisdictis‚
1005 4616 1074 4658 suas
1089 4600 1306 4675 persecutiones
1320 4598 1367 4655 his
1383 4595 1530 4671 prosperis
1549 4594 1722 4667 conferent,
1740 4595 1827 4669 magis

126 4684 207 4742 abiit.
220 4686 737 4761 licvcrsasigiturdomuminprimis
748 4691 949 4752 sicutselitum
1005 4689 1157 4749 dolebunt.
1180 4688 1260 4747 Unde
1275 4686 1421 4761 praecipue
1437 4684 1540 4742 diebus
1554 4683 1622 4742 istis
1645 4685 1677 4742 in
1702 4686 1828 4744 eeclesiis

123 4782 165 4832 est
182 4776 326 4846 patienter
338 4794 354 4833 a
366 4777 429 4835 suis
445 4782 584 4850 portatur,
596 4779 645 4835 sed
664 4796 800 4852 processu
810 4785 950 4856 temperis
1004 4779 1120 4837 Sancta
1136 4777 1184 4836 Dei
1194 4777 1353 4835 Genitriois
1368 4772 1514 4832 miracula
1527 4776 1610 4831 tanta
1624 4777 1655 4831 et
1665 4778 1732 4832 tam
1743 4775 1829 4832 multe

119 4864 182 4935 jera
197 4864 226 4920 in
238 4865 356 4922 tedium
371 4871 400 4923 et
415 4882 556 4924 nauseam
567 4868 652 4941 coepit
665 4869 747 4926 verti.
764 4869 836 4927 Nam
848 4876 949 4931 tentos
1004 4867 1146 4926 celebrari
1160 4867 1320 4935 credimus,
1334 4867 1513 4924 contestante
1529 4862 1586 4919 lieo
1602 4861 1705 4936 signia
1725 4870 1754 4923 et
1768 4881 1828 4938 pre·

125 4957 186 5010 erat
199 4954 320 5022 letor,ut
332 4955 469 5013 noctibus
479 4957 548 5012 dora
560 4958 662 5029 pedem
674 4973 760 5015 suum
772 4960 808 5015 eb
823 4959 948 5019 calorem
1003 4957 1092 5031 digiis
1106 4962 1136 5015 et
1145 4950 1640 5014 variisvirtutibualnearastionsm
1653 4952 1724 5010 Filii
1735 4955 1781 5012 sni
1792 4961 1827 5020 ut,

127 5042 269 5115 proterret
282 5044 316 5099 ad
335 5060 443 5115 aerem,
460 5061 513 5103 neo
525 5046 630 5117 conjnx
645 5047 709 5118 ejus
720 5062 772 5104 nco
783 5049 948 5119 pucrilerre
1003 5047 1074 5121 quia
1088 5044 1354 5120 tempusinlcstum
1372 5039 1544 5100 datlehrlsti
1554 5039 1718 5101 imminere
1740 5059 1830 5117 spera·

125 5137 268 5202 poterant.
287 5134 353 5206 lpse
367 5138 465 5192 tumen
481 5152 498 5192 a
513 5135 650 5208 precibus
666 5152 723 5194 non
739 5136 880 5212 cessabat,
896 5142 945 5199 sed
1004 5154 1081 5209 mus,
1096 5140 1177 5194 tanto
1188 5133 1373 5193 constantius
1388 5130 1487 5190 lideles
1501 5127 1621 5200 prohae
1631 5131 1761 5191 veritate
1773 5148 1830 5191 mo·

124 5215 291 5292 irrequietis
303 5223 611 5297 voeibusopembentae
625 5225 745 5297 virginis
759 5226 945 5289 inclamabat.
1004 5218 1831 5299 riantur,quantoccrtlerecmaiumgentinmtestimoaio

125 5305 179 5363 Ubi
195 5324 263 5380 ergo
288 5313 358 5370 satis
373 5313 467 5372 visum
485 5320 538 5380 est,
555 5319 584 5372 et
607 5313 748 5373 delectata
764 5320 808 5372 cst
831 5318 880 5391 pia
896 5321 947 5379 Do·
1002 5321 1032 5374 et
1048 5317 1133 5374 laude
1148 5314 1320 5372 celebratur.

127 5397 208 5453 mina
234 5414 291 5455 non
325 5401 423 5459 delere
446 5404 596 5476 patientis,
612 5405 662 5462 sed
679 5407 874 5478 perseveranti
891 5408 947 5468 fide
