3750 6000
74 174 81 275 i
133 222 170 277 ra
702 216 887 274 nersronn
905 214 953 273 nr
971 214 1183 271 lltlt'tnnGlt.
1719 214 1775 269 ris
1865 272 1869 281 ,

129 354 215 404 lucre
242 345 421 418 perturbare,
436 351 482 400 aut
507 343 566 414 ejus
582 341 773 415 possessiones
799 340 919 411 auferre,
934 338 963 402 Α
977 338 1020 395 vel
1033 338 1300 412 archipresbyterum
1313 338 1406 408 adeas,
1423 346 1452 395 ut
1466 337 1617 395 secundum
1631 352 1776 395 censuram

129 435 277 493 rdablatas
291 434 424 500 retinere,
446 433 585 500 minuere,
603 438 652 486 aut
670 430 809 504 aliquibus
832 446 921 487 vexa·
976 427 1188 485 ecclesiasticam
1204 428 1391 500 poenitentiam
1403 428 1443 484 eis
1457 428 1595 500 injungat.
1625 424 1705 496 Quod
1719 426 1775 482 sia

129 524 233 581 mous
261 523 398 597 fatigare.
424 522 481 577 Sed
496 521 587 577 omnia
602 520 706 591 integre
726 528 923 575 conserventur
976 526 1021 573 trra
1034 516 1179 573 dilectione
1208 534 1291 588 super
1318 518 1369 573 boc
1393 518 1472 573 terlio
1496 515 1600 571 invitati
1627 514 1776 586 adimplere

127 628 216 679 onim,
233 628 289 684 pro
311 626 429 682 quorum
460 607 659 683 gubernatione
683 615 710 663 et
725 606 922 664 sustentatione
975 606 1199 677 contempserint,
1226 607 1274 661 tibi
1301 606 1489 678 peonitentiam
1511 605 1551 660 eis
1580 602 1714 659 tribuendi
1737 602 1773 658 li-

128 716 252 759 conoessa
278 708 356 766 sunt,
373 698 468 754 usibus
481 696 646 754 omnimodis
660 695 812 767 profutura.
827 695 855 751 Si
869 712 921 766 qua
975 694 1090 750 centiam
1104 695 1253 766 apostolica
1267 695 1424 752 auctoritate
1437 693 1625 752 concedimus.

126 791 195 862 igitur
209 789 241 843 in
268 788 392 844 futurum
407 786 592 844 ecclesiastlca
614 785 787 841 secularisve
802 799 922 856 persona
1011 783 1075 838 Dat.
1091 782 1236 841 Placentia
1250 800 1268 839 rr
1281 784 1346 840 Kal.
1364 782 1439 839 lolii.

72 884 76 899 ¹
126 880 183 935 berc
206 886 318 933 nostrae
331 874 537 933 constitutionis
564 874 691 948 paginam
707 874 810 940 sciens,
826 881 921 930 contra
1330 908 1413 965 cvm

124 983 170 1025 tam
180 974 291 1022 temere
307 964 404 1021 venire
419 962 576 1030 tentaverit,
588 962 920 1020 secundotertiorecom·
1419 948 1426 963 ’

123 1061 223 1129 nomm,
256 1061 281 1116 si
296 1077 353 1117 non
370 1060 556 1117 satisfactione
586 1074 708 1130 congruo
723 1058 918 1126 emendaverit,

122 1150 257 1224 postolis
286 1150 456 1222 honorisque
484 1148 673 1222 suidignitate
702 1154 805 1216 careat,
828 1164 918 1204 ream-

122 1257 163 1313 gue
188 1256 222 1295 se
237 1239 339 1295 divino
351 1239 456 1308 judicio
484 1237 519 1294 de
535 1246 690 1311 perpetrata
718 1237 918 1310 iniquitateco·

122 1336 240 1402 gnoscat,
258 1337 286 1384 et
300 1345 320 1382 a
336 1327 526 1384 sacrutissimo
541 1342 659 1398 corpore
675 1335 701 1381 et
721 1325 855 1399 sanguine
871 1325 919 1381 Dei

120 1415 266 1473 tebumini
298 1414 593 1487 Redemptorisnostri
624 1415 689 1470 lesu
705 1414 805 1468 Christi
831 1413 920 1469 aliena

121 1505 163 1574 iat,
190 1514 284 1578 atque
319 1505 347 1560 in
373 1512 498 1560 extremo
521 1503 645 1559 eramiae
669 1502 798 1559 districtae
826 1503 919 1558 ultioni

125 1596 274 1665 subjaceat.
291 1593 408 1650 Cunctis
427 1603 516 1648 autem
531 1593 619 1648 eidem
633 1591 765 1649 Ecclesiae
777 1592 849 1664 justa
863 1608 920 1648 ser·

125 1684 250 1741 mutibus
269 1682 306 1739 sit
332 1697 386 1754 pax
401 1680 512 1738 Domini
527 1681 611 1737 nostri
625 1681 689 1736 lesu
703 1680 811 1748 Christi,
827 1689 964 1761 quateB
1013 1735 1085 1790 ΛΜ
1180 1735 1184 1745 ,
1270 1734 1286 1789 l,
1319 1735 1340 1789 Ε
1374 1735 1381 1787 ¹
1416 1733 1421 1744 ,
1592 1732 1617 1786 ι),
1748 1728 1754 1741 ,

127 1790 165 1829 aas
180 1781 207 1829 et
223 1771 273 1828 bic
288 1770 407 1828 fructum
424 1770 624 1828 bonaeactionis
638 1769 801 1841 percipiant,
818 1770 924 1840 etapud
1087 1750 1120 1790 ⁰⁰
1140 1750 1268 1791 ”mem
1280 1751 1303 1788 ¹⁸
1341 1749 1372 1791 ⁰⁰
1384 1750 1448 1790 ⁶⁵¹ae
1462 1749 1527 1789 ⁰⁰³⁸
1555 1747 1591 1787 ¹¹⁰
1612 1748 1635 1787 ¹⁸
1648 1746 1665 1787 α
1678 1746 1773 1802 pmw‘

123 1861 264 1918 Momm
278 1860 408 1918 judicem
422 1859 536 1931 pmmia
554 1867 665 1915 mm
680 1858 753 1930 pacis
767 1857 919 1915 inveniam·
977 1839 1041 1879 sore
1055 1822 1177 1880 omnium
1206 1824 1343 1880 bonorum
1357 1824 1415 1879 lieo
1437 1822 1585 1878 commissa
1599 1829 1650 1890 est,
1667 1829 1696 1876 ut
1710 1818 1773 1875 reli·

124 1956 208 2007 mn·
976 1921 1069 1994 giosas
1083 1920 1229 1994 diligamus
1256 1934 1403 1990 personas,
1433 1926 1460 1973 et
1475 1918 1700 1990 beneplacentem
1714 1917 1773 1972 Deo

977 2009 1139 2080 religionem
1168 2008 1329 2063 studeamus
1355 2006 1446 2062 modis
1458 2006 1587 2062 omnibus
1599 2020 1768 2078 propagare.

974 1005 1052 1062 Bona
1070 1007 1209 1061 emulcet
1224 1006 1375 1078 priuilegio
1390 1005 1558 1062 inormiter-tt
1572 1005 1674 1061 Sancti
1698 1002 1773 1061 luit

1133 1095 1310 1151 Placentinae
1319 1095 1442 1151 dicereris
1457 1094 1618 1164 confirmat.
1763 1084 1765 1088 ’

1211 1192 1301 1264 (Auno
1317 1193 1394 1258 litia,
1411 1192 1464 1247 lul.
1482 1192 1538 1262 li.)

1158 1281 1404 1354 [Cocounarnast.
1421 1281 1454 1348 ll,
1469 1297 1497 1352 p.
1513 1281 1594 1349 bib]

1009 1380 1199 1435 lnrvocnrvrrus
1230 1379 1385 1451 episcopus,
1408 1395 1505 1433 servus
1531 1393 1671 1434 servorum
1700 1374 1763 1432 bei.

974 1467 1087 1524 Onnorvr
1102 1469 1193 1524 abbati
1218 1468 1382 1524 venerabilis
1396 1467 1593 1523 monasteriis.
1613 1464 1683 1521 Xisti
1697 1463 1770 1537 quod

973 1557 1118 1613 Placentiae
1141 1558 1221 1612 situm
1239 1564 1290 1622 est,
1303 1558 1417 1628 ejusque
1431 1555 1638 1613 successoribus
1655 1552 1769 1626 rugula-

974 1645 1040 1703 riter
1051 1647 1259 1713 substituendis,
1273 1646 1301 1700 in
1316 1653 1486 1717 perpetuum.

148 2040 204 2114 ligo
233 2036 416 2096 Innocentius
443 2034 590 2092 Cimoliae
617 2034 751 2093 Ecclesia
776 2033 923 2106 episcopus

125 2126 277 2198 absciipsi.
976 2101 1034 2156 Nec
1047 2100 1121 2155 euim
1141 2099 1200 2154 Deo
1216 2107 1312 2170 gratus
1339 2094 1638 2166 aliquandofamulatus
1665 2094 1776 2165 impen-

976 2189 1060 2255 ditur,
1090 2187 1143 2242 nisi
1157 2202 1194 2241 ex
1208 2185 1352 2242 charitatis
1377 2184 1470 2240 radice
1488 2184 1650 2255 procedens,
1666 2199 1682 2237 a
1696 2182 1774 2254 puri-

976 2286 1034 2333 tate
1064 2274 1204 2349 religionis
1231 2273 1313 2329 luerit
1341 2280 1525 2329 conservatus.
1561 2273 1620 2329 lloc
1647 2271 1774 2326 nimirum

975 2365 1117 2423 charitatis
1145 2363 1242 2420 intuitu
1258 2362 1479 2435 predecessores
1501 2362 1587 2417 nostri
1604 2359 1692 2417 felicis
1712 2374 1774 2414 me-

149 2217 206 2289 Ego
220 2215 346 2271 Uberius
363 2212 509 2285 presbyter
522 2211 670 2270 cardinalis
690 2211 732 2269 iit.
748 2211 778 2269 S.
795 2211 922 2268 Clemen-

125 2305 150 2361 tis
160 2303 327 2373 subscripsi.

154 2393 213 2465 Ego
228 2389 379 2447 Anselmus
393 2392 536 2463 presbyter
548 2390 694 2448 cardinalis
708 2390 748 2447 tit.
765 2389 792 2446 S.
802 2391 922 2447 Lauren·

129 2482 190 2537 gip„
207 2479 313 2536 gmina
326 2480 491 2553 subscripsi·
974 2457 1070 2513 moriae
1099 2452 1237 2511 Pascbalis
1262 2460 1289 2508 et
1317 2451 1437 2508 Collatus
1465 2450 1578 2507 Romani
1615 2447 1771 2522 pontifices,

156 2571 214 2644 Ego
230 2568 370 2625 spatians
380 2569 527 2643 presbyter
540 2568 687 2626 cardinali„
702 2569 743 2626 gg,
759 2569 788 2626 s,
804 2569 920 2626 Caegjpae
973 2546 1001 2604 in
1013 2544 1180 2601 monasterio
1207 2540 1300 2598 Sancti
1314 2541 1394 2610 Xisti,
1421 2541 1496 2611 quod
1521 2539 1663 2596 Placentiae
1689 2538 1772 2593 situm

127 2658 276 2731 mbscripsi.
974 2649 1025 2706 est,
1038 2638 1211 2712 religionem,
1234 2649 1293 2706 quse
1309 2633 1346 2689 ibi
1360 2650 1393 2689 ex
1409 2643 1530 2706 tempore
1549 2634 1606 2703 jam
1621 2632 1705 2705 longo
1720 2632 1770 2688 de-

154 2749 212 2821 ego
227 2750 320 2807 Lucas
335 2747 479 2821 presbyter
500 2746 646 2803 cardinalis
660 2746 728 2803 tituli
756 2747 917 2804 &notorum
972 2735 1086 2801 facerat,
1114 2731 1267 2787 reformare
1278 2727 1410 2796 volentes,
1432 2728 1593 2800 sapientium
1606 2743 1639 2784 ac
1654 2727 1768 2800 religio·

125 2837 224 2894 iarnnb
232 2848 259 2895 et
271 2838 348 2895 Pauli
357 2835 522 2907 subscripsi.
970 2839 1065 2881 sorum
1089 2820 1218 2885 virorum,
1254 2825 1281 2873 et
1309 2820 1445 2889 praecipue
1480 2817 1600 2891 egregiae
1626 2816 1767 2873 memoriae

153 2927 212 3001 figo
227 2928 371 2985 Romanus
385 2925 517 2982 diaconus
530 2924 676 2981 cardinalis
692 2925 800 2982 sunutae
823 2925 916 2982 Mariae
969 2913 1118 2972 conutissa
1132 2907 1279 2973 llatbildis,
1294 2907 1422 2978 precibus
1436 2906 1602 2977 etconsilio,
1618 2922 1666 2977 pro
1682 2904 1764 2962 femi-

125 3013 260 3073 ialorticu
273 3014 435 3087 subscripsi.
968 3005 1012 3061 nis
1025 3004 1126 3059 ibidem
1142 2999 1296 3071 irreligiose
1311 2995 1475 3065 viventibus,
1490 2995 1635 3053 monastici
1659 2994 1764 3051 ordinis

151 3105 208 3178 ligo
227 3105 381 3178 Gregorius
415 3103 545 3159 diaconus
572 3100 717 3159 cardinalis
751 3101 908 3158 Sanctorum
924 3084 949 3149 C
966 3096 1042 3150 viros
1069 3091 1278 3158 constituerunt,
1307 3098 1334 3145 et
1360 3097 1396 3157 te,
1421 3086 1521 3143 dilecte
1547 3085 1575 3140 in
1603 3084 1711 3141 Christo
1725 3082 1765 3139 fili

125 3192 203 3265 Sergii
216 3201 244 3250 et
258 3192 358 3250 nimbi
373 3189 534 3261 subscripsi.
968 3183 1057 3249 Oddo,
1083 3181 1119 3237 ad
1138 3179 1347 3236 restaurandum
1362 3178 1391 3232 in
1403 3177 1501 3233 eodem
1524 3174 1586 3230 loco
1612 3172 1761 3230 secundum

156 3281 216 3356 ligo
230 3281 387 3353 Stephanus
412 3279 544 3336 diaconus
567 3277 755 3337 cardinalias.
770 3278 859 3336 Luciae
885 3280 913 3336 in
968 3273 997 3329 lt.
1010 3270 1148 3328 Benedicti
1165 3269 1294 3342 Regulam
1323 3265 1474 3337 discipilum
1497 3262 1654 3320 monasticar
1682 3261 1760 3317 urdi-

129 3368 228 3443 Orphea
242 3367 407 3441 subscripsi.
967 3377 1040 3427 nem,
1056 3359 1084 3414 in
1098 3359 1223 3415 abbatem
1237 3357 1292 3413 illis
1305 3355 1467 3412 auctoritate
1488 3351 1637 3426 apostolica
1651 3364 1762 3422 praepo·

158 3459 219 3534 ligo
233 3458 300 3517 Otto
313 3458 447 3515 diaconus
460 3456 605 3515 cardinalis
619 3457 913 3532 S.GeorgiiadVelum
968 3467 1090 3516 suerunt.

128 3548 239 3603 loreum
254 3546 423 3619 subscripsi.
1001 3549 1060 3605 Nos
1086 3547 1176 3619 itaque
1193 3545 1352 3602 eorumdem
1372 3549 1581 3599 antecessorum
1609 3548 1764 3595 nostrorum

155 3635 251 3692 batuto
284 3634 430 3692 Placentia
448 3650 498 3706 per
521 3650 630 3691 manum
663 3636 793 3694 dilmarici
814 3644 914 3694 sanctia
967 3637 1123 3694 inbaercndo
1150 3635 1283 3707 vestigiis,
1320 3632 1503 3705 provisionem
1532 3647 1580 3686 seu
1608 3628 1763 3701 dispositio·

127 3722 249 3780 Romanae
264 3723 913 3791 Ecclesiaediaconicardinalisetcaucellarii,rrr
967 3743 1029 3783 nem
1043 3727 1077 3781 ab
1094 3726 1133 3782 eis
1144 3725 1254 3791 lactaria,
1270 3731 1297 3779 et
1311 3722 1456 3795 privilegio
1470 3720 1612 3787 munitam,
1636 3735 1761 3791 praesen·

123 3811 177 3868 fal.
207 3813 282 3869 lolii.
311 3813 371 3867 ind.
405 3829 431 3880 x,
461 3812 658 3869 lucarnationia
684 3814 912 3872 Dominicaeanno
966 3818 1001 3871 tis
1016 3814 1213 3884 scriptirobore
1233 3810 1439 3878 confirmamus,
1454 3821 1480 3867 et
1496 3809 1701 3866 inviolabiliter
1715 3808 1761 3865 fu-

124 3902 193 3969 itti,
221 3900 403 3975 pontificatus
428 3915 494 3956 vero
522 3901 557 3955 D.
591 3901 732 3958 innocenti
760 3918 837 3974 papae
876 3904 910 3972 ll,
965 3905 1032 3961 luris
1047 3901 1212 3974 temporibus
1222 3901 1363 3956 observari
1380 3899 1551 3956 decernimus
1567 3917 1574 3966 ς
1591 3907 1618 3954 et
1632 3897 1761 3969 scripturn

122 4004 184 4047 tuno
199 4007 243 4047 ur.
964 3993 1031 4049 illud
1040 3987 1762 4064 quudapraedecessorenostrolelicismemoriaepepa

152 4089 232 4146 stt.
253 4090 428 4161 Egof'cfrrtr
452 4091 516 4145 not.
535 4087 640 4144 uiridi
659 4090 847 4162 inpriuilegiu
869 4090 911 4147 itu
965 4082 1081 4151 Calirto,
1110 4079 1175 4136 dum
1190 4078 1217 4133 iu
1233 4076 1384 4132 Galliarum
1407 4077 1531 4148 partibus
1545 4083 1628 4146 esset,
1641 4075 1675 4130 ab
1688 4075 1762 4132 illius

121 4185 224 4260 scripsi,
240 4201 294 4242 m
321 4184 488 4249 aternum,
517 4185 706 4256 velificabam
728 4186 834 4256 addidi,
859 4202 911 4243 ηερ
964 4171 1018 4229 1οοί
1046 4167 1209 4225 monialibus
1243 4166 1404 4238 subreptum
1440 4180 1500 4221 esse
1525 4165 1703 4238 dignoscitur,
1732 4164 1762 4220 in

120 4283 297 4355 mmm,
965 4260 1069 4315 irritum
1087 4273 1261 4314 revocamus.
1291 4255 1385 4326 Ipsum
1399 4271 1466 4311 vero
1477 4255 1567 4311 locum
1582 4263 1609 4310 et
1631 4254 1760 4311 universa

964 4358 998 4413 ad
1014 4372 1077 4412 eum
1101 4353 1263 4427 pertinentia
1277 4352 1328 4408 sub
1357 4352 1602 4424 apostolicaesedis
1628 4351 1711 4409 tutela
1734 4359 1762 4409 et

361 4518 368 4532 .
467 4405 553 4531 Μ’.
926 4443 952 4503 D
968 4445 1137 4519 protectione
1152 4443 1288 4500 servanda
1302 4458 1458 4512 censemus,
1474 4457 1491 4498 a
1504 4443 1687 4515 quorumlibet
1714 4441 1760 4497 in-

121 4514 916 4591 miul’mlfml'm‘fsslffloes·Flfddl'ssliflrllssssllffi·
969 4534 1126 4592 festantium
1139 4531 1271 4589 molestiis
1284 4531 1382 4598 libera,
1398 4533 1468 4589 sicut
1482 4532 1516 4589 ab
1541 4531 1762 4591 antecessoribus

342 4614 433 4681 (Anno
449 4615 527 4681 ttsa,
544 4614 606 4669 lun.
627 4614 690 4685 att.)
970 4625 1072 4680 nostris
1102 4621 1231 4679 Romanis
1255 4619 1429 4694 pontificibus
1451 4623 1574 4679 noscitur
1601 4622 1761 4679 institutum.

306 4708 424 4782 [bonuz.
449 4711 566 4767 llircell.
582 4712 629 4779 lv,
643 4714 725 4778 bob]
971 4711 1118 4770 statuimus
1145 4711 1224 4766 eliam
1249 4718 1278 4765 ut
1307 4710 1437 4767 universa
1457 4710 1559 4781 predis
1574 4710 1628 4777 vel,
1652 4725 1765 4782 posses-

153 4808 349 4864 lrmocsnrtns
364 4806 522 4880 episcopus,
538 4824 634 4866 servus
647 4826 788 4867 servorum
800 4810 861 4879 Dei,
876 4811 917 4868 di.
970 4797 1063 4853 siones
1091 4810 1159 4868 quas
1174 4794 1348 4873 angelberga
1370 4796 1540 4869 imperatrix,
1565 4795 1687 4865 ejusdem
1702 4809 1764 4852 mo-

119 4894 187 4954 lesto
203 4894 480 4952 mutuantibus.
505 4896 592 4969 priori
607 4898 635 4955 S.
651 4897 778 4969 lindiam,
802 4900 917 4958 alutem
970 4882 1084 4942 nasterii
1122 4882 1268 4957 fundatrix,
1307 4885 1372 4942 illuc
1407 4884 1553 4942 contulisse
1579 4883 1763 4957 cognoscitur,

117 4982 339 5061 suppostorium
353 4983 581 5044 benedicamus,
971 4992 1019 5033 seu
1034 4989 1204 5049 quacunque
1219 4974 1273 5030 elia
1287 4974 1370 5040 bone,
1385 4988 1564 5049 quascunque
1580 4972 1668 5044 villas,
1684 4972 1764 5030 fami·

148 5074 221 5129 lmia
247 5088 381 5145 superna,
410 5075 527 5131 terrenis
565 5076 697 5143 caelestia,
726 5078 918 5151 temporalibus
969 5064 1032 5131 lias,
1062 5062 1157 5134 cellas,
1185 5062 1318 5120 ecclesias
1339 5062 1412 5120 idem
1440 5062 1595 5120 caenobium
1623 5063 1768 5136 inpraesen-

110 5180 221 5242 ιω,
231 5179 262 5228 ee
277 5171 445 5228 mogutino,
467 5182 531 5236 mr
543 5174 709 5231 immortalia
720 5176 915 5248 pfaepgngndg⁸
972 5155 1070 5209 tiarum
1083 5153 1156 5221 juste
1184 5159 1212 5209 et
1239 5152 1372 5225 legitime,
1388 5153 1485 5210 sivein
1496 5163 1637 5227 posterum
1649 5169 1766 5213 conces-

112 5261 243 5320 Ματθία
258 5259 395 5335 siquidem
409 5263 605 5336 omnipotentis
622 5265 731 5322 Domini
746 5266 916 5338 providentia
970 5252 1046 5308 sione
1072 5249 1242 5322 pontificum,
1260 5250 1405 5324 largitione
1430 5252 1597 5325 principum,
1629 5253 1767 5310 oblatione

110 5374 161 5417 aaa
184 5375 242 5417 nos
271 5359 407 5431 pecudum
435 5364 726 5433 pastoresconstituit,
742 5364 912 5421 sedanjmg.
970 5340 1100 5408 fidelium,
1123 5357 1170 5396 seu
1185 5340 1246 5396 aliis
1260 5339 1611 5414 justismodis,praeslante
1640 5343 1767 5412 Domino,

110 5472 166 5515 m,
181 5456 317 5513 mpod„
331 5455 427 5531 019351,
446 5459 488 5515 Ne
501 5458 585 5532 iggm.
599 5461 699 5517 ,nim
719 5459 838 5518 fidelium
852 5477 914 5517 om,
969 5438 1069 5511 poterit
1098 5437 1224 5510 adipisci,
1254 5436 1333 5494 firma
1360 5439 1408 5496 tibi
1431 5441 1539 5514 tuisque
1559 5442 1767 5498 successoribus

108 5546 345 5619 melopaeiae,
362 5546 574 5620 siquipuptioe
603 5549 744 5607 criminosi
760 5551 804 5606 pel
836 5550 913 5607 inge.
970 5535 1112 5592 etillibuta
1128 5546 1318 5608 permancant.
1345 5540 1374 5593 ln
1391 5538 1488 5611 quibus
1499 5540 1560 5596 haec
1581 5541 1700 5612 propriis
1715 5558 1767 5596 nu·

110 5633 196 5696 mosi
208 5634 240 5692 in
253 5633 387 5707 parocbia
414 5642 460 5693 tua
473 5635 585 5707 fuerint,
601 5638 740 5697 Lucanum
755 5640 916 5714 episcopum
970 5634 1089 5692 minibus
1117 5635 1270 5695 adnotanda
1298 5636 1470 5709 :injunximus
1499 5656 1505 5693 :
1533 5639 1564 5695 lu
1581 5638 1719 5695 Placentia
1740 5637 1768 5694 in
