3750 6000
88 221 124 273 65
692 209 868 271 aristote*
887 212 932 270 ΕΤ
951 212 1152 273 ratvttaeta
1714 226 1749 282 oe

88 344 161 400 lecto
178 342 210 398 iu
229 339 335 399 Christo
361 337 417 397 filio
437 338 580 397 Suaennro
598 338 690 396 abbati
709 338 738 395 S.
762 339 893 412 Dionysii,
909 341 936 402 Α
950 340 1043 397 usibus
1057 339 1221 397 omnimodis
1235 341 1383 413 profutura.
1398 341 1493 400 Omnis
1507 360 1572 402 vere
1591 346 1677 403 abbas
1691 359 1752 420 post

89 431 211 489 atatem
226 438 254 486 et
268 428 442 502 apostolicam
455 429 681 486 benedictionem.

126 522 237 592 Corpus
263 518 395 576 Ecclesiae
413 518 464 574 Dei
492 527 554 574 tuuc
573 519 666 591 procul
681 516 763 575 dnbio
789 533 897 574 conser-

88 618 171 668 vatur
195 608 343 676 incolume,
375 614 403 664 et
429 608 518 678 prima
546 606 651 675 mediis,
686 606 775 662 media
802 607 896 678 primis

89 707 185 764 sociali
205 705 308 762 foedae
328 704 540 777 conjunguntur,
559 704 582 759 si
601 720 662 775 quae
681 702 895 773 apraadeeesso-

88 796 167 853 ribus
197 794 297 850 uostris
328 793 458 849 llomanis
492 791 664 866 pontificibus
699 792 896 848 rationabiliter

87 892 190 940 statuta
208 890 280 951 sunt,
311 898 327 938 a
354 881 433 937 uobis
461 890 488 938 et
515 881 713 938 successoribus
728 880 825 937 nostris
844 897 895 935 nu-

88 983 215 1040 ctoritste
241 981 391 1053 apostolica
416 980 589 1037 roborentur.
626 979 767 1050 Quocirca,
799 979 895 1035 dilecte

90 1074 118 1127 iu
129 1071 251 1127 Domino
269 1069 307 1124 tili
325 1069 444 1143 Suggeri
459 1069 554 1137 abbas,
580 1069 772 1127 monasterium
791 1071 895 1140 Argeu-

92 1160 205 1229 tenlum,
226 1175 243 1215 a
264 1157 414 1216 venerabili
442 1158 526 1215 fratrc
544 1166 635 1215 nostro
655 1157 791 1229 Stephano
816 1156 895 1212 Pari-

92 1248 174 1305 sieusi
187 1249 328 1320 episeopo,
356 1248 384 1303 in
403 1248 546 1319 prasentia
573 1247 768 1304 venerabilium
783 1246 895 1301 fratrum

93 1346 247 1394 noseorum
275 1337 395 1393 hlatthaei
413 1336 573 1392 albanensis
591 1335 723 1408 episcopi,
748 1343 810 1392 tuuc
824 1351 895 1407 apo-

95 1426 197 1482 stolieae
222 1424 295 1482 sedis
326 1425 418 1498 legati,
448 1424 572 1480 Ruiualdi
592 1424 732 1482 deniensis
759 1424 895 1495 archiepi-

97 1523 179 1596 sanpi,
200 1522 333 1579 Gaulredi
351 1522 532 1589 carnotensis,
567 1521 676 1578 Goslcni
697 1522 896 1579 suessionensis

97 1614 296 1684 episcoporum,
320 1611 473 1666 interventu
490 1611 639 1667 charissimi
659 1609 706 1665 lilii
735 1610 817 1667 nostri
842 1611 896 1666 Ln-

951 437 977 486 te
996 429 1042 500 qui
1057 445 1073 485 a
1086 429 1298 502 congregatione
1326 430 1447 502 ejusdem
1467 434 1584 491 coeuobii
1602 437 1750 492 secundum

951 517 1084 590 Regulam
1104 517 1175 574 beati
1196 518 1330 575 Benedicti
1362 522 1462 578 electus
1480 523 1569 591 luerit,
1594 524 1750 583 allomane

951 607 1080 678 pontifice
1101 608 1143 663 rel
1158 624 1174 662 a
1190 624 1243 678 quo
1255 610 1388 678 nrnluorit,
1400 612 1538 668 Catholico
1550 613 1678 687 episeopo
1687 631 1751 671 cou-

950 710 1080 757 secratur.
1101 702 1276 772 l‘raecipimus
1302 721 1407 776 quoque
1432 707 1588 762 auctoritate
1603 711 1751 778 apostolica
1817 736 1824 747 ⁸

949 806 984 845 nc
999 790 1059 861 quis
1073 791 1261 863 episcoporum
1278 793 1378 862 oleum,
1395 796 1522 862 chrisma,
1537 796 1750 869 benedictiones,

949 880 1176 948 consecrationes,
1192 880 1301 936 ordines
1318 883 1360 938 rel
1376 900 1542 955 quaecunque
1557 901 1590 941 ex
1605 885 1751 958 pontificali

950 967 1099 1025 ministerio
1132 977 1194 1025 sunt
1230 973 1381 1027 necessaria
1408 973 1448 1028 eis
1480 974 1523 1028 vel
1553 977 1751 1033 successoribus

949 1071 1042 1112 eorum
1061 1056 1189 1130 deneget.
1209 1059 1302 1115 Missas
1323 1060 1422 1131 itaque,
1443 1061 1635 1134 ordinationes,
1655 1065 1750 1122 statio-

949 1170 1007 1222 nes,
1022 1154 1057 1209 ab
1072 1154 1146 1211 omui
1167 1155 1295 1229 episcopo
1309 1158 1352 1214 vel
1366 1159 1438 1214 clero
1453 1159 1609 1216 Parisiensis
1624 1162 1752 1220 Ecclesiae

949 1243 977 1297 in
993 1246 1089 1299 eodem
1104 1246 1268 1301 monasterio
1282 1253 1379 1317 praeter
1404 1249 1570 1304 voluntatem
1586 1250 1693 1307 abbatis
1708 1254 1752 1311 rel

950 1332 1170 1405 congegatinnis
1192 1332 1249 1388 lieri
1264 1334 1448 1406 prohibemus.
1468 1338 1526 1394 Nec
1553 1338 1670 1396 habeant
1698 1358 1751 1412 po-

950 1429 1074 1477 testatem
1098 1421 1135 1476 ibi
1151 1422 1252 1493 aliquid
1280 1423 1441 1494 imperandi,
1458 1427 1505 1483 sed
1523 1443 1573 1483 nee
1585 1427 1651 1498 ipsis
1665 1430 1750 1487 iuter·

950 1509 1051 1576 dicere,
1068 1527 1119 1566 uec
1132 1513 1378 1584 excommunicare,
1394 1530 1444 1570 uec
1457 1515 1492 1570 ad
1506 1516 1638 1587 senodum
1653 1534 1751 1577 vocare

951 1605 1078 1662 abbatem
1107 1615 1154 1663 aut
1184 1610 1340 1677 monachos,
1376 1610 1545 1682 presbyteros
1572 1620 1617 1668 aut
1640 1613 1752 1673 clericos

97 1701 164 1759 doioi
177 1700 291 1756 illustris
308 1706 337 1755 et
362 1699 475 1772 gloriosi
503 1699 666 1755 Francomm
694 1700 777 1772 regis,
806 1699 852 1754 tibi
872 1708 899 1754 et
912 1703 939 1763 Β
953 1695 1124 1751 ecclesiarum
1144 1697 1228 1768 ipsius
1256 1697 1307 1752 loci
1336 1698 1490 1756 facultatem
1509 1701 1617 1758 damus.
1641 1700 1670 1759 Si
1698 1721 1751 1775 qua

96 1789 257 1848 manasterio
295 1796 341 1844 tuo
377 1804 544 1857 concessum,
574 1795 602 1844 et
638 1804 688 1859 pre
725 1786 899 1844 reformanda
951 1783 1033 1856 igitur
1047 1785 1074 1839 iu
1097 1785 1215 1840 futurum
1231 1786 1411 1843 ecclesiastica
1437 1778 1607 1847 secularisve
1624 1807 1750 1862 persona,

96 1879 193 1936 ibidem
207 1878 342 1952 religione
361 1877 591 1949 apraedeeessore
620 1886 710 1934 nostro
736 1876 822 1933 ielicis
837 1894 898 1932 me·
952 1873 1021 1928 hanc
1040 1880 1139 1929 nostrae
1171 1875 1368 1931 constitutionis
1386 1877 1514 1950 pagiuam
1542 1879 1639 1949 sciens,
1658 1890 1752 1940 conus

97 1976 186 2033 ,nm-12
206 1990 280 2048 papa
293 1972 414 2032 Hom-50
433 1973 636 2042 confirmatum,
658 1974 814 2045 apostolica}
828 1973 900 2030 sedis
951 1977 1012 2017 eam
1045 1968 1146 2018 umere
1177 1963 1270 2019 venire
1303 1967 1443 2022 tentaverit
1484 1968 1602 2024 secundo
1639 1970 1751 2028 tertiove

98 2065 245 2121 munimine
271 2063 439 2132 roboramus,
472 2072 499 2120 et
525 2062 656 2120 illibatum
677 2062 772 2121 tuturis
790 2069 897 2134 tempo·
950 2058 1124 2124 commonita,
1146 2059 1168 2115 si
1182 2076 1236 2115 non
1261 2060 1441 2118 satisfactione
1470 2079 1589 2137 congrua
1617 2067 1750 2124 euraudu-

98 2155 167 2209 ribus
180 2169 293 2209 mouere
307 2153 479 2209 deceruimus
493 2153 562 2224 (16).

131 2244 228 2298 Datim
243 2242 364 2298 cluniaci
380 2257 408 2297 rs·
421 2241 514 2297 Nonas
527 2239 703 2297 Novembris.

462 2343 537 2399 Xlll.

176 2437 260 2494 Ralla
273 2450 325 2508 pro
339 2433 454 2490 ablutio
468 2433 499 2490 S.
516 2432 651 2490 Germani
663 2432 697 2489 de
710 2432 816 2489 Pretio.

329 2523 419 2594 (Anno
435 2524 514 2591 1130,
534 2522 607 2577 Nor.
628 2525 666 2585 3.)

103 2624 280 2693 [Romanunm
306 2621 427 2677 Histoire
454 2620 488 2676 de
502 2619 733 2677 saint-Germnia
756 2619 804 2676 des
819 2620 896 2686 Pras,

361 2724 469 2778 praua,
485 2723 514 2779 p.
529 2705 637 2780 xxxva]

131 2828 327 2882 teneremus
341 2823 497 2895 episcopus,
513 2839 606 2880 servus
620 2839 760 2880 serrorum
777 2823 837 2890 Dei,
852 2823 897 2879 di-

99 2915 165 2972 lecto
179 2914 236 2971 lilio
252 2915 365 2971 llucoru
380 2912 473 2970 abbati
485 2912 640 2968 monasterii
664 2911 755 2968 Sancti
770 2912 898 2968 Germam

99 3013 239 3069 Parisiaeoe
253 3011 328 3067 urbis
346 3009 477 3084 episcopi,
507 3009 617 3081 ejusque
645 3010 843 3067 successoribus
870 3010 899 3065 iu

99 3110 269 3174 perpetuum.

120 3186 245 3261 'Quoties
273 3189 337 3245 illud
351 3205 368 3246 a
382 3186 462 3246 nobis
475 3189 574 3258 petitur
588 3187 660 3259 quod
674 3188 771 3245 rationi
798 3203 904 3261 coguo-

98 3281 180 3336 scitur
192 3278 350 3345 convenire,
367 3277 460 3334 auimo
474 3293 523 3333 nes
544 3277 623 3333 decet
635 3277 730 3333 libenti
743 3277 894 3335 concedere
897 3331 905 3361 r

100 3377 125 3426 et
143 3369 293 3441 petentium
321 3366 463 3424 desideriis
475 3382 626 3440 congruum
655 3367 786 3438 impertiri
806 3365 905 3423 suffra-

100 3459 185 3532 gium.
216 3457 275 3512 lloc
302 3456 430 3511 nimirum
460 3455 597 3511 charitatis
624 3455 730 3521 intuitu,
759 3456 858 3512 dilecte
877 3457 905 3510 iu

102 3546 218 3602 Domino
238 3543 276 3599 iili
305 3546 385 3617 lingo
405 3544 499 3614 abhas,
528 3545 721 3601 monasterium
741 3545 815 3601 beati
835 3544 905 3600 Ger-

105 3635 186 3702 mani,
201 3634 245 3690 rui
266 3634 323 3690 Deo
351 3641 460 3688 auctore
476 3632 614 3706 praesides,
647 3649 709 3689 cum
726 3634 852 3690 omnibns
871 3633 906 3688 ad

103 3724 190 3795 ipsum
219 3721 417 3794 pertinentibus
448 3722 499 3778 sub
516 3721 589 3778 beati
619 3722 690 3777 Petri
710 3723 818 3778 tutelam
838 3738 905 3794 pro·

105 3811 301 3882 tadonemque
324 3810 487 3883 suscipimus
500 3818 528 3866 et
555 3811 712 3883 apostolicae
726 3811 798 3866 sedis
812 3819 905 3882 patro-

104 3900 175 3956 cinio
190 3899 405 3956 commuuimus.
426 3900 477 3955 Per
494 3899 635 3971 prasentia
662 3900 753 3970 itaque
771 3899 906 3972 privilegii

104 3986 234 4058 pagiuam
262 3984 309 4041 tibi
343 3985 448 4055 tuisque
466 3983 667 4040 successoribus
690 3984 718 4039 in
745 3994 906 4055 perpetuum

104 4073 305 4142 eoniimnamus,
327 4080 358 4129 ut
388 4088 555 4144 quaecuuque
588 4072 720 4141 libertas3
740 4088 906 4145 quaecunque
971 4126 976 4137 ,

104 4169 222 4243 dignitas
236 4169 380 4242 privilegio
407 4168 480 4225 beati
502 4169 642 4238 Germani,
670 4169 777 4243 seriptis
795 4169 906 4226 Childe-

104 4257 183 4326 berti,
199 4258 328 4316 clotharii
356 4266 437 4330 atqua
452 4259 565 4314 aliomm
594 4274 690 4331 regum
729 4259 905 4329 Francorum,

105 4355 194 4402 restro
224 4346 388 4402 monasterio
416 4346 514 4402 collata
541 4353 591 4412 est,
625 4363 791 4419 quecunque
822 4348 905 4417 bona,

105 4450 273 4505 quacunque
314 4435 497 4506 possessiones
533 4435 709 4491 concessione
736 4419 944 4506 pontificuml)

106 4523 267 4580 liberalitate
293 4522 446 4596 principum
478 4523 521 4578 val
549 4523 684 4580 oblatione
713 4521 833 4580 fidelium
870 4525 905 4581 ad

107 4611 179 4669 idem
206 4611 362 4669 ooenobium
396 4612 529 4684 pertinere
556 4619 711 4682 noscuntur,
740 4628 905 4684 quaecunque

107 4703 189 4757 etiarn
203 4702 231 4756 in
248 4701 367 4756 futurum
379 4700 452 4771 juste
466 4708 546 4772 atque
574 4701 703 4757 canonice
727 4702 825 4773 poterit
843 4702 905 4758 adi-

108 4789 183 4862 pisci,
211 4788 290 4845 lirma
318 4788 367 4844 tibi
396 4789 500 4860 tuisque
523 4789 720 4845 successoribus
751 4797 781 4846 et
803 4789 906 4847 illibata

107 4885 292 4952 permaneant.
309 4878 485 4933 Decernimus
512 4894 578 4951 ergo
593 4885 622 4933 ut
636 4878 701 4933 nulli
716 4878 826 4934 omnino
854 4881 905 4936 ho-

106 4969 209 5033 minum
225 4966 304 5022 liceat
322 4965 465 5039 praeratum
493 4965 686 5023 monasterium
715 4974 815 5023 temere
842 4984 906 5040 per·

106 5055 223 5119 mrbarc,
239 5062 285 5110 aut
298 5054 358 5125 ejus
385 5054 568 5126 possessiones
586 5055 702 5122 auferre,
733 5055 776 5112 rel
803 5056 908 5112 ablatas

103 5145 230 5214 retinere,
246 5143 380 5210 minuere,
411 5144 454 5200 vel
470 5145 617 5202 temerariis
646 5145 833 5201 vexationibus
861 5145 906 5200 in-

103 5233 212 5302 iectare,
228 5233 276 5289 sed
290 5232 385 5289 omnia
400 5232 506 5306 integra
528 5240 721 5291 conserventur
734 5247 840 5310 corum,
857 5250 906 5305 pro

104 5337 218 5394 quorum
233 5321 428 5379 auhumuoue
442 5329 468 5377 et
477 5322 674 5394 gubernatione
689 5337 817 5378 consessa
831 5330 902 5391 suut,

140 5466 197 5536 (ts)
210 5465 414 5549 ilauegruliam
424 5472 451 5521 et
459 5465 566 5538 insigne
575 5428 748 5592 privilegium
761 5463 917 5547 reportarit·

107 5537 237 5611 Sugarius
249 5554 284 5595 ex
297 5537 395 5593 itinere
409 5553 473 5607 quo,
489 5544 549 5606 post
597 5543 736 5608 tampouse
750 5537 905 5604 coueihum,

107 5609 243 5683 legatione
255 5610 365 5666 iuratus
392 5609 465 5681 regis
478 5607 607 5664 ludovici
636 5609 709 5677 1’1,ι
732 5607 909 5680 susceptionis

951 2146 1028 2215 verit,
1054 2148 1194 2218 potestatis
1225 2151 1389 2223 honorisque
1417 2152 1458 2207 sui
1491 2153 1621 2224 dignitate
1648 2167 1749 2231 careat,

951 2250 1080 2306 reamque
1107 2253 1135 2291 so
1163 2235 1264 2292 divinia
1280 2237 1385 2307 judicio
1409 2240 1523 2296 existere
1550 2242 1584 2297 de
1598 2252 1750 2316 perpetrata

950 2322 1091 2393 iniquitate
1117 2333 1272 2397 cognoscat,
1294 2333 1320 2381 ot
1345 2343 1360 2382 a
1388 2328 1567 2385 sacratissimo
1585 2346 1697 2401 corpore
1723 2342 1749 2390 et

951 2412 1083 2484 sanguine
1100 2414 1150 2468 Dei
1171 2421 1198 2468 et
1225 2414 1333 2470 Domini
1362 2416 1549 2488 Redemptoris
1577 2419 1660 2476 nostri
1688 2422 1751 2479 lesu

952 2500 1048 2556 Christi
1064 2502 1152 2557 aliena
1184 2500 1240 2571 fiat,
1260 2510 1339 2575 atquo
1358 2503 1385 2559 in
1413 2512 1534 2562 extremo
1563 2509 1691 2567 examine
1705 2512 1751 2566 di·

951 2598 1049 2655 strictae
1062 2598 1158 2655 ultioni
1172 2600 1321 2671 subjaceat.
1353 2602 1460 2657 Cunctis
1478 2612 1567 2660 autem
1587 2604 1674 2662 eidem
1689 2607 1750 2665 loco

949 2686 1022 2757 justa
1036 2688 1205 2743 servantibus
1228 2688 1262 2744 sit
1275 2705 1329 2759 pax
1345 2690 1453 2746 Domini
1468 2694 1551 2748 nostri
1566 2694 1628 2749 lesu
1642 2696 1750 2763 Christi,

952 2783 1082 2845 quatenus
1097 2784 1123 2832 et
1137 2776 1180 2832 hie
1195 2778 1309 2832 fructum
1329 2778 1408 2835 bona
1421 2780 1534 2837 actionis
1548 2782 1698 2855 percipiant
1725 2793 1751 2841 et

891 2911 897 2923 .
952 2863 1024 2935 apud
1038 2864 1185 2921 districtum
1212 2866 1332 2924 ludieem
1354 2870 1466 2940 praemia
1480 2877 1588 2927 aeternae
1611 2872 1685 2944 pacis
1711 2875 1751 2929 in·

951 2964 1071 3019 veniant.
1088 2967 1181 3019 Amen.

913 3061 938 3126 ο
987 3052 1048 3125 Ego
1075 3053 1247 3109 innocentius
1275 3055 1420 3112 Catholicae
1448 3057 1578 3117 Ecclesia
1606 3061 1749 3136 episcopus

955 3157 1005 3214 sig.

991 3232 1050 3304 Ege
1061 3231 1215 3287 Willelmus
1229 3232 1407 3289 Praenestinus
1420 3235 1561 3309 episcopus
1574 3239 1625 3312 sig.

991 3320 1050 3393 Ego
1064 3321 1205 3377 llatthaeus
1217 3320 1376 3377 dlbaneusis
1391 3324 1535 3397 episcopus
1549 3327 1602 3400 sig.

991 3409 1050 3481 Ego
1065 3409 1182 3465 Ioannes
1196 3410 1326 3467 Ostiensis
1340 3412 1483 3484 episcopus
1496 3415 1548 3488 sig.

991 3498 1050 3570 Ego
1075 3498 1164 3554 Gnido
1179 3498 1307 3555 diaeonus
1334 3500 1478 3557 cardinalis
1500 3503 1752 3566 sinceritatem

957 3587 1005 3643 Via
1018 3587 1096 3643 Lata.

990 3675 1051 3749 ligo
1080 3677 1196 3731 loannes
1225 3677 1291 3732 tituli
1321 3679 1413 3735 Sancti
1443 3679 1588 3756 Grisogeni
1614 3687 1753 3759 presbyter

955 3765 1099 3820 cardinalis
1113 3765 1165 3838 sig.

991 3861 1049 3933 Ego
1063 3861 1178 3917 Uberius
1197 3862 1337 3933 presbyter
1363 3863 1467 3921 cardin.
1491 3864 1561 3924 tituli
1588 3868 1679 3929 Sancti
1694 3871 1753 3929 Cle-

956 3949 1053 4004 mentis
1066 3948 1119 4022 sig.

992 4038 1049 4111 Fgo
1064 4038 1202 4110 presbyter
1228 4037 1371 4096 cardinalis
1387 4039 1454 4097 tituli
1479 4043 1585 4103 Sancte
1608 4050 1754 4108 Anastasia

955 4143 1008 4201 sig.

993 4217 1051 4289 Ego
1079 4215 1202 4273 Joslenus
1230 4216 1368 4289 presbyter
1394 4219 1620 4280 cardinalistituli
1649 4225 1755 4285 Sancte

956 4303 1084 4361 Caeciliae.

994 4394 1062 4449 Data
1076 4393 1197 4450 Cluniaoi
1211 4409 1260 4464 per
1273 4411 1384 4451 manum
1399 4396 1505 4454 imerici
1513 4409 1613 4459 mactae
1625 4402 1755 4463 domeure

959 4481 1086 4538 Ecclesia
1117 4480 1224 4538 diaconi
1252 4482 1396 4540 cardinalis
1422 4494 1449 4542 et
1471 4490 1637 4560 cancellarii,
1679 4496 1756 4551 tertio

957 4571 1051 4627 Nonas
1077 4571 1249 4640 Novembris,
1283 4572 1429 4630 indictione
1467 4592 1526 4648 vin,
1565 4581 1757 4639 lucas-untionis

959 4659 1109 4716 unminica
1141 4676 1212 4716 anno
1250 4661 1394 4718 millesimo
1430 4667 1578 4724 centesimo
1611 4670 1754 4739 uicesimo,

960 4746 1127 4819 pontificatus
1141 4746 1234 4802 domui
1249 4749 1397 4805 iunocentii
1411 4765 1491 4822 papae
1518 4755 1543 4808 11
1571 4770 1642 4811 anno
1655 4757 1754 4826 prime

1315 4872 1401 4929 xt'tt.

961 4960 1107 5018 bonarios
1117 4977 1167 5034 pro
1180 4961 1349 5018 rnenialihcs
1366 4962 1577 5022 substitutorem
1589 4969 1712 5031 cenobio
1726 4971 1756 5028 S.

1121 5051 1214 5107 tlnrioe
1238 5049 1420 5107 laudunensi
1434 5051 1596 5121 confirmet.

1192 5157 1280 5227 (anno
1304 5159 1383 5226 trau,
1399 5158 1470 5216 Nos.
1487 5161 1527 5231 t.)

1141 5255 1253 5324 [limen
1272 5254 1398 5324 concil„
1413 5255 1490 5325 XXI,
1507 5259 1581 5332 3111

998 5363 1189 5418 lenocaamus
1216 5360 1368 5433 episcopus,
1405 5378 1499 5421 servus
1532 5381 1671 5425 serremm
1697 5369 1757 5440 Dei,

963 5471 990 5520 et
1017 5463 1118 5520 servitii
1146 5458 1289 5544 primitias¹
1306 5463 1427 5520 Cluuiaci
1450 5465 1475 5522 ei
1505 5466 1673 5538 (innocentio
1747 5489 1761 5530 r

964 5551 1015 5618 nes
1030 5535 1199 5608 delegarit»
1217 5535 1302 5605 inquit
1322 5535 1451 5608 Sugerlus
1467 5536 1565 5607 ipsein
1585 5540 1646 5597 Vita
1667 5473 1760 5601 lufg-

964 5623 1027 5664 vrci.
1329 5632 1331 5636 ,
