3772 6006
109 246 160 306 stt

749 247 956 310 trinoctium
976 254 1000 312 ll
1016 255 1112 314 Para

1700 265 1754 321 351

109 387 178 448 ergo
192 372 347 448 episcopo·
356 372 448 431 abbati
471 371 515 429 vel
545 370 631 446 priori
659 372 741 431 liceat
766 376 906 449 protessus
920 381 948 442 Α
997 382 1059 456 Ego
1072 386 1121 442 lvo
1134 383 1209 442 diac.
1225 384 1302 443 card.
1320 385 1348 443 S.
1365 383 1458 442 Maria
1471 383 1499 441 in
1513 382 1632 460 Aquiro.

109 470 216 521 vestros
243 462 393 521 canonicos
421 463 479 520 sire
507 476 668 529 conversos,
692 462 796 536 absque
817 464 906 523 libera
996 473 1055 546 Ego
1070 473 1104 529 G.
1121 472 1155 529 G.
1172 473 1248 530 card.
1263 475 1292 532 S.
1308 472 1423 546 Angeli.

109 550 332 626 licentiapraelati
347 551 390 608 sui
404 550 556 624 suscipere.
579 551 616 606 Et
637 550 756 623 idipsum
783 555 905 611 auctori·

993 564 1051 634 Ego
1066 561 1205 619 (letardus
1219 562 1289 620 diac.
1315 561 1391 620 card.
1403 562 1433 619 S.
1449 562 1543 620 llariae
1557 562 1585 618 in
1596 564 1751 623 Dominica.

108 647 162 697 tate
184 640 334 712 apostolica
359 640 547 713 prohibemus,
576 640 687 712 nequis
715 649 827 699 attentet
841 658 905 715 pro·
994 653 1091 708 Datum
1114 651 1238 708 Laterani
1265 668 1315 723 per
1338 667 1435 708 manus
1462 652 1590 709 atmerici
1618 652 1647 709 S.
1671 653 1703 711 ll.
1720 655 1753 711 li.

109 728 238 784 fessionis
252 738 351 785 vestrae
365 729 472 802 aliquos
493 728 569 785 tobis
592 728 685 785 inritis
705 743 774 786 ausu
788 739 905 788 temera·

959 732 1106 789 cardinalis
1118 732 1286 800 cancellarii,
1301 749 1317 787 r
1331 731 1393 788 llal.
1417 731 1529 802 Aprilis,
1554 732 1652 789 indict.
1672 750 1690 802 r,
1706 735 1755 789 ln-

106 815 147 873 rio
160 816 289 873 retinere.
309 819 442 875 Praeterea
458 818 535 874 vobis
552 826 713 889 potestatem
732 820 905 876 attribuimus
958 837 1035 879 cam.
1054 821 1204 878 Dominicis
1218 835 1264 878 an.
1280 823 1358 892 1137,
1383 818 1559 896 pontificatus
1581 837 1649 880 aero
1663 823 1696 878 b.
1708 823 1753 878 ln-

106 903 239 978 lugitivos
267 914 376 962 vestros
403 923 491 980 usque
518 907 583 962 dum
621 907 767 964 redeuntes
795 907 905 967 salbia-

106 992 188 1061 ciant,
202 994 496 1052 excommnuicationis
510 994 646 1052 sententia
661 995 805 1055 innodare.

140 1082 239 1139 Datum
255 1082 381 1138 Laterani
392 1098 430 1138 ιιι
444 1082 584 1140 Kalendas
598 1083 711 1157 Aprilis.

451 1181 562 1238 CCCVI.

105 1272 238 1334 tertiato
251 1278 278 1335 S.
288 1277 411 1337 llorlttni
418 1279 571 1351 Esquiline
581 1279 783 1338 canonicorum
798 1296 903 1353 posses·

368 1353 461 1408 amnas
475 1351 635 1420 corfinum.

325 1451 417 1522 (auno
433 1448 513 1519 1138,
530 1449 611 1504 llart.
624 1449 682 1519 13.)

262 1545 410 1619 [Uenacus.
427 1545 512 1602 ltotio
525 1561 618 1613 sacro,
634 1546 655 1613 l,
672 1545 752 1619 616.]

140 1639 330 1699 maceratns
345 1642 503 1715 episcopus,
520 1658 617 1698 servus
632 1657 775 1699 servorum
791 1642 851 1710 Ilei,
864 1640 904 1698 di·

958 911 1076 968 nocentii
1091 927 1169 986 papae
1185 911 1207 967 ll
1222 927 1269 968 an.
1284 928 1321 968 rr.

1291 1000 1418 1091 cantu.

957 1161 1140 1233 Priuilepinm
1152 1159 1185 1218 dc
1203 1160 1330 1288 eccloaig’r
1343 1157 1470 1288 episeopo
1487 1159 1643 1217 Porisienri
1656 1158 1751 1231 subje-

1289 1248 1304 1288 c
1318 1249 1353 1302 rr,
1369 1247 1426 1290 ec.

1177 1356 1270 1425 (Anno
1286 1359 1365 1423 ttae,
1380 1356 1529 1427 blumii)

1097 1452 1184 1527 [coll.
1205 1452 1311 1510 Christ.
1326 1451 1385 1523 vll,
1403 1452 1529 1509 lastmm.
1552 1449 1610 1525 tt]

990 1551 1184 1607 tanocarrrms
1208 1550 1361 1623 episcopus,
1390 1566 1488 1607 serras
1511 1564 1659 1606 servorum
1688 1547 1750 1615 Dei,

955 1635 1108 1693 venerabili
1136 1635 1214 1691 tratri
1249 1637 1398 1691 Saaraano
1426 1635 1557 1708 episcopo
1596 1633 1750 1702 Parisiensi,

104 1726 183 1787 lectis
196 1728 259 1787 liliis
272 1733 431 1787 Sanamem
445 1731 602 1804 praeposito,
630 1730 745 1803 ejusque
768 1731 900 1787 lmtribua
914 1742 941 1803 Β
955 1725 1070 1798 ejusque
1084 1723 1289 1783 srrccesaoribus
1299 1723 1427 1781 canonice
1436 1722 1633 1797 promovendis
1645 1721 1675 1778 ia
1689 1738 1754 1794 per·

103 1816 133 1874 in
147 1817 265 1876 ecclesia
280 1819 444 1876 cathedralis
458 1819 533 1876 sedis
555 1820 584 1874 B.
610 1819 727 1875 Mariani
748 1818 901 1893 Eugubinae

106 1906 225 1963 civitatis
239 1908 445 1977 famulantibus,
461 1914 517 1965 tam
532 1907 713 1980 praesentibus
728 1923 809 1982 quam
824 1907 900 1964 lutu-

106 1994 146 2051 ris
158 1995 187 2050 in
200 2004 373 2070 perpetuum.

141 2089 196 2148 Piae
221 2092 368 2164 postulatio
395 2091 542 2150 voluntatis
574 2091 672 2150 effectu
698 2092 781 2151 debet
807 2108 902 2164 prosc·

106 2189 205 2254 quante
227 2182 371 2254 compleri,
391 2190 421 2238 ut
434 2190 461 2239 et
490 2180 580 2238 tidelia
606 2180 716 2240 devotio
730 2181 903 2238 laudabiliter

106 2268 246 2338 enitescat,
276 2278 302 2325 et
330 2270 432 2326 utilitas
461 2271 599 2343 postulata
622 2272 696 2328 vires
720 2271 904 2327 indubitanter

105 2366 235 2415 assumat.
250 2360 410 2432 Eapropter,
427 2360 519 2418 dilecti
533 2360 561 2415 in
577 2360 696 2416 Domino
709 2358 768 2428 filii,
783 2360 904 2432 postula·

105 2445 224 2503 tionibus
246 2449 344 2505 vestris
370 2449 521 2506 clementer
548 2448 718 2520 impertimur
746 2463 903 2515 assensum,

106 2543 134 2592 ct
146 2536 290 2594 ecclesiam
307 2539 339 2593 B.
358 2538 481 2607 lllarlani,
497 2537 524 2593 in
538 2553 591 2610 qua
613 2537 713 2592 divinis
737 2536 803 2592 estis
820 2539 904 2593 obse-

105 2622 176 2696 quiis
190 2625 343 2698 mancipati,
373 2625 515 2698 apostolici
537 2625 675 2698 privilegii
702 2626 806 2698 pagina
829 2640 904 2681 com-

105 2713 257 2784 munimus,
273 2721 421 2771 statuentes
448 2721 477 2770 ut
495 2730 673 2788 quascunque
698 2715 903 2786 possessiones,

106 2816 276 2875 quaecunque
290 2801 360 2858 bona
376 2803 450 2860 idem
465 2803 541 2860 locus
556 2801 806 2875 impresentiarum
822 2818 906 2859 cano·

106 2888 167 2947 uice
180 2889 311 2962 possidet,
338 2898 387 2947 eut
408 2891 436 2946 in
458 2889 575 2946 futurum
604 2893 782 2948 concessione
797 2889 906 2964 pontili-

106 2993 180 3050 cum,
206 2977 353 3052 largitione
382 2995 478 3053 regum
503 2979 546 3037 vel
573 2980 737 3053 principum,
767 2980 905 3037 oblatione

954 1823 1076 1888 petuam.

990 1911 1099 1983 Quanto
1114 1911 1215 1968 nobilis
1229 1918 1255 1968 el
1265 1909 1554 1983 gloriosaPariaiensis
1564 1908 1689 1968 Ecclesia
1698 1924 1749 1982 pro

956 2002 1022 2059 sede
1032 2002 1106 2074 regis
1121 2003 1285 2057 Francomm
1305 2001 1395 2057 existit
1418 1999 1560 2067 lamosior,
1575 2008 1603 2056 et
1616 1998 1645 2054 in
1657 2013 1750 2054 amore

956 2098 984 2148 et
997 2091 1149 2148 reverentia
1164 2090 1199 2146 B.
1212 2089 1248 2146 P.
1262 2098 1290 2147 el
1303 2091 1332 2146 S.
1357 2091 1389 2146 li.
1413 2088 1557 2158 Ecclesiae,
1586 2086 1752 2145 venerabilis

956 2179 1036 2238 irater
1063 2179 1203 2252 Stephane
1229 2179 1368 2252 episcope,
1403 2178 1556 2235 manifestis
1584 2175 1754 2250 argumentis

956 2277 1048 2327 exstas
1061 2268 1197 2334 devotior,
1213 2275 1288 2324 tanto
1315 2266 1477 2339 propensius
1504 2267 1533 2322 in
1561 2267 1605 2322 his
1633 2281 1694 2338 quae
1718 2263 1754 2320 sd

956 2357 1098 2431 utriusque
1108 2355 1444 2414 decusetemolumentum
1455 2364 1582 2427 spectare
1592 2359 1754 2422 noscuntur,

956 2456 1048 2521 optata
1063 2446 1194 2520 suffragia
1222 2446 1405 2519 impertimur.
1435 2445 1563 2516 Ideoque,
1592 2442 1755 2502 clarissime

958 2535 1042 2593 irater
1056 2537 1203 2607 Stephane,
1226 2534 1433 2592 rationabilibus
1452 2532 1679 2605 postulationibus
1702 2529 1755 2586 tuis

956 2627 1113 2698 praebentes
1132 2640 1288 2691 assensum,
1317 2638 1488 2697 quaecunque
1516 2621 1678 2678 Parisiensis
1703 2620 1756 2675 lic·

958 2715 1043 2774 clesia
1056 2715 1302 2788 impraesentiamm
1313 2713 1388 2783 juste
1412 2722 1439 2768 et
1467 2712 1599 2769 canonice
1619 2710 1753 2783 possidet,

958 2814 1004 2862 ant
1018 2803 1179 2860 inlaturum
1208 2803 1387 2860 concessione
1408 2801 1576 2873 pontilicnm,
1594 2798 1755 2857 liberalitate

957 2910 1066 2969 regum,
1093 2893 1238 2966 largitione
1267 2891 1432 2964 principum,
1461 2890 1599 2947 oblatione
1621 2887 1754 2953 fidelium,

957 2983 1002 3041 ael
1015 2982 1075 3039 aliis
1086 2982 1167 3053 justis
1182 2980 1276 3046 titulis,
1292 2979 1354 3038 Deo
1367 2978 1496 3052 propitio,
1512 2979 1612 3051 poterit
1627 2976 1755 3049 adipisci,

107 3064 236 3135 fidetium,
274 3082 323 3124 seu
351 3068 412 3124 aliis
435 3068 518 3141 justis
545 3067 635 3125 modis
676 3077 822 3141 praestante
850 3069 1007 3162 llo-Ctibi
1021 3071 1128 3144 tuisque
1154 3069 1371 3136 successoribus,
1398 3077 1425 3126 et
1452 3084 1502 3140 per
1527 3084 1577 3124 ros
1605 3063 1757 3122 Parisiensi

106 3155 193 3225 mino,
208 3156 307 3229 poterit
321 3156 447 3230 adipisci,
464 3157 539 3213 lirma
554 3158 635 3214 vobis
660 3157 686 3213 in
704 3166 864 3230 perpetuum
877 3164 904 3213 et
956 3160 1091 3220 Ecclesia
1105 3158 1246 3232 apostolici
1260 3157 1417 3214 muniminis
1431 3156 1578 3229 privilegio
1596 3153 1755 3212 communi·

106 3242 212 3301 illibata
224 3254 401 3318 permancant
417 3261 423 3316 ;
440 3246 581 3320 inquibus
608 3248 666 3304 baec
688 3246 807 3318 propriis
822 3245 903 3302 duri·
958 3266 1029 3307 mos.
1046 3249 1190 3323 inquibus
1205 3249 1263 3304 haec
1285 3246 1405 3319 propriis
1420 3246 1546 3303 duximus
1571 3242 1757 3316 exprimenda

106 3348 169 3389 1⁰⁰⁸
191 3335 371 3408 exprimenda
398 3335 551 3401 V0⁰8bt¹liss
578 3335 688 3407 plebem
717 3335 846 3391 tidelitel
874 3334 902 3391 S·
957 3335 1404 3397 uocabulis:ecetesiamvideticet
1419 3336 1448 3393 S.
1464 3334 1597 3402 Marcelli,
1608 3331 1755 3390 ecclesiam

106 3420 221 3478 ³⁰²¹¹⁰i⁸
239 3423 274 3480 de
298 3424 422 3490 Ciuitate,
438 3424 547 3495 plebem
562 3424 591 3480 S·
607 3422 699 3480 Mili&
714 3424 831 3490 serilla·
847 3423 905 3495 Ple·
958 3430 987 3488 S·
1003 3428 1137 3493 Clodoali,
1153 3443 1217 3484 cum
1231 3424 1296 3482 villa
1310 3429 1338 3482 et
1353 3425 1483 3483 omnibus
1498 3423 1671 3496 appendiciis
1686 3421 1754 3487 suis,

107 3509 170 3566 bem
185 3511 220 3567 de
234 3512 369 3579 liaciano,
397 3511 507 3583 plebem
535 3511 563 3568 S.
594 3512 687 3568 lleriae
709 3511 745 3569 de
769 3510 903 3580 Gadiano,
958 3517 1102 3576 ecclesiam
1117 3517 1147 3572 S.
1172 3514 1300 3572 Germani
1326 3512 1584 3580 antissiodorensis,
1609 3510 1755 3568 ecclesiam

106 3614 169 3655 cum
183 3599 262 3672 plebe
279 3599 310 3655 S.
328 3601 425 3656 Donati
440 3609 467 3655 et
484 3600 515 3656 S.
535 3600 650 3666 Virinni,
666 3600 776 3672 plebem
791 3601 820 3657 S.
836 3601 905 3657 Ger·
958 3608 988 3666 s.
1003 3605 1096 3678 Eligii,
1112 3604 1257 3661 ecclesiam
1272 3618 1383 3677 quoque
1396 3602 1430 3659 de
1447 3601 1604 3673 campellis,
1617 3615 1679 3657 cum
1689 3615 1755 3672 prm

106 3688 184 3757 mil·
200 3696 303 3746 curtem
318 3689 353 3746 de
368 3689 471 3758 lamii.
498 3705 559 3746 ⁰um
588 3690 648 3745 aliis
672 3690 801 3745 munibus
814 3689 904 3746 eccle·
959 3695 1056 3753 bendis
1071 3702 1097 3749 et
1112 3694 1196 3749 tribus
1210 3692 1357 3764 parochiis,
1372 3691 1401 3746 id
1414 3698 1456 3746 eat
1468 3690 1503 3746 de
1518 3690 1547 3747 S.
1564 3689 1710 3755 blederico,
1721 3687 1756 3743 de

106 3776 165 3847 siis,
180 3792 214 3834 ac
224 3778 303 3833 bonis
317 3779 453 3850 praedicta
467 3778 593 3836 ecclesiae
616 3778 827 3851 pcrtinentibus.
851 3778 904 3834 bc·
959 3783 1078 3857 capella,
1094 3790 1122 3838 et
1135 3782 1170 3838 de
1186 3780 1267 3837 terris
1282 3778 1374 3836 eidem
1394 3779 1517 3836 ecclesiae
1541 3776 1755 3851 pcrtinentibus,

106 3866 243 3922 cemimus
271 3883 337 3941 ergo
367 3875 394 3922 ut
421 3867 489 3923 nulli
515 3867 626 3924 omnino
651 3869 793 3925 bominum
825 3867 906 3924 liceat
959 3872 1035 3930 „lvo
1049 3871 1174 3928 nimirum
1203 3884 1289 3926 censu
1315 3868 1430 3924 duomm
1458 3866 1611 3925 solidorum
1638 3872 1756 3922 monete

107 3955 249 4028 praelatam
265 3957 298 4011 B.
313 3957 427 4013 illuriani
442 3956 593 4013 Ecclesiam
616 3963 720 4013 temere
735 3957 903 4029 perturbare,
959 3961 1032 4019 illius
1046 3969 1138 4027 terrae,
1154 3958 1281 4016 videlicet
1296 3974 1358 4031 quas
1378 3959 1406 4013 in
1425 3957 1548 4029 partibus
1571 3956 1626 4011 illis
1650 3970 1758 4026 appen-

107 4051 157 4099 aat
167 4045 229 4115 ejus
242 4045 434 4118 possessiones
448 4043 567 4112 auferre,
589 4045 632 4101 rel
647 4045 752 4100 ablatas
775 4044 904 4112 renuere,
960 4050 1041 4117 ditur,
1057 4047 1210 4106 Sunonensi
1232 4047 1364 4104 Ecclesia
1377 4044 1529 4103 annualiter
1549 4041 1733 4116 persolvendo
1748 4059 1757 4110 ;

107 4132 239 4202 minuere,
255 4150 304 4190 seu
324 4134 490 4207 quibuslibet
512 4133 722 4207 fatigationibus
745 4134 903 4203 molestare,
960 4155 1020 4214 quoe
1036 4138 1163 4194 videlieet
1179 4137 1346 4209 supradictae
1361 4134 1622 4204 ecclesimadJuset
1633 4129 1760 4204 proprie-

108 4223 265 4280 ⁸⁰d0mflltt
286 4224 393 4296 inlecta
414 4231 611 4280 wsssertesslttl
628 4236 734 4289 eorum,
759 4236 811 4294 pto
838 4236 906 4293 <11¹0-
960 4236 1042 4285 tatem
1058 4227 1217 4283 Parisiensis
1232 4225 1355 4298 episcopi
1377 4233 1504 4298 spectare
1523 4228 1685 4279 noscuntur.
1708 4220 1757 4275 lus

108 4326 166 4367 ΝΠ]
179 4311 376 4384 Sibsslnflilffl‘e
395 4318 422 4366 0¹
447 4311 645 4366 ⁸¹¹³‘efll2‘i000
672 4317 735 4366 luni
761 4325 904 4378 ⁰⁰¹¹cet³⁵⁰s
960 4317 1042 4374 etiam
1058 4315 1215 4388 episcopale
1232 4314 1260 4370 in
1279 4313 1440 4385 subscriptis
1468 4311 1595 4375 abbatiis,
1618 4319 1644 4367 et
1663 4324 1757 4365 earum

109 4397 206 4455 usibus
232 4399 397 4456 omnimodis
424 4399 572 4469 prolatura.
601 4397 630 4454 Si
657 4413 712 4471 qua
740 4397 835 4472 igitur,
851 4407 903 4456 etc.
959 4406 1106 4479 parochiis,
1134 4421 1184 4462 seu
1213 4403 1391 4478 parochianis
1419 4401 1556 4465 omnibus,
1583 4398 1711 4456 uidelicet
1727 4397 1758 4452 in

108 4488 215 4546 Amen.
960 4495 1069 4552 abbatis
1096 4492 1286 4558 lanciacensi,
1315 4492 1343 4547 in
1383 4490 1491 4546 abbatia
1532 4487 1697 4553 l'ossuteasi,
1731 4485 1765 4548 in

146 4586 205 4659 Ego
219 4585 392 4643 Innocentius
410 4583 558 4642 Catholicae
571 4583 704 4642 Ecclesiae
713 4583 869 4657 episcopas.
962 4583 1071 4641 abbatia
1085 4581 1176 4638 Sancti
1189 4580 1325 4653 llaglorii,
1341 4580 1368 4636 in
1382 4578 1493 4636 abbatia
1516 4576 1608 4634 Sancti
1631 4575 1759 4642 Victoria,

146 4687 207 4759 ligo
221 4684 364 4741 conradus
381 4683 511 4750 Sabinou,
536 4683 682 4756 episcopus
696 4685 808 4757 propri.
821 4699 905 4739 manu
961 4673 991 4729 iu
1017 4671 1128 4728 abbatia
1155 4669 1233 4727 uallis
1257 4671 1363 4727 sancte
1390 4669 1494 4734 llarire,
1531 4667 1560 4722 in
1588 4664 1696 4722 abbatia
1725 4663 1760 4718 de

111 4775 301 4836 corroboravi.
963 4761 1093 4833 Sarneya,
1122 4759 1151 4815 in
1171 4758 1277 4814 abbatia
1306 4757 1563 4825 sanctimonialium,
1593 4752 1699 4810 scilicet
1725 4749 1761 4806 de

146 4876 207 4948 Ego
223 4875 317 4932 Petrus
330 4872 409 4932 card.
425 4872 519 4947 presb.
540 4871 570 4928 S.
584 4871 731 4930 Susaunre.

147 4972 209 5046 ligo
224 4971 378 5029 Bernardus
392 4971 493 5045 presb.
523 4969 601 5029 card.
627 4971 656 5028 S.
673 4968 769 5027 Crucis
792 4968 820 5024 ln
832 4968 910 5026 Jeru-

114 5061 211 5118 salem.

149 5160 209 5230 ago
221 5160 368 5216 Anselmus
381 5158 476 5232 presb.
491 5158 566 5216 card.
577 5157 605 5214 S.
617 5156 754 5214 Laurentii
764 5156 792 5213 in
798 5155 907 5214 Lucina.

965 4850 1056 4907 Monte
1069 4848 1232 4920 blartyrum,
1245 4855 1272 4903 et
1299 4844 1335 4902 de
1358 4843 1444 4915 llala;
1461 4845 1489 4899 in
1503 4844 1623 4900 ecelesia
1647 4843 1761 4913 insuper

964 4937 1131 5011 argenteoli.
1150 4937 1284 4992 emm-ea
1299 4941 1410 5006 pactum
1425 4940 1452 4990 et
1466 4931 1673 4990 conventionem
1688 4929 1761 4985 inter

965 5031 992 5084 le
1006 5035 1032 5083 et
1046 5026 1235 5083 charissimum
1249 5022 1333 5078 lilium
1349 5032 1472 5079 nostrum
1480 5020 1648 5078 ludovicum
1664 5034 1760 5090 regem

965 5114 1133 5173 Francorum
1153 5112 1269 5169 illustris
1297 5110 1436 5167 memoria
1459 5109 1559 5167 luctam
1587 5108 1622 5165 de
1648 5108 1710 5206 loco
1734 5106 1762 5161 in

149 5257 211 5329 a
581 5254 614 5312 s·

148 5353 211 5428 ΕΚΘ
225 5352 304 5408 Odd⁰
319 5352 391 5410 dm·
406 5352 481 5410 Μ·
496 5353 525 5408 s·
537 5353 661 5427 Gemssii·
966 5379 1047 5438 tertia
1068 5394 1133 5451 pars
1148 5377 1231 5433 totius
1246 5377 1368 5432 redditus
1388 5330 1484 5432 fossati
1501 5374 1577 5432 illius
1601 5382 1688 5439 terrae,
1704 5373 1763 5429 aive

151 5452 213 5526 ¹38⁰
232 5449 321 5507 Gffld⁰
336 5451 405 5507 diw-
423 5449 499 5506 eisd·
515 5449 563 5507 SS-
578 5450 685 5509 C⁰⁵¹¹¹⁸2
699 5459 726 5509 0²
742 5449 875 5509 Dimissnl·
966 5466 1172 5534 incensariis
1196 5466 1225 5521 in
1239 5465 1433 5537 emptionibus,
1454 5464 1615 5536 questibus,
1637 5470 1687 5518 aut
1701 5461 1763 5518 aliis

151 5549 213 5624 ¹38⁰
228 5547 316 5606 601110
332 5548 401 5604 dm·
417 5547 493 5604 ⁰²¹⁶·
509 5546 540 5602 S·
560 5546 688 5606 Adriani·
966 5556 1175 5631 quibuscunque
1191 5555 1280 5611 modia
1300 5554 1403 5626 aliquid
1423 5550 1489 5609 inde
1514 5554 1690 5624 processerit,
1714 5548 1763 5605 tibi

150 5646 215 5715 Ego
243 5637 351 5702 Boetius
378 5643 448 5701 diac.
477 5643 554 5701 card.
582 5644 632 5701 SS.
666 5643 719 5703 vat
744 5651 771 5702 et
785 5643 911 5703 Modesti.
967 5653 995 5704 et
1017 5644 1238 5702 succcessoribus
1260 5642 1313 5697 tuis
1339 5641 1444 5712 absque
1467 5639 1646 5695 diminutione
1669 5635 1762 5709 aliqua
