3750 6000
142 124 218 186 tate
542 126 859 192 innutriretur.
883 131 936 191 Ati
959 116 1138 191 MILONSM
1159 127 1284 191 irrisu.
1308 127 1444 192 ltottlrt
1784 124 1851 188 isit

141 259 287 318 iaciendis
302 264 419 335 tempus
433 266 640 337 protraximus.
651 266 801 340 Siquidem
817 267 890 322 duas
904 271 962 321 tur·
981 268 1006 333 Α
1020 264 1169 336 Siquidem
1186 263 1216 321 ia
1240 265 1304 338 ipsa
1325 267 1411 322 necte
1433 261 1532 320 Sancti
1546 259 1628 319 Galli
1649 259 1781 328 abbatis,
1795 259 1850 335 igne

141 362 187 404 res
194 349 280 421 juxta
294 350 385 420 littus,
403 369 492 410 unam
508 354 537 410 in
552 355 685 412 orientali
702 359 795 428 parta,
813 355 862 411 obi
878 354 961 411 rtan-
1016 354 1099 410 iussas
1118 353 1268 425 imposito,
1281 352 1430 426 lignisque
1445 350 1639 416 ardentibus,
1654 347 1775 406 corruit
1788 365 1850 405 mu·

140 439 266 512 drigene
288 442 488 513 consederant,
505 443 626 501 alteram
654 446 685 501 in
705 443 891 510 occidentali,
911 443 962 499 ubi
1023 443 1380 514 russpatiodocentorum
1392 440 1663 514 pedumNostride
1678 443 1764 495 tanta
1777 440 1850 495 ruins

46 584 49 589 .
141 527 227 601 Angli
243 530 528 602 eaetralocaverant‚
545 549 649 606 magno
666 537 782 606 sumptu
799 532 963 589 construxi·
1018 547 1120 589 somno
1136 530 1668 604 expergefacti,sumpliaarmis,cum
1681 532 1851 602 magoncia·

140 633 217 674 mus.
228 617 331 675 Pontes
342 620 428 676 etiam
443 622 606 694 quatuorin
618 623 752 691 navibus,
765 640 815 680 sex
825 639 878 695 per
891 639 963 694 quos
1018 637 1098 678 more
1112 620 1296 691 assiliebant,
1313 623 1465 693 sperantes
1479 619 1588 692 vigiles
1606 619 1748 676 custodes
1763 634 1849 676 muro·

143 707 228 764 nubis
253 707 349 765 aditus
376 726 465 782 super
494 711 574 767 urbis
600 728 697 769 muros
722 717 863 786 paterent,
879 729 964 769 cons·
1019 727 1085 767 rum
1101 709 1506 783 fugisse.ttdroinamautem
1522 709 1847 773 cumvenisssnt,monr

143 797 293 853 traximus.
311 796 376 854 llaec
400 797 428 853 in
459 799 628 857 Inventione
651 801 726 858 beati
742 801 879 875 Stephani
896 817 966 872 pro-
1019 799 1100 855 aditu
1120 799 1249 857 difficilis
1274 799 1519 871 supereminebat,
1536 804 1567 856 et
1589 798 1682 855 turba
1697 798 1846 854 Saraceno-

141 885 307 958 tcmartyris
334 886 531 957 admoventes,
562 894 649 946 vento
678 893 821 947 contrario
843 890 964 963 repulsi,
1021 886 1845 960 rumparatastabatindeiensione.Nihilominusautern

142 988 256 1030 necnon
267 978 296 1031 et
311 975 462 1048 magnellis
473 978 521 1049 [cl.
540 977 740 1051 magnanellia]
751 979 965 1051 quodammodo
1022 975 1114 1032 nostri
1124 975 1304 1042 assiliebant,
1314 989 1503 1048 necapogna
1516 974 1616 1032 media
1630 974 1846 1032 noctuinnhoata

143 1061 966 1140 lesi,navesretraximuslleindenobisexnostraparte
1022 1081 1116 1137 usque
1137 1065 1174 1122 ad
1193 1065 1250 1122 diei
1265 1065 1367 1122 horam
1395 1081 1504 1122 nonam
1528 1064 1705 1121 cessabant.
1727 1065 1846 1121 Tandem

140 1152 342 1222 pugnantibus
367 1170 435 1210 eum
459 1155 622 1224 Saracenis,
637 1156 749 1228 Angllei
765 1157 865 1214 minus
883 1162 966 1214 caute
1021 1152 1845 1227 variispercussionibusattriti,pogneasesubtrahebant,

141 1255 228 1297 auam
244 1241 347 1297 turrim
368 1243 712 1315 custodientes‚huncex
728 1245 886 1318 improviso
898 1245 965 1319 igne
1021 1258 1175 1316 quousque
1205 1242 1432 1300 communicatio
1456 1242 1547 1300 turris
1577 1243 1789 1300 admoveretur
1802 1243 1844 1315 [cl.

143 1348 315 1389 succensam
327 1334 512 1409 exstinguere
527 1353 584 1394 non
601 1341 767 1410 potuerunt.
778 1338 896 1395 Interim
912 1354 965 1395 nos
1020 1331 1260 1404 amoveretur],et
1275 1331 1319 1389 sie
1333 1332 1544 1390 Saracenorum
1556 1331 1694 1405 populue
1710 1331 1844 1388 hincinde

141 1422 269 1494 quadam
288 1423 423 1480 machina
438 1440 556 1482 murum
572 1425 696 1483 effodere
717 1426 867 1501 ecepimus,
884 1428 965 1494 Quod
1019 1426 1183 1479 vexaretur.
1199 1423 1234 1479 Et
1256 1438 1322 1479 ecce
1338 1422 1426 1480 turris
1454 1422 1525 1480 viris
1552 1421 1714 1480 bellicosis
1739 1422 1845 1494 implete

140 1510 272 1568 ridentes
283 1512 430 1580 Saraceni,
445 1513 513 1586 igne
527 1513 590 1571 olco
606 1515 744 1585 admisto,
756 1517 889 1573 camdem
906 1533 966 1575 ma.
1021 1526 1105 1567 muro
1122 1510 1477 1585 supereminebatiiadem
1491 1512 1565 1570 lacre
1580 1513 1737 1570 exercitus
1752 1518 1844 1570 nostru

139 1599 258 1657 chinum
285 1601 314 1656 in
336 1600 464 1658 lucillam
488 1603 670 1676 redegerunt,
688 1606 859 1677 magistrum
875 1608 963 1663 elium
980 1584 1004 1649 Β
1019 1599 1123 1672 pariis,
1140 1600 1324 1674 la0ih⁸tinssi⁸
1339 1602 1374 1658 tid
1391 1601 1550 1659 fttssitrssm
1567 1617 1731 1659 murorum
1747 1602 1843 1659 iuditit

139 1689 281 1744 machina
305 1689 336 1745 in
362 1690 579 1749 tractaramuri
599 1693 808 1766 lapidaverunt.
825 1695 965 1755 Praeterea
1018 1689 1647 1762 pugnantibubstitcetwflmiribiliwullu
1656 1693 1843 1765 impetebant

141 1780 250 1833 mortes
278 1777 450 1836 innumerae
473 1783 534 1837 tam
559 1782 713 1854 magnellis
740 1800 829 1857 quam
852 1785 966 1859 sagittis
1019 1780 1140 1837 Interim
1156 1779 1261 1836 milites
1276 1781 1422 1854 regis,qui
1435 1781 1464 1836 in
1480 1797 1546 1838 arce
1556 1782 1653 1838 turris
1668 1783 1842 1856 pugnabant,

140 1866 251 1921 nostris
262 1867 429 1940 inferentes,
440 1867 646 1943 ipsiqooquea
661 1872 874 1945 nostrispaniti
885 1878 964 1931 sunt.
1020 1869 1173 1940 mtssntllit!
1188 1873 1398 1927 S³i³0⁰¹¹0t⁰m
1417 1870 1522 1938 *mliii
1539 1869 1643 1928 minii!
1659 1872 1786 1928 viimi&
1799 1889 1842 1945 pu·

142 1955 238 2012 Nostri
255 1957 291 2013 de
307 1959 435 2016 tractura
451 1960 653 2018 machinarum
670 1967 698 2019 et
713 1980 832 2020 suorum
857 1965 966 2021 contri·
1019 1960 1158 2030 fluebant.
1174 1975 1267 2030 usque
1282 1960 1353 2016 adeo
1361 1960 1438 2031 quod
1448 1960 1586 2017 Saraceni
1597 1969 1744 2019 exeuntes
1752 1962 1843 2017 turrim

143 2046 235 2118 tione,
251 2048 461 2123 aliquantisper
472 2051 566 2119 tracti,
582 2052 610 2108 in
623 2052 823 2110 misericordia
842 2054 966 2128 Dcispc
1024 2055 1268 2116 concremassent,
1285 2047 1430 2120 siquidem
1454 2049 1489 2106 us
1507 2049 1632 2117 nostris,
1649 2051 1706 2124 qui
1732 2066 1800 2109 casu
1813 2050 1842 2106 aa

145 2141 254 2205 rantes,
278 2138 397 2209 ingenia
420 2144 449 2195 et
475 2140 627 2198 machinas
650 2159 783 2214 reparare
807 2151 966 2216 caeperunt.
1023 2153 1072 2194 eos
1100 2143 1251 2208 venerant,
1274 2155 1331 2195 non
1358 2138 1552 2195 obstitissent.
1585 2139 1655 2196 Haec
1687 2139 1843 2215 [utbujosj

182 2223 437 2284 intercessissent
453 2229 590 2298 civitatis,
605 2231 653 2303 qui
670 2231 817 2288 aramenus
833 2232 967 2289 abunda·
1022 2227 1145 2299 periculi
1162 2229 1238 2284 rama
1260 2243 1326 2284 cum
1341 2228 1377 2283 ad
1393 2233 1508 2285 nostras
1526 2228 1662 2287 venisses
1678 2247 1778 2298 cuns,
1792 2247 1843 2287 ne·

143 2312 226 2381 bant,
242 2315 302 2372 suis
317 2316 484 2374 concivibus
498 2319 648 2390 egentibus
664 2320 802 2378 alimenta
812 2321 883 2378 adso
899 2323 967 2378 sub.
1023 2315 1112 2372 liores
1127 2317 1271 2375 exereitus
1282 2320 1390 2373 nostrae
1405 2318 1495 2390 partis
1507 2318 1542 2374 ad
1556 2319 1781 2377 defendendam
1795 2324 1844 2374 tor·

140 2402 306 2474 trahebant,
316 2408 562 2478 olquamplurimi
575 2426 675 2466 eorum
688 2411 764 2467 iame
775 2415 965 2484 morerentur,
1021 2406 1088 2476 rim,
1105 2423 1140 2464 na
1155 2412 1253 2464 nostra
1268 2422 1336 2479 spes
1351 2406 1382 2462 in
1398 2422 1432 2464 ee
1446 2406 1666 2480 annullaretur,
1682 2409 1843 2466 transmisi·

142 2493 262 2562 quidam
279 2499 377 2550 autem
393 2512 493 2553 eorum
509 2515 596 2555 canes
607 2504 635 2555 et
650 2505 741 2557 cattos
753 2517 812 2557 non
827 2501 965 2558 abhorre·
1019 2513 1097 2552 mus.
1115 2497 1252 2553 Videntss
1266 2501 1364 2553 autem
1379 2496 1516 2553 Saraceni
1529 2497 1733 2572 lotharingos
1747 2504 1777 2557 et
1792 2499 1842 2554 lla·

142 2581 211 2638 bant
227 2584 373 2642 devorare.
390 2585 500 2642 Horum
522 2604 589 2659 pars
606 2588 732 2661 plurima
746 2590 921 2647 Christianis
934 2608 966 2648 se
1019 2588 1137 2658 mingcs
1152 2592 1234 2643 tanto
1249 2587 1360 2643 fervore
1375 2587 1404 2640 in
1421 2600 1517 2644 erasm
1534 2588 1626 2644 turris
1642 2591 1842 2653 ascendentis.

141 2670 258 2742 obtulit,
274 2678 302 2729 et
324 2675 460 2745 baptismi
482 2682 665 2734 sacramenta
688 2679 825 2751 suscepit.
843 2679 964 2745 Quidam
1019 2679 1101 2731 tanta
1116 2675 1272 2732 tormidine
1287 2674 1380 2732 territi
1394 2679 1474 2745 aunt,
1486 2677 1615 2732 utarrna
1626 2677 1840 2744 submitterent,

141 2764 706 2835 autemillorurn‚truncatismunibusad
716 2771 964 2839 murumremissi,
1012 2770 1047 2822 'et
1062 2767 1179 2822 dextras
1195 2766 1249 2822 sibi
1263 2767 1291 2822 in
1306 2765 1423 2838 signum
1435 2765 1516 2837 pacis
1527 2765 1592 2821 dari
1609 2767 1840 2839 peterentUnde

138 2865 156 2904 a
171 2851 230 2907 suis
245 2853 540 2927 concivibuslupiduli
551 2862 630 2913 sunl.
641 2857 732 2914 Multa
743 2859 827 2915 nobis
838 2861 957 2916 adversa
978 2857 999 2924 (ζ
1019 2857 1126 2912 iactum
1143 2859 1185 2912 ost
1210 2861 1241 2911 ut
1257 2854 1397 2913 alchaida
1411 2856 1546 2928 princeps
1560 2871 1678 2926 eorum,
1697 2857 1753 2914 boc
1768 2862 1839 2928 paeto

137 2953 188 2993 seu
205 2957 345 3011 prospera
368 2946 531 3000 secundum
552 2947 630 3016 quod
655 2947 753 3002 varius
773 2955 895 3004 eventus
917 2949 963 3006 eat
1018 2946 1171 3001 nobiscum
1201 2945 1378 3017 conveniret,
1393 2951 1424 3001 ot
1446 2948 1545 3002 noster
1562 2946 1718 3003 exereitus
1733 2962 1838 3004 omnen

136 3025 216 3094 belli,
232 3031 411 3098 acciderunt,
429 3048 493 3104 quoe
517 3041 633 3106 propter
656 3035 850 3107 prolixitatem
868 3038 961 3093 vitun·
1016 3034 1246 3107 suppellectilem
1263 3051 1362 3091 eorum
1378 3050 1529 3091 cumauro
1543 3039 1574 3090 et
1589 3038 1721 3107 argento
1736 3035 1836 3106 occipe-

137 3115 204 3172 dam
229 3118 346 3175 silentio
368 3122 557 3180 transivimus.
576 3123 608 3180 lit
623 3124 648 3180 si
663 3125 713 3197 qui
729 3125 801 3182 forte
816 3133 893 3196 sunt,
910 3127 960 3197 qui
1016 3128 1069 3192 ret,
1085 3140 1136 3180 rex
1159 3128 1256 3180 aulem
1280 3123 1426 3180 civitatem
1441 3139 1508 3181 cum
1531 3123 1623 3179 nudis
1649 3124 1837 3181 Saraceniset

136 3220 171 3263 oa
194 3205 283 3263 latius
307 3210 463 3282 explicent,
479 3229 674 3271 reservamus.
689 3216 819 3272 Tandem
841 3216 959 3288 quidnrn
1014 3216 1076 3268 toto
1099 3218 1176 3270 terro
1204 3212 1358 3270 obtineret.
1374 3213 1585 3269 Consummata
1600 3216 1649 3268 est
1665 3221 1766 3269 autem
1785 3213 1837 3268 bec

136 3295 259 3353 Pisanus
279 3299 408 3370 natione,
423 3301 466 3358 vir
482 3318 592 3376 magnac
612 3304 774 3375 industriae,
791 3305 867 3362 circa
882 3307 958 3363 nati·
1014 3300 1112 3357 divino
1123 3318 1180 3357 non
1196 3300 1326 3357 humana
1340 3301 1459 3358 victoria
1472 3300 1502 3356 in
1518 3300 1659 3358 ducentis
1676 3302 1807 3358 millibus
1815 3308 1838 3356 et

133 3385 251 3442 vitatam
268 3389 479 3445 sanctisacris
499 3398 605 3446 turrem
622 3392 748 3464 ligneam
767 3394 843 3449 inire
859 3394 957 3451 altitu·
1013 3391 1182 3464 quingentis
1210 3391 1280 3447 viris
1307 3392 1518 3448 Saracenorum
1542 3389 1574 3446 in
1600 3390 1679 3448 testo
1710 3391 1836 3449 undecim

133 3473 213 3529 diuis
228 3475 258 3529 iu
285 3491 319 3531 ea
342 3481 423 3547 parte
438 3495 497 3549 qua
510 3479 592 3549 prius
613 3481 775 3553 Anglorum
797 3483 885 3539 turris
908 3485 958 3541 de·
1012 3478 1135 3536 millium
1150 3479 1315 3552 Virgilium·
1329 3479 1412 3536 Unde
1426 3495 1532 3536 nomen
1545 3480 1612 3550 tiliis
1626 3480 1836 3552 glorificamus

132 3566 243 3618 structa
258 3563 352 3620 iuerat
367 3567 521 3637 coaptavit,
537 3572 566 3624 et
580 3584 654 3640 opus
674 3568 823 3628 laudabile
847 3576 905 3629 tarn
922 3591 957 3631 ex
1011 3567 1040 3625 in
1062 3586 1119 3641 quo
1135 3572 1163 3625 at
1185 3586 1236 3640 pcr
1250 3584 1336 3642 qoem
1359 3569 1468 3639 omnia,
1481 3568 1532 3642 qui
1546 3576 1592 3625 est
1611 3570 1791 3628 benedictos
1812 3571 1835 3625 ia

132 3653 210 3724 regio
226 3658 346 3721 sumptu
363 3673 450 3729 quam
466 3673 500 3713 cx
515 3660 603 3716 totius
614 3661 756 3718 exercitus
768 3663 865 3719 labora
880 3664 957 3720 circa
1012 3658 1129 3714 secula.
1149 3658 1252 3715 Sciatis
1267 3660 1365 3732 itaque
1381 3659 1576 3733 quorumdam
1588 3659 1719 3717 fratrom
1735 3665 1836 3718 nostro

133 3743 264 3799 medium
289 3744 422 3802 Octobris
437 3751 661 3806 consummavit.
679 3750 817 3807 Similiter
836 3753 956 3824 quidam
1012 3762 1075 3803 rum
1104 3763 1225 3820 corpora
1248 3748 1335 3804 variis
1364 3745 1558 3804 occisionibus
1588 3749 1742 3807 exstincta
1768 3748 1835 3820 apud

134 3832 188 3889 sub
205 3850 287 3889 muro
303 3835 427 3892 civitatis
443 3838 576 3910 ingentes
591 3840 754 3897 cavationes
770 3858 823 3897 suo
839 3843 955 3914 ingenio
977 3848 984 3861 '
1011 3835 1209 3893 Ulixinbonam
1230 3837 1343 3909 sepulta
1361 3853 1433 3894 esse.
1450 3837 1544 3908 lirrJ'us
1557 3837 1643 3908 pacis
1656 3842 1754 3896 testa
1775 3844 1837 3895 sont

133 3925 162 3978 et
183 3922 339 3979 multorum
364 3926 470 3982 auxilio
490 3928 573 3996 iacit3
590 3932 665 4002 quod
683 3932 818 3988 Saraceni
835 3933 957 3990 moleste
1011 3926 1132 3996 quidum
1149 3943 1222 3998 quos
1237 3926 1336 3983 divinit
1358 3925 1629 3983 clementitinum
1656 3943 1676 3983 ι
1693 3926 1837 3984 naudus

130 4010 268 4080 terentes,
285 4012 314 4068 in
332 4014 403 4071 iesto
420 4016 518 4072 Sancti
534 4018 683 4076 Michaelis
696 4021 775 4077 circa
790 4022 889 4079 horum
901 4026 956 4079 ter·
1011 4013 1092 4087 ¹0i¹¹i
1109 4016 1184 4084 fiili»
1200 4030 1292 4072 unum
1306 4016 1335 4072 in
1346 4016 1419 4073 f⁰³¹⁰
1429 4014 1525 4071 Sancti
1537 4014 1674 4073 fl⁸l⁶¹²⁰⁸
1684 4018 1838 4075 Militum·

131 4099 334 4158 tiamlatenter
344 4114 491 4172 exeuntes,
501 4107 652 4164 nobiscum
662 4111 795 4181 usquead
804 4127 953 4183 vesperum
1011 4120 1068 4176 que
1087 4105 1151 4176 ejus
1167 4110 1254 4177 atqua
1268 4107 1426 4162 secundum
1441 4121 1457 4160 a
1472 4120 1578 4160 somno
1593 4105 1835 4176 excitavissent

130 4206 219 4261 nuper
241 4190 353 4248 foveam
378 4210 509 4266 pugnam
533 4196 751 4254 continuabant.
767 4201 824 4256 Nos
847 4208 952 4267 colom,
972 4169 1175 4267 Dsepulcrum
1188 4194 1838 4269 martyrum‚sicutelvisamest,manuspico·

129 4279 288 4350 sagittariis
303 4283 346 4338 eis
368 4283 520 4354 oppositis,
537 4285 597 4341 vias
613 4303 664 4358 per
682 4304 755 4358 quas
780 4289 871 4344 redire
887 4306 951 4360 spe·
1007 4284 1153 4341 didissimi
1169 4286 1223 4341 viri
1240 4285 1385 4357 perduxit,
1398 4284 1495 4357 ibique
1509 4283 1539 4339 in
1553 4286 1668 4342 exstasi
1685 4285 1837 4359 prostravit

129 4368 244 4436 rabant,
267 4371 338 4427 adeo
366 4371 549 4443 vallavimus,
577 4378 607 4432 ot
636 4375 679 4432 vel
710 4375 878 4447 nollus‚vcl
907 4377 952 4434 vix
1007 4371 1837 4449 etvioculumlinguusolrit.Similiteretaliumquam

17 4528 20 4535 Ι
130 4456 236 4530 aliquis
256 4476 355 4517 eorum
369 4461 432 4518 sine
447 4462 532 4535 plaga
552 4468 696 4522 evaderet.
714 4466 784 4521 tiinc
800 4467 891 4523 nostri
907 4467 953 4524 dic
1007 4463 1073 4518 dam
1085 4463 1214 4534 ejusdam
1225 4461 1606 4534 clementiasgraliuilddem
1617 4463 1837 4523 iestoOmuiun

129 4553 277 4620 noctuque
304 4549 480 4622 laborantes,
501 4568 574 4624 opus
606 4555 830 4612 subterraneum
866 4557 953 4628 lignis
1007 4549 1837 4622 Sanctorumloquentemaudivimusetlaudantemeum

126 4634 259 4710 levigatis
270 4639 423 4711 impletum
434 4641 534 4698 eadem
546 4642 593 4698 die
606 4653 954 4719 consummatoremque
1007 4642 1055 4712 qui
1071 4647 1115 4698 ost
1130 4642 1272 4699 mirabilis
1287 4642 1316 4698 in
1332 4642 1439 4699 sancii!
1453 4643 1527 4699 wi!-
1541 4639 1658 4701 theie·

125 4740 176 4783 rex
191 4742 258 4783 com
276 4728 408 4800 Anglicis
433 4730 524 4788 muris
544 4735 650 4789 turrem
674 4749 758 4791 suam
775 4734 951 4808 applicabat.
