3750 6000
62 268 118 323 etti
474 272 587 329 Gesta
605 271 686 329 REG.
708 272 812 329 dNGL.
833 273 877 328 ET
895 272 985 337 lllST.
1005 271 1090 331 NOV.
1109 273 1304 332 enutrito.
1662 280 1714 337 att

62 383 150 439 solnm
167 391 193 440 et
209 384 304 450 linctu.
321 385 368 441 sed
382 386 518 458 mancipio
533 388 613 443 otiam
628 403 660 443 ac
679 403 751 442 nexu
766 393 810 441 tua
831 401 889 441 esse
910 384 1086 441 libentissime
1107 387 1279 460 agnoscam?
1299 387 1333 442 lit
1347 401 1411 444 vero
1430 388 1452 444 si
1475 396 1547 447 recte
1564 387 1713 447 ratiocina-

62 470 134 521 mur,
151 456 194 511 cui
209 457 297 527 potius
319 459 521 521 britannorum.
542 458 691 527 Saxonum,
710 460 928 514 Normunnorum
950 473 992 511 res
1014 465 1104 529 gestas
1133 456 1228 514 offerre
1250 457 1342 522 debui,
1366 474 1448 528 quam
1470 459 1601 531 Maiestati
1631 463 1706 532 Tuae,

63 543 126 598 quae
140 542 195 582 non
210 527 291 582 modo
306 545 371 598 quas
385 529 484 601 singuli
499 531 618 602 singulas
632 531 746 586 ditiones
759 528 940 586 obtinuerunt.
956 527 1004 582 bns
1026 543 1079 582 una
1104 529 1244 586 universas
1263 528 1433 587 haereditario
1453 531 1514 602 jure
1540 531 1637 601 adiisti,
1661 548 1712 589 re·

63 612 121 653 rurn
137 597 220 653 etiam
241 614 336 654 carnes
364 600 473 655 istorum
502 601 624 656 onmium
653 602 764 657 virtutes
784 600 874 655 animo
902 599 983 669 plane
1011 598 1119 655 heroico
1147 616 1176 655 es
1191 600 1554 671 compleratquaesolatot
1579 618 1665 659 annos
1682 603 1713 659 in

63 668 254 723 communibus
269 671 383 740 Europae
404 672 484 726 totins
505 672 708 742 tempestatibus
735 671 896 727 dulcissimae
920 669 1017 750 putriae
1033 676 1084 725 tuae
1113 669 1295 726 beatissimam
1324 679 1382 726 ban
1422 672 1542 729 'utnon
1568 669 1712 730 infudisti:

64 755 125 809 qnae
139 741 256 810 danique
270 742 338 808 sola,
351 742 414 811 quid
427 743 454 797 in
469 758 574 798 summa
588 750 718 813 potestate
732 758 839 797 summa
862 741 969 796 bonius
994 741 1087 809 possit,
1104 748 1150 797 tuo
1176 757 1225 798 nos
1239 742 1365 814 exemplo
1398 743 1504 800 acuisti.
1524 743 1580 801 Sed
1605 744 1715 801 altanus

64 819 125 866 sunt
139 811 199 867 baec
214 812 313 882 operis,
330 813 438 868 alterius
454 814 591 897 temporis.
620 814 728 869 Interim
753 828 817 868 vero
842 811 1039 867 serenissimam
1067 813 1236 882 majestatem
1262 820 1334 868 tuam
1363 813 1561 897 supplicissime
1586 822 1713 888 rogatam

65 882 140 947 noio,
155 888 184 937 ut
199 898 278 951 quem
294 884 422 939 bactems
434 884 573 940 benebciis
587 885 640 939 tuis
654 900 734 955 quam
749 882 923 954 amplissimis
948 890 1073 937 ornatum
1087 898 1145 938 esse
1159 883 1276 949 voluisti,
1295 900 1357 940 oum
1378 885 1508 958 deinceps
1532 886 1609 960 regia
1623 893 1668 942 tua
1689 892 1716 942 et

62 950 231 1025 benignitate
246 969 306 1009 com
329 954 398 1019 lecti,
428 962 454 1010 et
482 955 638 1012 auctoritate
665 955 731 1010 tueri
759 955 785 1008 di
826 954 891 1009 eris.
923 952 997 1008 Deus
1023 954 1141 1025 optimus
1166 954 1300 1010 maximus
1324 954 1492 1026 llajestatem
1521 958 1606 1015 Tuam
1634 957 1714 1015 nobis

60 1023 155 1096 reique
171 1023 286 1096 publicae
299 971 456 1082 ipbristianae
469 1043 550 1098 quum
564 1027 712 1082 diutissimo
726 1026 787 1083 inco
798 1040 890 1081 umam
903 1031 1055 1081 conservet.

769 1172 954 1231 Serenissimae
967 1172 1114 1244 llajostatis
1127 1173 1192 1230 Tuae
1205 1172 1395 1232 devotissimus

1208 1325 1354 1384 llnnntcus
1372 1325 1485 1386 Sanun.

842 1527 891 1535 ...a
928 1525 1047 1536 α*-

633 1767 1132 1917 wtnunnnt

245 2068 1066 2185 nanniusnunrnnsts
1136 2069 1523 2184 nonnoni

703 2296 1051 2452 GESTA

348 2583 714 2734 REGUlll
798 2582 944 2729 AN
964 2580 1416 2735 GLORUM

824 2827 937 2885 ATQUE

552 2998 857 3104 HISTORIA
893 2999 1214 3104 Novelli.

562 3190 612 3256 Ad
630 3190 733 3256 iidem
749 3191 907 3257 codicum
923 3207 1006 3257 mss.
1022 3190 1208 3258 recensuit.

265 3384 657 3505 THOMAS
704 3385 1092 3506 DUPFUS
1140 3385 1500 3505 HARDY.

498 3612 633 3683 <tonant
649 3611 969 3682 supponendus,
986 3612 1066 3680 ¹⁸⁴⁰.
1082 3610 1265 3685 urant)

673 3974 1091 4082 PRAEFATIO.

87 4169 170 4240 Quod
184 4171 218 4225 do
232 4171 363 4226 willelmi
381 4171 624 4228 linimen-buriensis
637 4168 761 4226 monachi
775 4169 832 4225 vita
845 4173 1013 4240 compertum
1038 4165 1177 4231 habemns,
1206 4164 1305 4235 quibus
1323 4166 1479 4238 parentibus
1497 4175 1571 4224 ortus
1583 4168 1635 4240 (i),
1650 4185 1705 4226 non

56 4241 163 4297 aliunde
179 4250 270 4296 notum
286 4243 338 4297 nisi
352 4244 387 4298 ab
401 4245 462 4314 ipso
477 4244 576 4313 passim
592 4242 689 4296 allatis.
707 4242 812 4296 Patrem
839 4255 940 4321 genere
954 4237 1181 4319 Normannumct
1194 4243 1311 4292 matram
1339 4238 1504 4295 Saxonicum
1520 4239 1632 4296 innuere
1658 4240 1704 4295 ri·

54 4313 134 4369 detur
146 4312 194 4369 lib.
211 4328 220 4367 t
236 4314 383 4370 Gestorum
399 4330 506 4386 reptem,
524 4313 647 4384 inquiens
664 4331 669 4366 :
689 4338 700 4361 .
717 4310 787 4380 Quia
802 4317 939 4380 utriusque
952 4307 1041 4380 gentis
1052 4322 1211 4379 sanguinem
1231 4308 1327 4377 trah0;
1344 4328 1356 4359 r
1371 4316 1399 4365 et
1410 4309 1484 4366 circa
1496 4309 1557 4367 libri
1571 4326 1592 4367 tt
1606 4309 1703 4368 linem:

57 4404 67 4430 ·
89 4384 149 4440 Nec
163 4384 222 4439 tren
234 4384 325 4438 ‹ticcns
339 4386 427 4440 virtuti
443 4387 661 4440 Nmmnnnorum
688 4383 801 4455 derogo.
818 4381 916 4452 quibus
929 4387 985 4434 tum
1001 4394 1050 4448 pro
1064 4392 1176 4450 genere,
1191 4383 1247 4434 tum
1261 4393 1311 4451 pro
1325 4378 1464 4438 beneficiis
1476 4379 1556 4437 iidem
1572 4381 1671 4439 babeo.
1689 4405 1701 4432 s

54 4454 93 4509 lie
108 4469 182 4509 anno
216 4470 251 4508 no
266 4463 343 4509 natus
356 4457 389 4510 sit
404 4457 470 4510 nihil
484 4464 588 4511 constat
602 4459 652 4524 (8).

88 4470 339 4580 llalmeiburiensis
352 4527 482 4595 majorem
496 4543 552 4580 snae
566 4527 627 4580 vitre
652 4530 756 4593 partem
770 4522 894 4594 exegisse
906 4519 1014 4577 ridetur
1028 4518 1097 4574 inter
1109 4518 1230 4601 claustra
1242 4521 1398 4604 monasterii
1412 4520 1448 4579 de
1461 4539 1514 4594 quo
1527 4521 1566 4579 illi
1580 4537 1703 4592 eamear

54 4610 137 4654 omne
150 4603 258 4666 tempus
271 4596 343 4666 quod
359 4598 387 4651 in
401 4598 535 4667 religiosis
547 4595 757 4667 monasticisque
770 4593 865 4649 officiis
879 4607 934 4648 nan
949 4588 1161 4662 expendebatur,
1176 4590 1272 4648 titteris
1283 4594 1457 4665 mannaque
1470 4594 1617 4653 descrens.

87 4719 132 4789 (i)
160 4717 303 4784 lelandus,
320 4720 415 4785 Carus,
439 4719 587 4786 Tannems,
603 4719 737 4774 Warthon
752 4717 838 4774 etalii
853 4723 976 4774 asserunt
989 4714 1048 4786 ejus
1061 4713 1172 4772 tamine
1185 4730 1285 4773 nomen
1299 4716 1382 4774 luisse
1395 4719 1600 4787 &messana
1612 4735 1707 4779 eorum

55 4788 188 4847 sententia
203 4789 276 4844 nulla
290 4797 338 4844 sta·
357 4788 432 4843 lirma
447 4791 613 4846 auctoritate.

87 4862 132 4929 (8)
145 4862 177 4915 ln
192 4860 400 4917 dominentario
415 4862 447 4915 t'n
461 4862 612 4917 tei-emtam
639 4858 888 4914 llalmesbnriensis
902 4864 977 4913 notat
989 4872 1019 4911 sa
1035 4879 1047 4904 ι
1064 4855 1148 4913 mutto
1161 4864 1235 4925 ants.
1249 4856 1277 4914 in
1294 4856 1392 4915 diebus
1411 4858 1559 4928 juventutis
1584 4877 1649 4927 snae.
1678 4860 1707 4916 in

54 4929 201 4986 scribenda
212 4930 325 4985 bis=cria
353 4931 429 5000 quasi
445 4931 561 4987 ludendo
586 4938 731 5009 versutum·
749 4929 840 4991 inimo.
870 4944 953 5011 seque
982 4935 1044 5010 tunc
1071 4927 1200 4998 temporis
1227 4928 1464 5054 quadrnfesimnm
1492 4931 1580 4989 artatis
1604 4946 1705 4987 annum

54 5001 185 5073 attigisse.
203 5024 215 5047 υ
231 5000 303 5056 atus
320 5002 444 5070 quaedam
474 5010 563 5057 namot
583 5018 644 5070 quae
664 5003 691 5055 in
706 5000 801 5055 diebus
815 5000 922 5054 licuncr
944 5015 1019 5071 regis
1040 5007 1206 5068 evenerant3
1221 5000 1292 5055 unda
1336 5000 1416 5056 educi
1443 5009 1532 5073 potest
1557 5002 1705 5059 lleuricum

52 5070 108 5141 jam
121 5072 205 5126 evita
218 5072 363 5127 sublatum.
380 5073 467 5136 Nunc,
483 5074 570 5144 posito
585 5072 657 5142 quod
667 5071 750 5127 sorba
760 5071 851 5128 mallo
865 5073 934 5128 anta
948 5069 1042 5127 decem
1064 5085 1196 5127 annorum
1221 5070 1326 5141 lapsum
1354 5071 1477 5142 innuant,
1496 5088 1558 5129 cum
1572 5074 1632 5145 ejus
1657 5088 1705 5130 re·

54 5158 120 5214 gum
136 5146 165 5196 et
180 5141 338 5213 pontificum
354 5144 477 5198 Historiae
492 5145 520 5198 in
535 5159 606 5197 anino
622 5146 690 5198 1125
715 5141 844 5197 absolutae
858 5140 966 5207 luerim,
982 5156 1058 5211 num
1083 5142 1126 5197 hic
1154 5140 1309 5197 referuntur
1333 5138 1415 5210 juxta
1434 5156 1535 5199 annum
1551 5146 1621 5201 stan
1634 5144 1705 5201 scri·

54 5226 100 5282 pta
114 5228 175 5268 asse
189 5220 306 5283 oportet,
319 5222 440 5284 temporo
455 5231 508 5284 quo
522 5214 651 5269 ilenricus
665 5234 680 5267 e
694 5213 763 5269 rivis
777 5221 815 5267 est
828 5212 959 5269 sublatus.
975 5210 1046 5266 unde
1073 5211 1242 5269 Willelmum
1270 5211 1343 5270 circs
1370 5229 1471 5270 annum
1485 5215 1555 5271 1095
1569 5222 1616 5272 aut
1635 5215 1706 5272 1096

53 5292 148 5341 astum
162 5285 332 5339 statuendum
346 5295 430 5340 esset.
451 5287 496 5341 Sic
516 5284 691 5340 ratiocinatur
705 5284 859 5352 Sliarpius;
881 5283 929 5338 sed
951 5281 1025 5336 nulla
1044 5282 1089 5339 bic
1107 5282 1185 5339 adest
1204 5282 1270 5340 satis
1290 5281 1370 5340 lirina
1389 5284 1459 5341 ratio
1479 5285 1706 5343 llalmesburien-

55 5355 92 5411 sis
104 5362 207 5419 onum.
222 5355 280 5411 sire
293 5354 328 5410 nd
342 5372 425 5410 tinum
439 5357 497 5412 siva
510 5357 544 5410 ad
559 5356 670 5410 altorum
686 5372 719 5410 er
733 5355 776 5410 liis
790 5353 870 5408 anuis
883 5350 1027 5409 referendi.
1043 5353 1205 5426 lippothesis
1226 5353 1299 5436 quod
1322 5355 1454 5412 llenricus
1478 5372 1528 5413 rex
1544 5373 1632 5430 nuper
1655 5357 1707 5415 ad·

55 5425 168 5483 modum
183 5424 327 5482 defunctus
338 5434 417 5494 esset,
432 5443 466 5483 ex
481 5443 535 5498 qua
547 5427 606 5481 llnit
618 5425 771 5497 supradicta
784 5423 921 5489 deductio,
933 5424 977 5479 vix
989 5421 1077 5481 allatis
1098 5424 1259 5481 testimonias
1271 5433 1397 5483 censure
1411 5426 1528 5485 videtur.
1544 5428 1602 5485 lloc
1616 5435 1707 5485 nmen

55 5498 130 5553 clare
157 5500 244 5567 patet,
259 5512 369 5567 nemine,
398 5505 537 5554 auctorem
553 5498 676 5554 Historiae
691 5497 717 5551 in
730 5511 811 5566 quarn
837 5493 1052 5576 prestantissimi
1079 5493 1220 5576 praeeatis
1232 5495 1322 5552 atatis
1346 5495 1431 5554 critici
1452 5497 1572 5556 mamma
1585 5499 1710 5556 eruditio

56 5565 261 5695 ainagallim
284 5569 408 5624 encomia
424 5569 611 5641 protudemnt,
632 5568 770 5623 tirannis
789 5566 884 5639 viginti
907 5565 1027 5637 quinqua
1039 5573 1104 5622 natu
1122 5581 1255 5638 maiorem
1275 5567 1439 5641 macipusm
1460 5568 1560 5644 operis!
1574 5569 1616 5627 sni
1645 5586 1710 5644 par·

55 5645 113 5697 tem
211 5653 291 5697 mue.
