3750 6000
151 215 203 269 ala

861 196 952 257 Lucil
971 199 995 256 ll
1014 197 1112 257 PAPAE

1751 203 1801 259 880

155 334 244 402 luerit,
278 327 412 389 beneficio
443 326 571 394 refutato,
605 322 857 383 excommunicandi
888 342 950 382 eam
964 325 992 387 A
1007 324 1180 383 briocensem
1196 334 1222 382 et
1240 325 1457 383 Treclaorensem
1476 323 1650 398 episcopatus
1669 326 1803 383 musula-

154 420 380 493 archiepisoopas
393 432 447 474 aon
465 416 565 472 haheat
583 412 751 470 facultatem.
771 414 950 471 Deceruimaa

156 527 223 585 ergo
237 518 265 566 at
275 508 342 565 nulli
355 507 468 564 omniuo
489 504 630 560 hominum
653 501 734 560 lineat
748 502 886 574 prefatam
902 518 952 560 eo-

155 602 267 659 elesiam
291 597 366 655 Beati
390 594 496 651 Martini
512 602 616 651 temere
639 592 872 664 perturbassent
892 593 953 662 ejas

154 688 345 764 possessiones
360 683 480 751 auferre,
495 685 540 740 vel
556 681 664 737 ablatas
676 681 804 749 retinere,
817 682 951 749 minuere,

157 785 203 837 aut
216 776 351 848 aliquibus
374 771 508 829 molestiis
533 768 826 844 [aliquantenus
844 769 954 843 integra

156 871 355 926 conserventur
366 877 471 928 eorum,
496 875 548 932 pro
572 874 687 930 quorum
712 859 912 915 sustentatione
927 865 954 913 et

153 953 351 1031 gubernatione
367 963 498 1008 concessa
513 956 586 1018 sant,
602 947 698 1003 usibus
713 947 865 1018 profutura,
878 946 954 1002 salva

153 1046 182 1103 iu
197 1043 323 1102 omnihus
336 1038 493 1112 apostolice
507 1037 583 1094 sedis
605 1036 776 1093 auctoritate.
793 1036 888 1109 Siqua
904 1035 953 1107 igi-

154 1141 198 1191 tar
212 1135 241 1190 in
257 1139 396 1204 posterum
420 1126 603 1185 ecclesiastiea
620 1123 799 1182 secularisve
823 1139 952 1198 persona,

155 1229 226 1280 hauc
240 1229 341 1277 nostrae
363 1215 564 1276 constitutionis
584 1215 718 1289 paginam
742 1214 842 1280 sciens,
858 1221 954 1270 contra

154 1327 215 1369 eam
245 1318 348 1366 temere
380 1305 473 1363 venire
505 1304 663 1372 tentaverit,
690 1301 812 1360 secando
839 1300 953 1357 tertiove

153 1399 330 1465 commonita,
351 1395 374 1451 si
392 1410 447 1451 uon
468 1391 655 1449 satisfactione
682 1405 803 1464 congrua
823 1390 951 1446 emenda·

151 1490 235 1558 verit,
264 1485 405 1560 potestatis
426 1483 594 1554 honorisque
614 1480 656 1537 sui
689 1480 822 1553 dignitate
852 1486 952 1546 careat,

152 1593 282 1648 reamque
307 1591 338 1631 se
362 1573 454 1629 diuino
473 1571 575 1642 judicio
599 1569 720 1626 existere
740 1570 774 1626 de
795 1573 953 1642 perpetrata

1006 413 1052 481 tis,
1069 413 1185 469 salutern
1202 418 1229 471 et
1243 413 1418 485 apostolicam
1439 413 1669 471 benedictionem.

1046 509 1226 566 Unis·ersitati
1247 525 1345 566 vestrae
1376 519 1469 567 aotam
1492 511 1552 568 lieri
1576 511 1715 582 volumus,
1733 511 1807 585 quod

1006 597 1090 655 irater
1116 608 1212 655 noster
1237 598 1271 656 G.
1302 598 1488 673 [Godclridasl
1516 600 1641 658 [telensis
1660 601 1806 674 episcopas

1006 688 1205 759 predecessori
1219 699 1312 747 nostro
1328 689 1415 747 felicis
1430 690 1570 747 memorie
1584 707 1662 763 pape
1676 690 1807 749 lanocea·

1008 776 1046 833 tio
1061 776 1139 832 nobis
1154 778 1335 850 presentibus
1358 787 1472 852 questas
1486 787 1529 836 est
1543 778 1570 834 in
1584 795 1678 844 causa,
1696 796 1759 853 quae
1772 779 1807 837 de

1007 864 1166 936 praelatione
1204 867 1373 923 Turonensis
1414 866 1547 924 Ecclesiae
1579 876 1606 924 ol
1637 868 1808 939 subjectione

1007 954 1135 1009 Doleasis
1146 953 1313 1027 interipsum
1324 963 1351 1012 et
1363 956 1551 1012 uenerabilem
1563 955 1674 1014 fratrem
1684 964 1808 1015 nostram

1008 1044 1060 1098 Ha.
1084 1044 1273 1100 Turoaeuaem
1295 1044 1532 1118 arehiepiscopum
1548 1046 1576 1100 ia
1599 1046 1720 1104 diuersis
1743 1047 1809 1104 locis

1008 1130 1103 1188 Galliae
1118 1132 1219 1205 agitata
1243 1132 1343 1202 iuerat,
1360 1150 1389 1189 se
1416 1134 1529 1190 nimium
1551 1144 1694 1207 gravatum
1716 1134 1808 1205 inisse,

1008 1229 1150 1293 etgraves
1177 1237 1312 1294 expensas
1334 1223 1506 1278 sustinuisse.
1527 1222 1611 1294 Cujus
1629 1218 1773 1281 laboribus
1785 1233 1809 1280 et

1007 1309 1135 1380 expensis
1149 1309 1222 1365 idem
1247 1310 1437 1382 predecessor
1455 1311 1633 1382 compatiens,
1645 1312 1724 1383 juata
1738 1313 1809 1385 peti-

1008 1396 1108 1454 tionem
1124 1415 1201 1455 saam
1220 1398 1362 1471 praelatam
1383 1402 1493 1457 tratrem
1507 1408 1631 1458 austrum
1647 1402 1701 1457 Ha.
1716 1401 1809 1458 archi·

1007 1488 1170 1561 episcopum
1181 1487 1315 1545 adsedem
1326 1487 1505 1561 apostolicam
1517 1489 1686 1559 occeanum
1694 1500 1809 1564 utraque

1007 1584 1086 1648 parte
1110 1584 1248 1650 praesente
1268 1592 1381 1633 causam
1406 1578 1511 1634 audiret
1530 1586 1558 1634 et
1580 1578 1703 1637 debitum
1723 1577 1806 1636 finem

151 1666 295 1740 iniquitate
309 1668 468 1735 cognoscat,
492 1667 518 1717 et
535 1676 550 1714 a
576 1656 763 1715 saeratissimo
787 1673 905 1730 corpore
920 1673 953 1715 ac
967 1685 994 1746 B
1009 1666 1175 1738 imponeres,
1200 1665 1262 1736 Quo
1285 1666 1393 1722 interim
1412 1667 1505 1724 divino
1528 1666 1635 1740 juricio
1653 1667 1727 1724 piam
1742 1669 1806 1725 my.

152 1756 284 1829 sanguiae
292 1752 342 1809 Dei
350 1759 376 1809 et
384 1749 493 1808 Domini
504 1747 694 1820 Redemptoris
704 1747 790 1804 nostri
801 1747 887 1803 aliena
896 1745 951 1815 irat,

153 1854 235 1919 atque
246 1844 272 1899 ia
288 1850 409 1899 extremo
425 1839 550 1897 examine
560 1837 688 1894 districtae
699 1835 952 1906 ultionisubjaceat.

152 1932 265 1991 Cunctis
280 1939 370 1987 autem
387 1927 476 1986 eidem
491 1926 551 1983 loco
573 1925 649 1996 justa
664 1924 836 1981 servantibus
850 1925 885 1979 sit
903 1940 953 1996 pax

150 2019 259 2082 Domini
271 2017 358 2076 nostri
376 2018 440 2074 Jesu
460 2014 567 2084 Christi,
586 2018 721 2086 quatenus
738 2013 817 2070 ethic
839 2011 954 2069 fractam

153 2112 233 2169 bonae
248 2105 534 2178 actionispereipiant,
550 2112 576 2161 et
586 2104 657 2175 apud
672 2102 824 2159 districtum
832 2102 953 2172 judicem

152 2197 263 2275 premia
272 2205 382 2255 aeterate
394 2195 469 2268 pacis
483 2192 635 2251 inveniant.
649 2195 746 2261 Amen,
758 2207 849 2259 amera,
863 2206 954 2249 amen.

197 2319 324 2365 osranaa
343 2318 435 2369 uours,
456 2315 573 2367 uouraa,
593 2314 813 2356 aasaaruoaarnu
831 2311 918 2353 rusa.

188 2415 249 2488 Ego
263 2411 364 2469 Lucius
378 2409 521 2466 catholicae
536 2406 668 2464 Ecclesiae
682 2406 837 2479 episcopas.

191 2503 252 2576 Ego
267 2499 409 2558 Conradas
424 2496 588 2554 sabinensis
603 2495 759 2567 episcopus.

188 2594 248 2664 Ego
263 2587 406 2647 albericus
421 2584 557 2642 Ostiensis
572 2584 728 2655 episcopas.

188 2678 249 2752 ligo
265 2680 370 2734 imarus
385 2672 558 2730 Tusculanas
576 2672 733 2744 episcopas.

188 2768 250 2841 Eyo
265 2768 359 2823 Petrus
375 2761 538 2818 albanensis
553 2761 714 2831 episcopas.

190 2856 252 2930 Ego
267 2852 427 2911 Gailbertas
447 2851 593 2924 presbyter
614 2846 760 2906 cardinalis
783 2846 851 2904 titali
867 2844 958 2903 Sancti

155 2944 250 3003 ilorci.

192 3036 254 3108 Ego
269 3031 420 3104 Gregorius
432 3027 576 3102 presbyter
590 3025 739 3084 cardinalis
754 3025 793 3081 til.
810 3024 917 3082 Calixti.
974 3040 1000 3105 C

192 3125 253 3197 Ego
268 3123 364 3178 Petrus
387 3120 531 3192 presbyter
550 3115 696 3172 cardinalis
711 3115 745 3171 de
765 3115 806 3170 tit.
824 3113 957 3170 Pastoris.

195 3215 255 3288 Ego
274 3211 362 3268 Gaido
386 3207 529 3281 presbyter
552 3203 701 3262 cardinalis
716 3204 782 3259 tituli
798 3204 959 3261 Sanctorum

161 3299 303 3362 Laurentii
318 3307 345 3357 el
359 3298 469 3353 Damas.

195 3393 255 3464 Ego
274 3386 419 3444 llainerias
438 3383 582 3457 presbyter
604 3381 752 3439 cardinalis
776 3381 846 3437 titali
871 3379 963 3438 Sancti

162 3477 294 3552 Stephani
309 3475 337 3532 iu
351 3472 437 3530 caelio
452 3473 552 3528 binata.

195 3570 256 3640 Ego
271 3563 427 3621 haniredas
452 3560 597 3634 presbyter
610 3560 755 3617 cardinalis
775 3560 844 3616 tituli
857 3561 963 3617 Sanctae

163 3659 439 3819 ειξὶῗιξῇὓτερετίιιε
463 3738 596 3797 diaconus
628 3738 774 3797 cardinalis
803 3738 965 3796 Sanctorum

167 3833 255 3908 Sergii
271 3841 298 3889 et
312 3829 423 3889 moeni.

201 3925 265 3997 Ego
275 3920 510 3979 Gaidodiaooaas
525 3918 676 3979 cardinalis
687 3917 739 3976 SS.
752 3916 860 3974 cosmae
875 3923 902 3972 et
912 3916 967 3973 Da·

166 4012 263 4072 miani.

205 4111 265 4184 ligo
279 4109 397 4167 Joaaaes
412 4107 543 4165 diaconas
557 4103 706 4164 cardinalis
721 4103 750 4160 S.
766 4101 889 4159 Adriani.

202 4203 263 4274 Ego
278 4197 429 4272 Gregorius
443 4197 573 4252 diaconus
595 4192 745 4251 cardinalis
761 4192 793 4249 S.
810 4194 852 4247 Aa
865 4189 931 4264 geli.

205 4291 265 4363 ligo
276 4287 413 4343 astaudus
436 4284 585 4340 dioaeonus
599 4281 746 4337 cardinalis
767 4280 859 4336 Sancti
872 4281 969 4335 Eusta-

171 4379 224 4438 chii
237 4379 316 4448 y'axta
331 4372 460 4444 templum
476 4372 618 4445 Agrippae.

206 4476 303 4530 Datum
318 4469 444 4527 Laterani
459 4484 509 4540 per
531 4482 641 4522 manum
666 4465 778 4523 Baroais
793 4463 927 4537 capellani
942 4471 969 4519 et

171 4560 324 4634 scriptoris,
341 4565 417 4614 sexto
442 4557 507 4612 ldus
529 4555 600 4625 llaii,
617 4554 764 4611 indictione
783 4555 908 4627 septima,
922 4553 969 4608 la·

172 4648 339 4711 carnationis
354 4645 503 4702 Dominicae
517 4659 588 4699 aaao
613 4645 692 4711 llll,
711 4643 889 4715 pontificatus
903 4656 969 4698 voro

172 4738 266 4799 domni
281 4735 356 4794 Lucii
370 4735 394 4790 ll
410 4749 486 4807 pape
500 4748 572 4789 anno
587 4732 686 4803 primo.

526 4839 621 4895 xuill.

173 4957 215 5013 dd
229 4951 398 5025 (lanfridum
417 4948 548 5005 comitem
572 4946 742 5011 Britannice,
768 4949 797 5002 et
819 4946 973 5001 licerinum

211 5029 335 5097 fratrem
359 5023 429 5092 ejus.
445 5049 479 5060 -
507 5020 539 5076 tlt
559 5031 618 5073 nort
646 5016 808 5088 impedient
829 5018 972 5090 episcopos

211 5096 368 5153 britannie
383 5091 483 5163 subjici
496 5089 654 5144 Turoneasi
671 5088 815 5144 Ecclesiae.

405 5198 494 5267 <anno
509 5194 588 5260 ιιιι,
605 5193 665 5250 ulti
678 5194 735 5263 ra.)

344 5301 499 5378 [maaian
515 5302 649 5368 Tlaesnur,
666 5302 715 5369 ΙΙΙ,
731 5299 806 5374 890.]

209 5415 312 5470 Laurus
326 5411 481 5483 episeopus,
501 5425 598 5465 servas
619 5423 764 5466 servorum
787 5406 848 5473 Dei,
864 5407 971 5464 dilectis

173 5501 202 5561 ia
217 5503 327 5560 Christo
341 5500 403 5556 fiais
413 5499 521 5556 Gaura.
537 5496 637 5554 illustri
661 5497 755 5556 comiti
778 5497 932 5564 Britanniae,
944 5504 971 5553 el

174 5595 271 5655 Hans.
301 5588 379 5650 tratri
406 5588 478 5663 ejas,
504 5592 532 5644 et
560 5586 709 5646 baronibus
734 5601 784 5663 per
808 5586 968 5659 holensem,

1008 1766 1095 1806 versae
1115 1751 1204 1806 camis
1224 1751 1361 1823 ingresso,
1377 1768 1428 1808 uos
1448 1752 1505 1825 qui,
1524 1751 1588 1808 iicet
1607 1751 1726 1827 indigni,
1740 1753 1803 1809 dis·

1007 1844 1127 1911 ponente
1143 1839 1269 1906 Domino,
1284 1839 1336 1895 sihi
1355 1841 1563 1908 succcessimus,
1578 1849 1698 1914 atroque
1713 1850 1805 1900 nostro

1008 1945 1038 1985 se
1062 1929 1218 2000 conspectui
1246 1937 1417 2000 praesentato,
1443 1931 1567 1987 eamdem
1588 1934 1804 1990 controversiam

1009 2020 1061 2074 hoc
1083 2018 1180 2074 ordine
1199 2016 1386 2074 diffinivimus.
1408 2018 1513 2075 Auditis
1533 2019 1643 2094 quidem
1661 2022 1805 2095 utriusque

1008 2107 1094 2181 partis
1117 2106 1276 2176 rationibus,
1300 2115 1327 2162 et
1349 2107 1480 2179 inspectis
1496 2108 1678 2166 Romanorum
1693 2108 1804 2180 pontifi-

1009 2207 1070 2250 cum
1096 2190 1260 2264 privilegiis,
1286 2191 1422 2263 praecipue
1456 2192 1558 2249 Urbani
1588 2209 1676 2264 papae,
1704 2194 1732 2249 in
1754 2210 1808 2266 quo

1009 2278 1153 2336 manifeste
1169 2280 1368 2346 continebatur,
1385 2279 1458 2353 qaod
1477 2280 1550 2337 idem
1570 2296 1639 2352 papa
1656 2291 1720 2354 post
1734 2281 1808 2339 mal·

1011 2377 1054 2425 tas
1068 2377 1123 2424 tam
1139 2368 1166 2423 ia
1182 2383 1242 2435 sae,
1257 2384 1340 2440 quam
1355 2369 1383 2424 ia
1397 2368 1550 2441 legatorum
1565 2370 1811 2443 sedisapostolicae

1010 2457 1153 2531 presentia
1169 2457 1355 2515 discussiones
1366 2465 1392 2513 et
1410 2458 1765 2530 retractationesy'udicauit,
1782 2466 1811 2516 al

1012 2550 1067 2602 lam
1077 2545 1202 2602 Doleasis
1210 2562 1291 2619 qaam
1304 2546 1382 2602 etiam
1394 2546 1539 2604 Britanaiae
1547 2547 1681 2604 citerioris
1690 2548 1812 2623 episcopi

1011 2636 1198 2692 Taroaeasem
1207 2635 1352 2693 eeclesiam
1364 2637 1502 2708 propriam
1513 2637 1686 2710 metropolim
1698 2653 1761 2695 esse
1771 2654 1812 2695 re·

1011 2733 1223 2798 cognoscerent,
1239 2733 1265 2780 et
1278 2724 1398 2781 debitam
1414 2724 1438 2780 ei
1450 2726 1629 2782 reuerentiam
1639 2727 1810 2795 exhiberent,

1012 2813 1157 2886 nullasque
1181 2814 1311 2871 Doleusis
1333 2815 1480 2886 episcopas
1501 2815 1692 2885 postltolaudi
1706 2815 1815 2873 obitum

1012 2914 1047 2968 ad
1061 2929 1139 2968 usura
1154 2910 1231 2983 pallii
1252 2912 1396 2983 aspiraret.
1427 2911 1547 2983 Cumque
1561 2913 1595 2968 ad
1612 2915 1670 2970 haec
1686 2913 1814 2971 Dolensis

1015 3001 1080 3057 nibil
1107 3000 1213 3056 ratione
1241 3000 1388 3056 subnixum
1421 3002 1609 3074 responderet,
1629 3018 1683 3060 uec
1709 3012 1815 3075 partem

1014 3105 1091 3146 suam
1113 3105 1163 3161 per
1177 3090 1330 3145 authentica
1346 3090 1530 3146 llomanoram
1553 3090 1714 3162 pontificum
1729 3092 1818 3164 priri-

1013 3178 1087 3250 legio
1097 3176 1167 3233 tueri
1177 3187 1282 3248 possel;
1295 3178 1386 3233 habito
1399 3178 1513 3233 fratrum
1525 3188 1680 3235 nostrorum
1688 3180 1815 3250 coasilio,

1016 3276 1141 3347 ejusdem
1156 3275 1369 3347 predecessoris
1390 3277 1475 3331 nostri
1501 3275 1624 3349 vestigiis
1639 3276 1817 3345 inherentes,

1016 3364 1140 3420 eamdem
1165 3363 1326 3420 seutentiam
1352 3365 1512 3421 auctoritate
1548 3365 1624 3421 sedis
1656 3366 1818 3437 apostolice

1016 3453 1196 3520 firmavimus,
1221 3460 1249 3509 et
1272 3453 1455 3509 uenerabilem
1478 3452 1590 3510 fratrem
1608 3463 1732 3511 nostram
1757 3454 1814 3512 lia.

1017 3541 1265 3615 archiepiscopum,
1277 3541 1312 3598 de
1325 3542 1445 3610 ipsorum
1461 3543 1652 3614 episcoporum
1663 3543 1821 3601 ohedientia

1017 3631 1127 3704 propria
1142 3648 1221 3687 manu
1242 3648 1290 3702 per
1301 3631 1427 3688 baculam
1443 3630 1724 3698 investit·imus.Quia
1738 3632 1823 3706 igitar

1019 3721 1154 3776 honorum
1179 3719 1333 3791 principum
1358 3727 1400 3775 est
1421 3727 1521 3775 sanetae
1543 3721 1672 3776 Romanae
1690 3720 1822 3778 Ecclesiae

1020 3817 1120 3865 statuta
1146 3822 1278 3878 servare;
1303 3823 1353 3880 per
1381 3808 1531 3880 apostolica
1559 3807 1659 3880 scripta
1687 3808 1823 3867 nobilitati

1021 3905 1117 3955 vestre
1132 3897 1303 3961 mandamus,
1314 3904 1394 3968 atque
1405 3897 1433 3952 in
1448 3905 1621 3968 peccatoram
1630 3896 1823 3956 remissionem

1021 3986 1200 4060 injungimus,
1222 3994 1355 4058 quatenus
1369 3984 1495 4042 eamdem
1519 3985 1695 4045 seutentiam,
1710 3985 1823 4044 anobis

1022 4083 1138 4148 cogente
1146 4075 1251 4145 justitia
1262 4073 1823 4147 promulgatam,aequaquamimpediatis;

1023 4166 1071 4221 sed
1091 4172 1118 4219 at
1140 4164 1261 4237 praelatae
1275 4161 1400 4221 ecelesiae
1411 4163 1470 4233 jam
1485 4163 1558 4219 dicto
1572 4163 1780 4237 archiepiscopo
1799 4172 1826 4222 et

1023 4254 1149 4312 ecclesiae
1176 4252 1338 4322 lavenensi,
1374 4260 1501 4324 tanquam
1529 4252 1651 4324 propriae
1679 4253 1829 4327 metropoli

1025 4355 1181 4407 reverenter
1216 4347 1356 4415 obediant,
1386 4347 1521 4419 patienter
1549 4346 1722 4404 sustineatis.
1748 4346 1826 4405 Nulli

1025 4438 1097 4497 enim
1122 4436 1224 4507 inJaria
1251 4436 1387 4509 irrogatur
1413 4452 1473 4492 cara
1503 4434 1620 4508 siugulis
1645 4436 1773 4493 eeclesiis
1800 4444 1832 4494 et

1024 4525 1217 4583 ecelesiasticis
1245 4523 1371 4596 personis
1385 4523 1493 4580 debitus
1506 4523 1596 4580 honor
1618 4531 1646 4580 et
1669 4523 1828 4582 reverentia

1025 4615 1182 4672 exlrihetur.
1202 4613 1230 4669 Si
1245 4613 1305 4685 qais
1319 4613 1390 4669 enirn
1405 4613 1494 4669 eidem
1508 4612 1714 4686 archiepiscopo
1730 4612 1759 4668 ia
1774 4616 1830 4672 hoc

1025 4702 1213 4761 contradicere
1246 4702 1459 4773 presumpserit,
1490 4701 1652 4757 seutentiam
1681 4717 1766 4774 qaam
1799 4703 1828 4757 iu

1026 4809 1086 4850 eam
1102 4790 1234 4848 canoniea
1256 4791 1381 4862 equitate
1401 4789 1625 4864 promulgaverit,
1642 4805 1694 4847 nos
1712 4799 1829 4849 auclore

1027 4882 1144 4938 Domino
1158 4888 1244 4936 ratam
1259 4879 1434 4936 habebimus.

1063 4979 1162 5036 Datum
1177 4978 1314 5046 Laterani,
1331 4992 1368 5035 xv
1383 4975 1523 5033 Kalendas
1538 4975 1623 5033 lanii.

1370 5083 1465 5140 XLIV.

1098 5193 1282 5267 Priaileyium
1289 5208 1340 5266 pro
1353 5191 1454 5250 ordine
1470 5193 1753 5252 Proemomtrotcnsi.

1256 5301 1346 5371 (Anao
1363 5299 1441 5365 llll,
1458 5298 1521 5354 hlaii
1538 5300 1594 5367 la.)

1166 5387 1215 5462 [La
1231 5390 1327 5456 Parus,
1341 5389 1430 5455 etot..
1445 5389 1566 5453 Petam..
1581 5403 1609 5460 ρ.
1625 5389 1701 5459 688]

1061 5495 1162 5551 Locrus
1184 5495 1340 5567 episcopus,
1366 5510 1461 5551 serras
1482 5508 1625 5552 serronem
1638 5493 1700 5564 liei,
1716 5493 1829 5555 dilectis

1025 5584 1091 5642 liliis
1109 5586 1221 5643 lluooar
1236 5583 1327 5642 sconti
1347 5582 1607 5655 Premoastrateasi,
1625 5587 1655 5640 et
1681 5583 1829 5645 wabbsti·
