3750 6000
90 202 93 207 '
169 217 220 276 usi
609 216 647 275 ιιι
664 218 842 276 ιιιιιιιιι
859 212 1198 274 nisinesnumeusis
1215 214 1389 274 nonnoni.
1769 217 1821 272 sss

176 342 335 418 riographis
349 341 415 401 vitio
427 349 552 399 uertatur
565 342 770 424 prodigiorum,
785 357 898 414 quorum
923 340 951 395 in
971 339 1092 396 historiis
1115 339 1280 397 mentionem
1304 339 1424 406 iaciunt,
1448 339 1577 397 narratio.
1600 340 1640 396 lla
1655 337 1820 411 quibusdam

176 425 264 473 umen
281 415 383 489 passim
399 412 488 470 allatis
499 413 598 484 conjici
609 422 703 485 posset
716 414 889 469 Willelmum
904 411 1090 478 miraculosis,
1106 426 1175 484 quas
1189 410 1249 481 ipse
1263 420 1366 474 narrat,
1383 411 1506 481 legendis
1529 410 1612 467 iidem
1636 427 1692 466 non
1714 426 1820 480 usqne-

180 502 288 570 quaque
302 485 479 548 adhibuisse;
495 484 541 539 uhi
555 484 628 540 enim
643 484 755 540 AEllredi
771 485 862 555 blagni
874 484 977 538 exitum
995 484 1150 539 narratione
1165 482 1347 565 prosequitur,
1363 484 1544 564 prodigiaque
1557 481 1641 537 reiert
1656 498 1719 553 qoae
1732 480 1819 538 tradi-

178 567 254 613 tione
266 556 459 630 vulgabuntur,
474 555 587 621 scilicet,
603 556 720 610 animam
735 555 871 617 deiunctl,
886 563 1027 626 resumpto
1050 569 1180 625 corpore,
1196 555 1321 609 noctibus
1343 569 1393 624 pei·
1413 555 1538 610 ecclesiae
1559 553 1726 609 cathedralis
1750 553 1819 608 inte·

179 629 256 684 riora
278 628 428 692 oberrare,
444 625 484 681 sic
496 626 590 682 scribit
607 643 613 683 :
632 650 642 674 ι
661 627 716 681 llas
729 641 798 682 sane
811 626 916 682 nenias
930 625 999 681 sicut
1014 633 1146 689 caeteras,
1163 634 1190 678 ut
1204 625 1317 681 credaut
1339 640 1455 696 nequam
1477 624 1596 681 bominis
1617 624 1740 680 cadaver
1762 631 1821 694 post

178 706 295 755 mortem
310 698 439 824 dveemqne
452 705 552 771 agente
565 697 728 763 discurrere,
744 697 828 771 Angli
842 712 912 771 pene
928 697 1018 752 innata
1032 695 1191 753 credulitate
1207 701 1337 766 tenent,a
1352 696 1501 770 gentilium
1512 694 1639 751 nimimm
1654 701 1819 762 mutuantes,

176 770 248 827 sicut
263 770 301 824 sit
338 769 362 824 ir
383 768 445 824 iius
460 784 466 825 :

363 786 381 842 g
591 840 677 896 llorie
690 839 778 906 obilu,
794 843 891 913 quales
904 844 985 912 sonis
997 843 1042 898 ssi
1054 839 1175 895 uolitare
1186 838 1293 910 figurem
1307 838 1375 906 (ιι).
1393 859 1405 886 ι

178 911 235 968 Sub
249 911 369 977 quodam
383 919 475 966 tamen
488 917 615 980 respectu
632 911 690 965 heac
704 911 867 966 miraculosa
883 920 1037 970 commenta
1060 925 1114 965 non
1136 909 1228 980 aliqua
1244 910 1359 964 utilitate
1382 916 1492 977 carent;
1507 906 1666 980 frequenter
1678 906 1764 967 enim.
1779 906 1820 961 in-

177 991 219 1039 ter
232 990 272 1037 tot
283 983 376 1054 inepta
390 982 573 1052 absurdaque,
589 981 737 1052 exquisitas
749 983 935 1055 pretiosasque
954 983 1095 1038 continent
1116 982 1240 1036 notiones
1263 982 1360 1053 quibus
1383 996 1475 1036 mores
1497 988 1524 1035 et
1547 995 1613 1035 usus
1636 978 1820 1043 illustrantur;

177 1052 296 1125 indeque
304 1054 333 1108 in
347 1060 453 1108 aetatem
467 1052 502 1107 ad
517 1068 598 1176 guam
613 1060 739 1122 spectant
753 1068 852 1125 magna
869 1054 913 1108 lux
929 1052 1049 1126 affulget.
1072 1051 1154 1106 llulta
1176 1066 1286 1176 guoque
1312 1054 1409 1107 borum
1428 1058 1651 1106 commentorum
1666 1049 1705 1131 its
1717 1062 1738 1130 ι
1752 1065 1821 1119 prn-

179 1125 260 1196 cipus
274 1124 430 1179 narratione
443 1131 505 1178 sunt
538 1123 655 1186 intincta,
672 1130 700 1177 ut
713 1123 877 1195 interpolata
892 1124 977 1181 luisse
990 1131 1066 1180 recte
1080 1121 1177 1178 conclu
1197 1138 1242 1177 as.
1263 1125 1295 1177 ln
1311 1122 1475 1193 quibusdam
1491 1136 1527 1178 ex
1546 1129 1741 1192 manuscriptis
1754 1135 1821 1192 quos

178 1195 375 1259 consuluimus,
391 1195 416 1248 le
439 1194 524 1249 endas
539 1193 740 1250 commentitias
755 1195 922 1261 invenimus,
938 1210 1007 1267 qnss
1022 1193 1142 1250 melioris
1156 1200 1228 1250 notae
1242 1194 1353 1249 codices
1367 1195 1504 1249 omittunt.

215 1265 296 1330 Quod
311 1281 376 1322 vero
432 1264 550 1321 illelmus
565 1265 813 1321 malmesburiensis
828 1268 985 1323 moderatus
998 1274 1052 1323 eta
1066 1265 1182 1336 partium
1196 1264 1286 1320 studio
1301 1265 1407 1319 alienus
1427 1264 1546 1334 scriptor
1559 1259 1704 1325 exstiterit,
1718 1261 1823 1318 cunctis

178 1337 226 1464 gui
241 1338 305 1408 ejus
319 1336 415 1393 lecturi
427 1344 489 1391 sunt
502 1336 645 1392 historiam
660 1337 805 1392 manifesto
820 1338 935 1406 patebit;
951 1337 1062 1408 scripsit
1075 1342 1104 1391 ut
1114 1336 1258 1404 sentiebat,
1271 1336 1361 1392 bonos
1371 1334 1485 1391 laudans
1496 1333 1638 1404 malosque
1648 1332 1802 1402 reprobsna
1815 1349 1822 1395 ;

198 1425 244 1464 um
258 1407 387 1463 virtutum
402 1405 529 1474 exempla
543 1421 643 1478 magna
661 1422 723 1461 cuin
739 1406 941 1464 existimatione
964 1407 1153 1476 commendat;
1176 1405 1251 1472 vitia,
1278 1405 1356 1461 simul
1379 1406 1562 1477 pungentibus
1583 1403 1689 1459 meritis
1710 1402 1823 1473 spiculis

178 1477 350 1551 perstringit.
368 1478 419 1533 Ubi
433 1477 468 1534 de
481 1476 622 1532 Willolmo
636 1480 647 1531 l
663 1477 792 1547 loquitur,
807 1479 866 1534 hrec
880 1480 977 1535 verbat
991 1479 1073 1534 lacit:
1088 1501 1099 1525 i
1112 1479 1152 1533 De
1163 1477 1307 1533 Willelmo
1322 1493 1390 1602 ιιςιι
1403 1478 1583 1546 scripserunt,
1593 1474 1712 1530 diversis
1719 1473 1824 1551 incitati

179 1549 282 1615 causis,
298 1557 325 1603 et
337 1547 489 1605 Normsnni
508 1556 535 1602 et
549 1547 635 1617 Angli
652 1564 658 1601 :
676 1547 714 1601 illi
724 1548 759 1603 ad
774 1549 871 1604 nimias
886 1548 990 1605 efferati
1005 1556 1068 1605 sunt
1081 1548 1193 1613 laudes,
1220 1550 1289 1605 bona
1312 1564 1355 1603 nia
1367 1563 1436 1618 aque
1446 1547 1528 1616 juxta
1551 1549 1579 1600 in
1603 1545 1705 1601 coelum
1721 1545 1824 1616 pl'aedt·

179 1630 288 1687 cantes;
304 1619 349 1674 isti
364 1635 415 1690 pro
429 1619 579 1690 gentilibus
592 1619 750 1681 inimicitiis,
767 1618 847 1675 ioedis
860 1621 998 1677 dominum
1014 1637 1092 1676 sunm
1107 1619 1266 1690 proscidere
1280 1619 1420 1675 conviciis.
1437 1619 1512 1686 Ergo
1526 1624 1625 1682 autem,
1642 1617 1708 1687 quia
1724 1617 1824 1670 utrius·

180 1707 233 1763 que
247 1690 337 1763 gentis
353 1690 515 1762 sangninem
532 1691 621 1758 traho,
633 1689 740 1746 dicendi
756 1691 811 1746 tale
825 1701 1068 1763 temperamentum
1082 1693 1216 1746 servabo:
1229 1691 1299 1746 bene
1313 1698 1401 1762 gesta,
1413 1698 1543 1762 quantum
1555 1702 1727 1759 cognoscere
1738 1686 1821 1756 potui,

181 1764 241 1818 sine
257 1762 317 1817 inco
331 1760 421 1830 palam
437 1759 563 1828 ederam3
579 1775 723 1842 perperam
737 1770 807 1825 scta,
823 1773 953 1834 quantum
968 1762 1084 1818 sufficiat
1098 1762 1226 1830 scientiae,
1243 1760 1339 1817 leviter
1352 1770 1378 1816 et
1393 1761 1468 1830 quasi
1485 1768 1657 1815 transeunter
1670 1758 1820 1839 attingam:

181 1843 209 1888 ut
223 1847 275 1888 nec
289 1833 409 1887 mendax
422 1831 547 1900 culpetur
562 1832 683 1894 historia,
700 1847 751 1888 nec
764 1832 839 1887 illum
857 1841 919 1888 nota
933 1834 1036 1889 inuram
1056 1832 1198 1895 censoria,
1224 1834 1301 1903 cujus
1324 1841 1423 1889 cuncta
1446 1847 1531 1900 piene,
1556 1830 1606 1885 etsi
1630 1845 1685 1884 non
1708 1830 1821 1897 laudari,

181 1903 305 1960 excusari
321 1911 394 1958 certe
407 1911 524 1973 possunt
538 1917 634 1972 opera.
656 1903 749 1974 ltaque
764 1903 799 1958 de
813 1904 859 1959 illo
882 1906 946 1960 talia
960 1906 1075 1960 narrabo
1095 1904 1211 1958 libenter
1226 1912 1252 1959 et
1274 1918 1381 1960 morose
1405 1918 1466 1983 quse
1488 1902 1543 1956 sint
1566 1900 1701 1955 inertibus
1724 1899 1823 1954 incita-

181 1982 284 2038 mento,
301 1976 435 2045 promptis
447 1973 585 2042 exemplo,
611 1974 670 2028 usui
695 1975 891 2045 praesentibus,
915 1977 1079 2046 jucunditati
1103 1975 1278 2045 sequentibus
1281 2014 1336 2029 .....
1361 1974 1424 2028 blihi
1448 1975 1506 2028 liaeo
1529 1971 1618 2044 placet
1632 1971 1784 2042 provincia,
1798 1978 1825 2024 ut

181 2045 263 2110 mala,
279 2061 406 2114 quonium
422 2059 503 2115 queo,
519 2045 579 2099 sine
593 2045 716 2100 veritatis
730 2045 874 2115 dispendio
888 2057 1051 2107 extenuem:
1070 2047 1140 2100 bona
1154 2061 1209 2100 non
1223 2045 1304 2100 nimis
1318 2053 1431 2101 ventose
1445 2042 1607 2100 collaudem.
1622 2062 1634 2093 s

219 2115 491 2171 blalmeeburieusem
506 2114 593 2169 virum
609 2114 698 2171 luisse
712 2117 832 2186 probatas
844 2116 1009 2191 integritatis
1023 2125 1050 2172 et
1063 2117 1170 2172 eximite
1184 2117 1336 2171 veracitatis
1357 2131 1392 2172 ex
1415 2114 1476 2184 ejus
1499 2115 1628 2185 operibus
1652 2110 1826 2167 manifestum

183 2197 235 2243 est.
252 2185 304 2243 Ubi
318 2187 354 2242 de
368 2186 411 2242 his
427 2202 487 2257 quae
502 2186 594 2240 scribit
604 2201 708 2257 anceps
722 2187 836 2254 dubitat,
853 2192 904 2242 etsi
919 2191 978 2245 haec
989 2188 1121 2259 temporis
1135 2188 1175 2242 sui
1191 2187 1297 2269 uulgari
1319 2188 1390 2243 lania
1410 2187 1598 2250 crederentur,
1614 2191 1694 2240 caute
1709 2197 1826 2254 progre-

184 2258 268 2322 ditur,
284 2268 309 2313 et
324 2273 418 2313 eorum
434 2274 495 2329 quae
510 2265 601 2312 narrat
615 2265 743 2314 auctores
758 2274 830 2328 qnos
845 2260 970 2330 sequitur
983 2275 1132 2331 sponsores
1145 2257 1266 2314 adducit.

220 2330 285 2397 Eius
300 2328 406 2384 dicendi
419 2329 527 2384 modus.
544 2328 682 2399 precipue
697 2328 724 2383 in
740 2329 880 2399 prioribus
896 2330 1039 2402 operibus,
1063 2330 1209 2402 aliquando
1231 2329 1351 2383 laborem
1374 2326 1495 2393 redolet,
1520 2326 1662 2397 exquisitis
1683 2331 1780 2381 tamen
1803 2331 1828 2378 ct

186 2399 357 2472 elegantibus
372 2399 489 2468 periodis
502 2398 631 2454 abundat.
653 2399 729 2470 Opus
743 2402 801 2467 ejus
813 2400 972 2470 plerumque
984 2400 1099 2456 classico
1118 2415 1197 2455 more
1220 2399 1349 2469 scriptum
1365 2399 1488 2469 prolluit;
1513 2407 1541 2453 et
1564 2397 1688 2468 quamvis
1699 2410 1828 2450 immmu-

185 2470 257 2526 niter
271 2471 354 2527 dictio
368 2472 490 2534 concisa,
506 2471 654 2525 vehemens
668 2486 850 2541 nervosaque,
865 2486 1059 2543 nonnunquam
1074 2481 1163 2527 tamen
1180 2470 1293 2525 verbosa
1307 2470 1478 2540 obscuraque
1489 2468 1646 2538 judicanda.
1662 2467 1732 2537 ttjiis
1746 2481 1828 2536 opera

185 2541 292 2624 perlegi
308 2549 455 2613 nequeunt,
471 2540 537 2610 quiri
553 2558 585 2595 ex
601 2539 788 2612 frequentibus
802 2543 962 2597 testimoniis
977 2553 1002 2597 et
1017 2543 1090 2598 lelici
1114 2542 1305 2596 sententiarum
1330 2540 1591 2602 accommodatione,
1607 2539 1687 2595 obvie
1709 2544 1830 2608 patescat

185 2612 261 2667 illum
273 2613 457 2668 Romanorum
473 2618 615 2666 anctorum
631 2611 730 2682 scripta
746 2614 966 2682 pertractavisso,
982 2629 1114 2682 suamque
1128 2618 1247 2667 mentem
1262 2628 1359 2667 eorum
1381 2610 1448 2665 ilatu
1468 2610 1662 2682 leporibusqne
1683 2608 1826 2663 imbuisse.

185 2684 221 2739 Se
236 2697 273 2738 ex
288 2698 339 2752 pro
359 2683 429 2739 osito
442 2697 519 2737 suuni
536 2681 644 2737 dicundi
659 2683 771 2738 modum
786 2686 844 2751 (18)
859 2685 966 2740 variare
981 2701 1033 2741 non
1050 2685 1132 2739 semel
1155 2683 1318 2752 declaravit,
1335 2699 1369 2738 ne
1383 2681 1478 2739 lectori
1502 2681 1644 2736 uniformis
1668 2681 1731 2753 styli
1755 2686 1831 2734 tenor

184 2753 298 2808 taedium
312 2770 326 2806 a
349 2762 428 2817 erret,
442 2761 466 2807 et
482 2767 498 2806 a
512 2752 595 2808 semel
610 2753 689 2808 dictis
704 2756 884 2810 retractandis
898 2770 1071 2825 summopere
1085 2754 1166 2811 cavit.

221 2823 269 2878 Est
282 2830 374 2879 temen
389 2824 416 2878 in
431 2839 485 2894 quo
498 2838 552 2877 non
567 2822 702 2879 immerito
717 2827 931 2894 reprehendatur
944 2833 1040 2883 auctor
1054 2824 1294 2897 praestantissimus
1311 2841 1317 2878 :
1334 2824 1382 2880 sed
1399 2822 1493 2879 volens
1510 2822 1603 2894 lapsus
1614 2829 1666 2878 est.
1698 2820 1742 2877 Ne
1754 2835 1830 2876 suum

187 2908 257 2964 opus
271 2896 395 2951 chronici
414 2895 529 2950 formam
549 2893 680 2961 indueret,
695 2894 724 2948 in
738 2896 892 2965 oppositum
909 2898 1051 2967 scopulum
1075 2897 1197 2962 illiditur,
1223 2903 1389 2968 eventusque
1410 2895 1564 2964 frequenter
1583 2899 1677 2949 uariat
1700 2891 1831 2959 temporis

185 2972 278 3020 uotam
293 2965 430 3032 omittens,
447 2964 505 3019 sive
529 2974 558 3019 ut
580 2965 617 3020 ita
640 2980 654 3019 a
677 2980 727 3020 eus
748 2966 888 3023 Romanos
910 2968 1061 3023 imitaretur
1082 2968 1251 3038 scriptores,
1275 2982 1336 3021 sive
1359 2974 1387 3020 ut
1410 2965 1498 3020 arduo
1520 2964 1714 3033 supersederet
1738 2962 1831 3018 laboro

185 3051 247 3091 cuin
273 3044 313 3091 tot
328 3044 410 3093 tantae
430 3052 465 3091 ue
478 3035 568 3091 adsint
582 2981 677 3105 quoad
686 3043 765 3092 notas
778 3037 991 3111 chronologicas
1003 3038 1197 3109 discrepantiae
1215 3037 1242 3092 in
1266 3037 1384 3092 lontibus
1403 3038 1470 3106 ipsis
1485 3036 1531 3108 qui
1546 3033 1785 3115 blalmesburlansi
1799 3031 1832 3086 ad

186 3122 296 3161 manum
312 3115 400 3163 erant.
411 3053 480 3162 ίιιοι
495 3122 548 3162 nou
564 3115 624 3161 eret
637 3107 795 3163 saxonibus
805 3109 972 3189 praellnitam
987 3110 1121 3178 cuiusque
1136 3117 1249 3163 eventus
1262 3108 1334 3164 diem
1349 3108 1376 3162 in
1391 3107 1449 3162 suis
1461 3107 1605 3162 annalibus
1617 3120 1785 3175 exprimere.
1801 3104 1830 3159 lu

185 3178 348 3248 quibusdam
362 3178 461 3233 harum
476 3176 591 3232 maximi
614 3176 693 3248 pretii
714 3178 904 3251 reliquiarum,
920 3197 981 3252 qnae
994 3180 1131 3237 &sonum
1157 3178 1289 3235 Chronica
1310 3177 1504 3243 inscribuntur,
1520 3176 1671 3239 codicibus,
1686 3191 1732 3231 res
1745 3182 1832 3248 gestes

185 3248 346 3304 exhibentur
361 3248 444 3320 qussi
458 3248 484 3304 in
500 3247 571 3302 distis
586 3247 665 3302 annis
675 3251 853 3316 occurrerint,
871 3253 933 3306 dnm
949 3261 1061 3307 econtra
1086 3251 1112 3304 in
1135 3250 1195 3305 aliis
1218 3249 1359 3306 codicibus
1377 3254 1479 3304 easdem
1497 3264 1541 3303 res
1563 3246 1623 3303 aliis
1644 3247 1724 3301 annis
1743 3245 1831 3302 secri-

188 3320 304 3384 huntnr;
320 3318 377 3374 illis
392 3335 459 3375 vero
473 3318 667 3388 discrepantiis
681 3319 784 3376 mederi
800 3337 874 3377 nunc
889 3320 988 3388 sacher
1010 3337 1072 3376 nam
1087 3336 1169 3377 exio
1183 3320 1267 3375 lluunt
1282 3320 1353 3392 quod
1378 3321 1568 3375 chronicorum
1585 3327 1716 3374 auctores
1729 3331 1830 3372 anuum

184 3390 331 3445 adiversis
346 3391 513 3462 temporibus
527 3390 710 3459 auspicentur.
731 3391 898 3463 Pati-iburgi,
915 3402 942 3448 et
955 3394 982 3447 in
997 3393 1104 3449 caeteris
1119 3392 1296 3448 monasteriis
1309 3406 1324 3445 s
1341 3390 1594 3462 regeAEtbehvaldo
1610 3389 1740 3449 fundatis,
1756 3403 1774 3443 a
1788 3387 1831 3441 ri·

184 3461 283 3516 cesinia
299 3461 393 3531 quinta
407 3458 497 3516 liertii
512 3459 574 3521 dic;
588 3460 745 3526 Wigorniie
759 3477 825 3517 uero
840 3472 867 3518 et
881 3466 907 3518 in
921 3463 1094 3519 monasteriis
1108 3464 1143 3518 ab
1153 3462 1281 3519 Ostvalilo
1295 3462 1421 3529 conditis,
1436 3478 1453 3516 a
1467 3462 1596 3516 vicesima
1610 3461 1701 3530 quinta
1717 3459 1831 3515 Decem·

186 3529 244 3586 bris
257 3546 357 3586 aunum
373 3530 553 3594 inchoabant3
568 3531 641 3586 unde
655 3531 683 3585 in
697 3533 780 3587 variis
794 3532 933 3590 Saxonum
958 3535 1151 3592 chronicorum
1175 3533 1327 3597 oodiolbns,
1342 3549 1386 3588 res
1410 3549 1472 3604 quaa
1496 3531 1566 3587 inter
1579 3532 1675 3586 lestum
1692 3529 1829 3585 Nativita-

186 3601 220 3657 tis
233 3602 341 3657 Domini
356 3601 459 3671 atejus
475 3602 670 3657 iucarnationis
685 3603 917 3661 annuntiationem
933 3614 1100 3665 occurrunt,
1116 3604 1231 3661 dirersis
1246 3604 1324 3657 annis
1338 3603 1517 3659 ascribuntur.
1534 3602 1625 3658 asseri
1639 3601 1828 3673 chronologis,

186 3673 214 3727 in
235 3673 288 3728 vita
302 3671 414 3731 AEllredi
426 3671 530 3742 llagni,
546 3687 600 3728 uou
615 3673 699 3728 semel
713 3675 843 3730 mendosa
866 3685 909 3732 est
931 3677 958 3731 in
981 3675 1126 3733 statuendo
1150 3675 1229 3748 regni
1243 3673 1355 3730 AEllredi
1369 3674 1457 3729 initio.
1476 3674 1675 3730 ilithelwardus
1698 3671 1727 3727 in
1747 3672 1829 3728 chro-

185 3742 298 3825 nologia
313 3742 465 3817 principum
477 3744 616 3800 Saxonum
631 3744 665 3799 ah
680 3744 875 3802 annalistarum
891 3747 1012 3817 ejusdem
1027 3746 1116 3819 gentis
1130 3746 1334 3816 computatione
1343 3744 1422 3800 valde.
1436 3745 1564 3801 diversus
1578 3744 1725 3799 invenitur.
1735 3741 1829 3798 Istius·

186 3813 262 3869 modi
277 3813 434 3887 scriptores,
451 3814 550 3887 posito,
565 3814 642 3887 quasi
656 3832 713 3873 ιιι
727 3816 849 3873 historiae
863 3817 1051 3884 fundamento,
1067 3818 1206 3873 &sonum
1221 3817 1410 3874 chronicorum
1433 3817 1529 3872 codice
1553 3830 1636 3886 quem
1661 3814 1694 3868 ad
1718 3828 1830 3869 manum

186 3883 335 3951 habebant,
351 3885 389 3940 illi
403 3886 588 3953 sdhaesemnt,
601 3886 780 3943 sufficientem
805 3888 1040 3960 recognoscenda
1063 3897 1215 3957 temporum
1238 3887 1359 3942 veritatis
1377 3888 1483 3957 copiam
1499 3901 1552 3943 non
1567 3886 1709 3941 habentes.
1725 3884 1830 3956 Cuique

184 3959 361 4023 monssterio,
378 3957 447 4012 intra
462 3956 612 4013 resneotivs
627 3959 797 4027 lleptarcbire
811 3975 906 4032 regua,
922 3959 1015 4029 procul
1029 3959 1112 4015 dubio
1135 3958 1294 4031 designatus
1313 3957 1402 4013 inerat
1417 3958 1457 4012 vir
1470 3957 1571 4028 aliquis
1586 3957 1642 4028 qui,
1658 3970 1732 4011 suno
1752 3954 1829 4010 desi·

185 4035 276 4092 nante,
293 4043 339 4084 res
352 4027 387 4082 sd
402 4014 562 4084 memoriam
575 4027 709 4099 insignes,
724 4046 786 4100 quae
799 4045 854 4084 non
876 4039 977 4085 tantum
1001 4030 1028 4084 in
1051 4045 1138 4099 regno
1154 4028 1200 4083 ubi
1215 4028 1299 4084 situm
1314 4037 1383 4091 erat,
1398 4029 1578 4101 contigerant,
1599 4028 1645 4083 sed
1661 4036 1688 4083 et
1701 4026 1757 4082 nlla
1770 4041 1830 4097 quse

186 4096 213 4153 in
226 4097 322 4154 vicinis
339 4100 432 4171 regnis
455 4099 610 4156 occurrisse
623 4109 725 4165 nosset,
741 4099 850 4168 scriptis
873 4102 1027 4170 niandaret;
1049 4100 1113 4156 inde
1135 4100 1291 4156 necessario
1304 4099 1472 4172 sequebatur
1494 4106 1621 4155 notarum
1636 4097 1829 4154 chronicarum

186 4167 377 4240 discrepantia,
394 4185 456 4226 cum
472 4170 699 4240 septentrionales
712 4185 729 4225 a
743 4171 902 4225 meridianis
917 4171 944 4225 in
958 4187 1031 4228 anno
1049 4172 1204 4227 inchoando
1224 4174 1343 4225 variasse
1357 4179 1474 4226 constet.
1496 4171 1630 4225 Praeterea
1644 4169 1671 4222 in
1686 4169 1829 4225 Saxonum

186 4240 378 4297 chronicorum
393 4239 533 4296 codicibus
548 4240 650 4296 notatio
664 4248 818 4312 temporum
832 4242 960 4297 Romanis
976 4242 1182 4298 characteribus
1195 4241 1356 4313 designatur
1369 4243 1581 4314 contingereque
1606 4240 1686 4296 lacile
1699 4240 1790 4309 potuit
1802 4247 1829 4293 ut

185 4310 213 4365 in
229 4310 413 4380 exprimendis
426 4311 473 4373 lll,
488 4311 532 4365 vel
547 4312 593 4372 ιιι.
608 4311 651 4367 ιιι
666 4311 728 4367 aliis
740 4312 871 4377 numeris,
887 4329 957 4367 unus
980 4314 992 4368 l
1019 4314 1188 4368 insereretur
1211 4322 1257 4366 sut
1284 4314 1464 4377 omitteretur,
1489 4328 1545 4382 quo
1567 4326 1664 4367 errore
1685 4317 1830 4382 sequentes

186 4381 274 4437 serias
287 4390 366 4437 erant
379 4381 537 4438 imotenus.
561 4380 642 4450 Quod
665 4397 727 4438 oum
748 4384 1024 4439 llulmesburieusem
1037 4392 1063 4438 et
1077 4399 1185 4439 coaevos
1199 4382 1317 4454 ingerat,
1332 4383 1375 4438 vel
1390 4393 1416 4438 ut
1432 4398 1490 4438 reni
1505 4382 1616 4438 levioris
1630 4381 1762 4438 momenti
1777 4397 1829 4452 pa-

186 4468 250 4507 rum
265 4460 402 4515 curarent,
418 4451 516 4507 multas
530 4452 689 4508 Willelmus
704 4453 800 4508 obvias
814 4454 1015 4524 discrepantias
1036 4454 1128 4509 hahuit
1151 4468 1220 4524 quas
1243 4453 1334 4509 debito
1354 4453 1436 4508 modo
1460 4453 1637 4509 reconciliare
1657 4454 1746 4522 impar
1759 4460 1827 4515 erst,

186 4528 214 4577 et
228 4523 290 4578 ideo
299 4522 464 4578 narrationis
476 4521 586 4577 modum
602 4523 721 4605 elegisse
736 4524 872 4592 putandus
886 4533 938 4585 est.
954 4526 1000 4595 qui
1019 4525 1090 4580 uotis
1102 4524 1242 4579 chronicis
1259 4523 1337 4579 lacile
1352 4532 1469 4580 careret.
1489 4523 1624 4592 Quoniam
1636 4539 1728 4578 menis
1741 4523 1827 4579 chro-

189 4593 352 4665 nographus
366 4593 463 4648 baberi
477 4593 597 4659 nolebat,
610 4604 676 4649 satis
690 4593 729 4648 illi
744 4594 831 4649 visuni
846 4604 889 4650 est
902 4595 937 4650 ad
951 4611 1065 4666 scopum
1090 4594 1292 4666 assequendum
1317 4603 1346 4649 ut
1367 4602 1497 4650 statueret
1518 4594 1622 4667 aliquid
1645 4594 1747 4650 alicubi
1762 4609 1828 4650 eve-

185 4663 270 4729 nisse,
286 4671 313 4718 et
327 4661 390 4719 inde
404 4664 538 4734 quosdam
553 4662 666 4720 allectus
681 4679 826 4735 manasse;
842 4667 890 4720 sed
906 4676 996 4721 utrum
1009 4666 1037 4720 id
1049 4681 1121 4722 anuo
1132 4669 1184 4720 ιιθιι
1193 4674 1237 4720 ιιι
1247 4681 1318 4721 anno
1327 4670 1378 4724 802
1387 4665 1558 4739 contigisset,
1570 4668 1596 4720 id
1608 4665 1653 4721 ille
1665 4680 1721 4720 non
1731 4673 1761 4720 ut
1772 4680 1829 4721 reni

186 4736 279 4807 gravis
294 4735 425 4790 momenti
438 4735 562 4803 curabat,
577 4735 637 4805 ejus
650 4735 744 4807 operis
766 4737 908 4806 proposito
931 4745 985 4791 tam
1009 4737 1138 4791 minutam
1162 4736 1361 4793 accurationem
1385 4753 1441 4793 non
1467 4738 1639 4808 requirente;
1660 4752 1724 4808 quie
1738 4744 1828 4791 tamen

185 4816 341 4876 temporum
355 4804 560 4862 inobservantia
574 4805 739 4878 quibusdam
757 4805 783 4861 in
798 4807 879 4873 locis,
894 4808 939 4862 ubi
956 4809 992 4864 roi
1007 4814 1092 4880 gestae
1105 4823 1206 4862 anuum
1232 4817 1424 4876 expresserat,
1440 4807 1516 4862 illurn
1541 4808 1567 4861 in
1583 4807 1827 4863 anachronismum

186 4877 296 4947 deiecit,
311 4885 392 4949 atque
406 4892 463 4932 non
477 4876 562 4932 semel
576 4877 603 4932 in
618 4886 721 4933 tantum
737 4877 842 4948 impulit
856 4894 986 4947 errorem,
999 4886 1029 4933 ut
1042 4876 1168 4934 effectum
1183 4893 1274 4934 causae
1288 4885 1474 4948 anteponeret.
1500 4880 1533 4934 ti
1553 4878 1688 4948 ejusmodi
1711 4877 1828 4934 delectui

185 4946 295 5019 aliquod
312 4946 462 5004 remedium
476 4946 631 5014 afferretur,
647 4948 801 5030 omissaque
816 4949 905 5020 quoad
920 4950 1086 5005 notationem
1097 4957 1248 5020 tempomm
1260 4949 1461 5020 supplerentur,
1470 4949 1560 5004 visum
1570 4958 1610 5004 est
1620 4957 1648 5004 ut
1660 4948 1688 5002 in
1698 4949 1827 5019 praesenti

184 5019 275 5091 operis
288 5018 408 5075 editione
423 5023 553 5074 accurata
567 5020 698 5090 temporis
711 5018 825 5074 indictio
839 5017 867 5073 in
882 5019 1006 5090 margine
1031 5028 1190 5091 poneretur,
1233 5019 1428 5091 notiesciinqne
1451 5020 1524 5090 apud
1547 5029 1685 5075 auctorem
1711 5034 1828 5074 erronea

183 5099 224 5215 estt
239 5090 282 5145 vel
290 5089 441 5215 &inim
465 5087 569 5161 Quibus
581 5097 672 5147 sutem
686 5089 745 5146 nixi
760 5089 941 5147 laudamentis
955 5091 1006 5148 boc
1020 5089 1192 5164 perliciemus
1206 5036 1365 5163 plerumque
1386 5090 1457 5147 notis
1472 5092 1508 5146 ad
1525 5090 1628 5147 calcein
1652 5089 1762 5161 peginae
1776 5104 1828 5161 po·

180 5175 203 5215 si
216 5172 240 5215 is
254 5176 288 5230 pa
335 5168 365 5216 ιι.

216 5231 277 5285 lam
312 5230 402 5287 iiidem
416 5228 538 5287 diximus
553 5231 652 5288 llieron
674 5246 748 5286 mum
763 5230 976 5303 commulnem,
991 5246 1064 5288 snno
1080 5233 1158 5298 1587,
1175 5229 1363 5302 Heidelbergae
1385 5230 1485 5286 librum
1507 5231 1635 5297 edidisse,
1650 5229 1695 5287 cui
1709 5230 1805 5286 titulus
1821 5250 1826 5284 :

184 5248 634 5382 herumzritussnlccrismddcst.
705 5302 1828 5375 lioe,Scotloe,vicinorumqueinsularumucregiosiuni,scriptoresueslitstiorsr.

183 5371 285 5441 Pagina
300 5371 350 5425 ιιι
366 5371 450 5452 hupus
463 5372 565 5442 operis,
577 5374 628 5429 sub
637 5372 687 5428 titn
698 5388 715 5428 o
727 5390 734 5428 :
747 5375 784 5430 lle
796 5375 1049 5445 gestirAnglorum
1059 5373 1125 5429 libri
1141 5378 1208 5435 tres,
1220 5375 1329 5430 incerto
1343 5379 1469 5436 anctore,
1480 5375 1653 5430 continentur
1665 5383 1796 5444 excerpta
1813 5389 1829 5428 e

182 5439 267 5496 tribus
280 5439 378 5511 primis
392 5439 471 5497 libris
485 5443 734 5501 llalmesburieuais
748 5445 841 5532 operis
854 5445 927 5516 quod
943 5443 1116 5501 inscribitur:
1135 5446 1217 5500 Gustu
1232 5460 1328 5517 regum
1337 5445 1519 5516 Aetolorum·
1533 5445 1583 5500 sed
1597 5443 1738 5500 evidenter
1752 5452 1829 5517 patet

181 5526 216 5567 ex
230 5510 330 5569 notulis
344 5509 519 5585 quibusdam,
533 5523 577 5571 ut:
594 5514 729 5573 Videntur
741 5514 786 5574 liic
796 5532 855 5574 non
863 5531 956 5589 poison
966 5514 1074 5583 desem
1091 5515 1184 5571 inulto
1194 5515 1240 5573 hic
1249 5530 1355 5590 quoquc
1364 5515 1472 5595 requiri
1481 5515 1632 5585 videntnrr
1641 5514 1746 5573 desum
1756 5530 1826 5572 noss

213 5636 270 5707 (tr)
289 5634 401 5693 AEsssitl.
416 5650 450 5704 1,
465 5637 530 5694 ιιι.

212 5710 270 5779 (ts)
284 5728 297 5762 ι
313 5707 451 5765 Praeterea
464 5721 520 5764 non
535 5706 671 5765 indecens
684 5707 789 5765 asurim
803 5710 826 5766 si
838 5710 998 5768 multicolori
1011 5710 1084 5783 stylo
1098 5713 1220 5770 varietur
1231 5708 1332 5771 oratio.
1351 5734 1361 5755 ι
