3750 6000
59 231 137 291 ttae
549 225 600 286 DE
621 222 757 285 GESTIS
778 223 933 285 PONTIF.
957 222 1070 284 tuat.
1095 254 1134 271 ·-
1156 225 1226 286 tta.
1250 227 1275 288 l.
1680 233 1759 297 1451

56 365 181 436 speciem
199 367 307 421 retorta
323 363 389 419 usui
403 365 533 418 humanu
548 358 744 417 conducibilia
761 358 877 415 faceret.
893 363 920 428 Α
936 375 1053 426 acuum,
1069 359 1113 417 vel
1127 359 1248 417 mercari
1259 361 1548 421 volensdeminerum
1564 366 1699 438 gratiam,
1714 368 1761 426 vel
1847 420 1850 427 .

57 451 257 508 beatissimum
284 452 471 507 Duustanum
495 449 621 505 electum
646 447 881 519 wigorniensem
940 449 1030 505 vitare
1060 447 1159 504 valens
1186 458 1329 507 austeram
1358 451 1456 524 legum
1485 457 1671 524 sententiam,
1702 457 1761 514 huc

57 542 216 597 antistitem
234 542 305 596 dum
322 540 484 596 cantuarie
501 538 694 603 benediceret,
710 538 798 592 tatius
814 551 883 591 ceu·
939 538 1116 594 accedebant
1141 538 1275 595 militaris
1303 540 1471 611 disciplina,
1502 546 1648 600 custodita
1673 548 1762 618 probe

56 625 882 700 sacrationisegitordinem‚utnonllliccicrumpenti·
940 627 1037 681 furum
1061 629 1215 697 rapacitas,
1240 629 1471 699 argentariorum
1504 630 1616 686 falsitas
1644 634 1761 704 capitali

57 719 397 787 tieem,sedCantuarics
423 718 592 774 benedicere
614 717 762 772 videretur
785 713 883 770 archi·
939 716 1045 770 damno
1069 716 1221 784 coercita,
1249 716 1320 771 nihil
1350 733 1469 788 prorsus
1497 719 1650 787 omissum,
1685 723 1762 793 quod

60 808 225 881 presulem.
242 808 362 866 Clericis
385 808 516 864 modeste
538 805 762 862 mussitantibus
781 803 883 859 vatici·
939 802 1089 859 internum
1111 805 1271 860 offenderet
1294 804 1460 862 arbitrium.
1483 806 1559 862 Ordo
1584 810 1763 867 monasticus

60 898 144 952 nium
173 896 304 969 pretulit,
333 897 407 953 scira
439 912 470 953 se
502 894 572 967 quid
603 894 718 956 faceret,
748 891 825 963 quod
854 905 884 946 se
939 892 1277 962 emulemprefessionis
1289 895 1450 950 saevitum
1464 896 1762 966 peremnislocancu

59 986 208 1057 defuncto,
220 988 391 1043 Duustanus
403 985 537 1058 primatis
548 982 683 1039 Ecclesia
695 986 789 1037 rector
800 982 881 1037 forat.
939 982 1107 1054 negligebat
1118 999 1125 1050 ;
1143 987 1294 1054 propterea
1311 984 1386 1055 quud
1409 984 1549 1041 habereut
1565 991 1692 1044 rectores
1704 990 1765 1045 vila

59 1076 242 1148 Quapropter
257 1075 334 1147 quod
347 1075 571 1130 ministeriosae
587 1076 678 1128 nutus
688 1070 805 1127 divinus
816 1067 884 1125 acti·
939 1068 1105 1141 religiosos,
1120 1071 1244 1126 scientia
1254 1071 1358 1139 claros,
1373 1089 1448 1145 quas
1459 1091 1512 1130 nac
1527 1075 1639 1131 desidia
1654 1077 1763 1147 tardes,

57 1170 157 1231 tasset,
173 1163 322 1220 calumnia
338 1164 361 1220 ai
379 1171 458 1219 recte
479 1163 655 1233 judicarant,
679 1176 777 1217 carere
797 1159 884 1215 dabe-
939 1175 992 1216 neu
1007 1159 1129 1215 audacia
1145 1160 1307 1232 precipites
1335 1162 1456 1230 faceret;
1480 1164 1549 1219 talis
1563 1164 1642 1220 onim
1657 1164 1764 1223 libratu

59 1258 113 1309 ret.
130 1253 188 1309 Nee
201 1269 268 1309 vero
290 1253 430 1324 presagio
450 1258 564 1308 matura
584 1251 657 1307 fides
679 1249 792 1305 defuit:
816 1248 885 1304 licet
939 1249 989 1303 diu
1009 1249 1195 1320 multumque
1216 1248 1351 1307 examine
1375 1267 1576 1322 propensaque
1593 1257 1621 1309 ct
1636 1259 1764 1312 certante

59 1343 172 1397 lltfiuus
199 1341 409 1398 wintoniensis
431 1343 588 1412 episcopus
612 1339 684 1394 illud
710 1337 884 1410 interpolare
938 1337 1101 1393 animorum
1120 1338 1309 1408 perspicacia,
1325 1355 1391 1396 curn
1412 1358 1472 1405 rex,
1490 1347 1551 1397 tum
1568 1342 1764 1415 archiopisco-

58 1436 211 1497 tentasset,
228 1447 357 1503 namque
372 1446 439 1486 cum
452 1429 513 1485 Ode
525 1428 699 1499 jamdudum
711 1432 883 1498 exspectan·
939 1442 994 1498 pus
1006 1431 1210 1499 promoverant
1221 1427 1387 1498 ubicunque
1397 1428 1538 1486 lucorum.
1553 1430 1655 1504 ltaque
1665 1433 1764 1490 clerici

58 1525 104 1576 tes
128 1537 250 1592 superea
265 1536 320 1575 sua
335 1519 488 1591 presentia
504 1518 690 1585 laetificasset,
713 1515 760 1572 ille
776 1515 885 1587 paratis
940 1517 1096 1573 multarum
1119 1515 1307 1572 ecelesiarum
1324 1518 1392 1573 datu
1416 1519 1545 1590 optione,
1568 1526 1600 1577 ut
1622 1527 1673 1577 aut
1687 1524 1763 1579 ami-

58 1609 217 1675 advocatis,
230 1624 355 1680 quarum
371 1624 476 1663 manus
491 1608 668 1678 palpaverat,
685 1606 886 1677 subreptoque
939 1611 1018 1661 otum
1047 1610 1204 1675 mutarent,
1236 1610 1286 1661 aut
1321 1606 1392 1662 locis
1420 1607 1623 1678 valedicerent,
1650 1627 1764 1669 cessere

61 1699 138 1769 regis
154 1699 257 1770 lidgnri
274 1697 368 1754 edicta
387 1696 518 1754 Cantium
538 1696 671 1752 intrusus
690 1699 754 1750 est:
778 1695 886 1767 primo·
940 1695 1122 1758 melioribus,
1140 1694 1306 1751 habitacula
1328 1712 1421 1751 vacua
1438 1697 1585 1754 facientes.
1602 1699 1765 1771 surgebant

61 1783 885 1859 quaexceptionisdieuuuabstinuit,quiufuriasmente
937 1783 1440 1856 ergointotuinsularcligiosorum
1456 1789 1765 1857 monasteriacumu·

60 1876 190 1932 confutas
214 1879 369 1942 evomeret,
394 1875 543 1931 tumulum
567 1874 644 1929 beati
661 1872 712 1928 riri
732 1872 803 1943 pede
818 1869 883 1943 pul·
937 1872 1073 1928 labantur
1089 1873 1164 1928 mole
1185 1873 1301 1937 pretiosi
1327 1874 1436 1930 metalli
1458 1882 1626 1933 sanctorum
1650 1877 1762 1950 altaria,

59 1981 141 2034 saus,
156 1965 256 2020 anima
270 1979 339 2021 vace
363 1963 530 2020 lacessens:
556 1985 570 2013 a
583 1962 725 2029 Tandem,
750 1961 801 2028 uit,
819 1976 885 2031 pes·
939 1978 991 2018 nec
1007 1962 1223 2033 degenerabant
1238 1979 1255 2018 a
1270 1963 1373 2019 decora
1384 1965 1493 2021 aerlium
1507 1981 1602 2022 mores
1617 1967 1762 2024 edifican-

59 2054 133 2109 sima
146 2070 248 2121 senex,
264 2054 391 2108 vivacem
406 2053 533 2108 animam
546 2051 681 2116 effudisti,
694 2065 758 2105 sero
771 2048 885 2104 meliori
938 2051 1024 2107 tium.
1041 2050 1085 2106 lta
1100 2049 1272 2108 hominibus
1286 2054 1383 2108 omnis
1398 2053 1520 2121 ordinis,
1538 2055 1716 2113 ferventibus
1730 2059 1760 2113 in

60 2143 157 2198 lecum
174 2143 285 2198 faciens
301 2142 398 2198 abisti.
422 2142 524 2213 ltaque
539 2139 617 2212 quod
637 2139 688 2194 diu
707 2138 885 2210 cupiveram,
939 2140 988 2197 Dei
1004 2140 1156 2212 obsequio,
1173 2144 1251 2196 terra
1267 2157 1383 2213 quoque
1398 2143 1462 2212 ipsa
1476 2143 1761 2215 videbaturgaudere

58 2236 87 2289 te
101 2235 192 2289 invito
208 2240 303 2300 tensa,
320 2234 388 2289 indo
403 2232 457 2288 tibi
480 2230 570 2287 malas
594 2231 704 2302 gratias
719 2244 774 2300 ago
788 2235 816 2284 et
835 2227 886 2283 ha·
938 2232 1007 2287 otio.
1019 2230 1087 2302 Agri
1105 2236 1243 2300 proventu
1260 2231 1341 2288 uberi
1357 2232 1572 2304 respondebant
1587 2234 1760 2306 cultoribus,

61 2322 125 2379 heo.
139 2345 152 2371 a
168 2323 222 2378 Sed
235 2322 285 2377 illo
300 2327 400 2378 exacto
411 2323 468 2388 die,
480 2337 546 2377 cum
558 2320 648 2382 rabiei
664 2319 779 2374 afflatur
795 2316 885 2373 cubili
939 2320 1071 2376 omnium
1088 2321 1230 2377 honarum
1246 2321 1329 2394 copia
1344 2321 1438 2394 plenis
1456 2323 1594 2378 effluebat
1614 2324 1761 2395 cornibus,
1856 2346 1860 2353 ·

61 2427 93 2467 se
108 2411 246 2478 dedisset,
270 2410 345 2465 vidit
360 2411 435 2466 beati
459 2410 513 2466 viri
532 2409 659 2480 effigiem
680 2412 835 2473 astantem,
857 2409 886 2461 ct
939 2426 991 2466 nec
1008 2409 1090 2467 facile
1106 2427 1236 2483 uuquam
1252 2416 1382 2482 tempere
1393 2413 1537 2468 Duustani
1548 2429 1628 2485 spem
1645 2414 1763 2486 previu-

62 2503 258 2571 improperare
279 2499 453 2565 convicium,
474 2503 502 2554 et
524 2496 607 2553 velex
627 2496 733 2551 minari
752 2495 883 2551 exitium.
939 2499 1057 2555 cislium
1074 2498 1180 2556 messis
1196 2516 1270 2572 egra
1292 2501 1416 2572 decepit.
1432 2500 1583 2556 Elementa
1600 2501 1673 2559 latis
1688 2503 1763 2559 reni·

62 2590 113 2646 llte
128 2587 179 2660 qui
194 2588 316 2644 volatico
334 2587 537 2659 phantasmata
561 2603 593 2643 se
614 2584 738 2642 derideri
761 2590 883 2656 putaret.
938 2588 1040 2643 tabant
1054 2587 1194 2656 vultibus,
1212 2587 1297 2643 nulle
1321 2588 1444 2655 nehulae,
1467 2588 1569 2644 uubils
1585 2589 1666 2645 nulla
1682 2589 1764 2662 pigro

63 2680 254 2735 nihilominus
268 2680 305 2734 ad
330 2679 528 2749 recipiendum
553 2677 674 2747 pallium
696 2675 818 2732 Rumam
835 2691 885 2746 par
939 2677 1152 2733 contrahebant
1169 2676 1238 2732 coelo
1257 2678 1398 2747 contagia,
1414 2678 1677 2735 transmarinorum
1694 2678 1763 2736 hos·

62 2768 151 2840 Alpes
165 2768 369 2825 contendebat.
387 2767 428 2824 lbi
445 2765 532 2823 nivali
549 2766 655 2835 frigore
669 2764 794 2836 gelatus,
812 2763 884 2819 nihil
939 2767 1014 2823 tium
1030 2770 1125 2822 metus
1141 2766 1252 2840 procul,
1272 2768 1369 2836 quieta
1384 2772 1413 2823 et
1427 2767 1587 2841 tranquilla
1602 2768 1712 2824 omnia.
1729 2769 1761 2824 lu

63 2857 143 2915 aliud
160 2858 279 2913 remedii
296 2856 481 2912 comminisci
498 2856 604 2927 putuit,
621 2871 709 2927 quam
726 2861 758 2910 ut
771 2858 886 2910 exente-
939 2856 1073 2923 urbibus,
1095 2872 1147 2911 nec
1167 2856 1196 2911 in
1218 2871 1360 2928 pauperes
1379 2857 1591 2929 prejudicium,
1613 2873 1666 2913 neo
1689 2858 1764 2913 inter

63 2953 192 3004 ratarum
209 2962 351 3018 equarum
368 2946 464 3002 adhue
484 2945 666 3017 spirantibus
680 2944 753 3000 extis
766 2943 886 2998 immer·
939 2946 1067 3001 viventes
1078 2943 1244 3012 dissidium,
1255 2962 1308 3001 nec
1320 2951 1439 3017 propter
1449 2947 1605 3003 morientes
1613 2946 1762 3018 justitium

61 3043 140 3110 geret
156 3037 255 3110 pedes,
271 3035 378 3107 quibus
394 3035 487 3090 sancti
498 3033 665 3107 sepulerum
681 3033 811 3089 violarat.
828 3033 885 3088 Sed
940 3033 1045 3090 herum
1056 3034 1195 3090 honorum
1207 3034 1289 3089 radix
1300 3036 1470 3105 peruomtnt
1484 3036 1607 3107 gratiam
1617 3036 1764 3106 spectabat

62 3142 114 3185 uec
129 3128 171 3182 sic
187 3125 284 3197 algore
300 3129 425 3197 tepente,
446 3123 476 3179 in
497 3131 619 3179 martem
640 3123 738 3179 anima
754 3121 883 3193 fugiente
899 3099 920 3166 G
939 3124 976 3178 ad
992 3124 1183 3193 Duustanum,
1205 3124 1241 3179 dc
1265 3123 1415 3179 Duustauo
1432 3123 1539 3195 prodiit
1559 3123 1589 3179 in
1605 3125 1762 3196 Edgarum,
1829 3114 1832 3121 '
1870 3150 1874 3157 ·

61 3217 193 3287 diriguit.
937 3212 973 3267 de
988 3211 1100 3284 lidgarn
1112 3212 1267 3283 pullulavit
1278 3213 1307 3267 iu
1320 3214 1472 3283 populum.
1483 3212 1589 3267 Felicia
1600 3218 1669 3267 tunc
1682 3214 1762 3268 luere

96 3304 188 3362 Elfruu
205 3319 273 3377 ergo
289 3304 424 3360 defuncto
440 3303 610 3359 Duustanus
627 3303 669 3374 (A.
687 3303 720 3358 D.
735 3301 887 3373 iditjam·
937 3309 1067 3374 tempera
1079 3300 1218 3358 habentis
1229 3302 1394 3373 presulem,
1406 3300 1457 3373 qui
1473 3301 1546 3355 nihil
1560 3302 1636 3356 infra
1650 3300 1763 3358 dictum

63 3396 174 3451 dudum
190 3393 403 3465 archipontifex
424 3392 521 3448 divino
545 3394 736 3463 presignatue
757 3390 884 3460 eraculo,
937 3390 1061 3447 faceret:
1089 3407 1198 3462 regem,
1220 3391 1269 3461 qui
1285 3389 1404 3447 sedulus
1427 3390 1532 3446 edictis
1547 3389 1699 3463 presulem
1715 3390 1763 3445 in-

63 3484 141 3556 regis
152 3484 258 3555 litigari
269 3482 397 3538 ambitur
407 3481 551 3552 precibus,
565 3485 596 3534 ut
607 3481 703 3535 sedem
716 3479 885 3552 primariam
938 3480 1077 3536 tenderet.
1097 3483 1160 3535 llaec
1175 3479 1371 3536 immortalem
1391 3479 1452 3535 vire
1468 3487 1643 3551 pepererunt
1656 3485 1685 3537 et
1699 3496 1763 3537 ser·

64 3574 234 3644 dignaretur
248 3571 412 3627 sanctitatis
428 3587 485 3626 sua
502 3569 657 3625 industria.
680 3569 733 3624 ssu
749 3568 813 3639 ipse
828 3582 885 3623 nou
937 3575 1076 3623 voverunt
1097 3567 1220 3639 gloriam
1247 3580 1341 3626 mutto
1369 3571 1465 3642 magis
1490 3586 1578 3640 quam
1611 3570 1763 3638 miracula,

67 3660 156 3718 semel
172 3661 268 3716 surdis
285 3661 406 3716 auribus
426 3663 576 3730 rogantem
601 3658 747 3725 differens,
772 3655 886 3713 tandem
939 3655 1598 3729 quamvisDominaadministranteneceorum
1612 3657 1764 3713 mendicus

65 3750 201 3807 concordi
228 3751 360 3806 omniurn
382 3749 584 3821 episcoporum
610 3763 732 3803 assensu
759 3761 886 3818 pressus,
940 3746 1036 3814 luerit,
1052 3761 1175 3818 quorum
1192 3744 1237 3802 hic
1252 3746 1294 3800 vel
1309 3746 1434 3801 breviter
1448 3746 1576 3802 indicula
1591 3762 1698 3818 ponere
1714 3746 1765 3803 illa

66 3856 172 3897 manus
187 3839 276 3895 dedit.
290 3840 394 3895 Fuerat
409 3838 458 3894 ille
471 3837 599 3893 athelmi
611 3855 618 3904 ;
631 3835 842 3907 archiepiscopi
854 3852 888 3892 ex
939 3835 1082 3907 efflagitet
1103 3834 1186 3902 ratio,
1212 3838 1244 3889 ut
1269 3835 1295 3890 si
1320 3837 1383 3905 quis
1407 3842 1558 3907 gaeterum
1582 3837 1645 3904 eJus
1661 3851 1764 3907 expers

67 3930 264 3997 fratrenapos,
276 3926 699 3998 priusabhasGlastoniae,pest
710 3925 887 3982 Wicciorum
940 3924 996 3980 ista
1013 3924 1143 3980 fortassis
1158 3921 1297 3995 attigerit,
1319 3925 1396 3979 norit
1410 3933 1551 3997 quantum
1574 3918 1696 3981 sanctus
1709 3926 1766 3982 iste

66 4023 94 4074 st
119 4016 365 4072 Londooiensium
398 4015 563 4086 episeopus,
597 4015 702 4070 ultime
728 4014 888 4070 Cautuaria
943 4014 1030 4084 hujus
1046 4015 1141 4068 adhuc
1158 4012 1401 4085 peregrinationis
1416 4014 1511 4071 incole
1526 4025 1622 4071 mente
1637 4031 1766 4082 superna

68 4106 315 4176 archiepiscopus,
333 4103 522 4175 promotionis
538 4121 599 4161 suas
611 4106 720 4177 gradus
736 4104 889 4160 indefessis
942 4103 1135 4178 praelibaverit
1146 4102 1261 4174 gaudia,
1273 4103 1392 4173 denique
1403 4105 1569 4160 sanctitatis
1580 4105 1644 4175 ejus
1661 4105 1765 4159 futura

66 4194 200 4253 comebat
223 4193 391 4249 virtutihus.
418 4194 568 4250 ditaverat
593 4195 719 4265 prefecto
743 4209 793 4249 cer
813 4192 890 4264 ragis
942 4208 1090 4266 presagus
1106 4192 1183 4247 idern
1200 4193 1250 4263 qui
1275 4193 1466 4248 suctorDeua
1488 4193 1617 4262 jucunda
1635 4192 1765 4263 prodigio

67 4281 228 4339 divinitatis
243 4281 349 4352 specie,
372 4286 404 4337 ut
419 4282 482 4352 ejus
503 4281 659 4338 consilium
680 4281 839 4353 susciperet
859 4281 888 4335 in
943 4282 1121 4337 nativitatem
1136 4282 1200 4352 ejus
1224 4281 1382 4351 praecurrit.
1408 4281 1558 4353 Siquidem
1586 4296 1652 4335 cum
1674 4288 1766 4335 mater

65 4370 204 4427 omnihus
221 4370 430 4439 incunctanter,
443 4370 553 4426 faciens
568 4385 750 4442 quacunque
761 4368 891 4441 pontifex
943 4372 1007 4442 eJus
1034 4369 1138 4426 fertilis
1153 4372 1182 4426 in
1206 4369 1303 4426 alvum
1320 4375 1495 4442 maturoque
1515 4372 1577 4440 iam
1597 4370 1626 4424 in
1649 4373 1763 4441 partum

60 4460 195 4531 jubenda
210 4461 332 4529 putaret.
359 4457 410 4513 Ille
434 4473 562 4530 quoquc,
587 4459 726 4530 quidquid
751 4459 837 4514 famas
860 4461 889 4512 at
904 4465 926 4531 Β
943 4461 1000 4516 fetu
1015 4461 1044 4516 in
1062 4461 1266 4516 purificatione
1277 4467 1383 4516 sancta
1393 4462 1487 4515 traria
1503 4459 1645 4532 frequenti
1656 4459 1765 4515 civium

65 4547 153 4606 saluti
169 4549 244 4619 regis
260 4547 438 4602 concinnum
449 4563 513 4605 csse
527 4547 711 4616 intelligeret,
723 4563 781 4602 non
797 4547 884 4603 omit·
940 4547 1768 4620 collegiotempleassisteret,amuiumrepeutsluminuria

64 4643 136 4708 tare,
151 4638 329 4693 differentem
342 4637 439 4692 acrius
454 4652 566 4707 urgere,
582 4637 676 4708 ipsius
692 4637 771 4708 prius
791 4653 886 4694 mures
942 4655 993 4694 seu
1010 4652 1106 4704 casua,
1120 4652 1171 4693 seu
1184 4637 1231 4692 Dei
1247 4637 1492 4694 nutusexstinxit.
1509 4637 1654 4693 Omnibus
1669 4641 1766 4707 stupe·

66 4728 250 4783 subditorum
276 4725 430 4799 speculum
452 4727 596 4797 effigians,
620 4742 686 4783 cum
708 4727 890 4795 excessisset,
946 4728 1040 4796 tactis,
1071 4731 1209 4783 matrona
1240 4743 1339 4783 cereus
1367 4727 1462 4783 lucem
1497 4725 1609 4797 accepit
1641 4723 1767 4791 coalitus,

66 4817 179 4886 absque
194 4831 324 4888 persone
339 4819 472 4885 respectu
484 4815 606 4871 feracius
618 4813 770 4871 ulciscens.
787 4817 891 4872 Exem-
945 4817 1218 4889 communicatoque
1242 4818 1355 4872 caeteris
1378 4816 1456 4889 igne,
1479 4815 1613 4871 timerem
1634 4813 1768 4884 dispulit,

67 4905 149 4978 pium
172 4905 242 4961 dicti
267 4905 298 4960 in
321 4903 412 4976 gestis
437 4920 538 4978 regum
563 4906 705 4976 apposui:
730 4908 807 4976 quad
823 4921 890 4962 eum
943 4907 1129 4962 securitatem
1146 4906 1270 4960 induxit.
1283 4905 1358 4961 Puer
1368 4904 1571 4961 litterisdatus
1582 4920 1648 4958 cum
1665 4918 1770 4958 omues

67 4994 198 5066 septenni
237 4992 411 5049 mulctasset
446 4995 625 5065 poeuiteutia,
654 5010 705 5067 pro
733 4993 834 5050 illicita
859 4994 889 5051 iu
944 4995 1138 5051 iustitutionis
1153 4994 1244 5050 libros
1261 5000 1392 5065 patenter
1405 4995 1582 5058 addisceret,
1599 4998 1660 5047 turn
1679 4991 1771 5046 tihen-

66 5099 141 5151 eam,
171 5097 236 5152 qua
264 5082 307 5140 vel
337 5084 498 5140 umbratica
527 5082 759 5141 sanctimonialis
788 5083 891 5140 fuisset
943 5083 1003 5140 tius
1027 5089 1056 5140 et
1079 5083 1197 5140 charius
1222 5083 1273 5139 illa
1292 5083 1527 5147 exosculabatur,
1551 5098 1613 5152 que
1642 5079 1771 5137 maribus

67 5170 323 5241 concupiscentia:
349 5173 389 5229 ita
413 5178 446 5228 ut
470 5190 603 5245 proceres
628 5174 663 5229 sd
688 5174 834 5243 specimen
862 5181 890 5230 et
945 5173 1109 5229 informatis
1135 5180 1261 5228 mentem
1287 5174 1323 5228 ad
1349 5188 1476 5244 superna
1504 5171 1673 5242 dirigerent.
1699 5169 1770 5241 lijus

66 5277 201 5318 normam
221 5260 298 5333 regis
319 5263 485 5333 compositi,
510 5278 614 5334 parum
639 5263 682 5320 vel
699 5262 772 5319 nihil
787 5267 891 5320 contre
943 5261 1066 5319 statute
1083 5261 1167 5333 pusio
1183 5260 1331 5317 diabolum
1348 5269 1436 5316 noctu
1458 5265 1673 5325 occursantem,
1690 5259 1769 5315 raisi-

62 5354 122 5424 lus,
139 5357 300 5424 alequam
316 5354 468 5421 auderent,
485 5355 536 5426 qui
552 5354 705 5410 dominum
727 5372 812 5411 suum
827 5359 889 5412 tam
944 5354 1108 5422 durumque
1129 5366 1235 5406 canum
1258 5351 1374 5422 agmine
1394 5352 1534 5422 stipatum
1555 5351 1636 5424 virga
1655 5349 1768 5418 abegit:

66 5443 224 5500 obnoxium
242 5442 393 5499 Duustano
417 5442 626 5515 intelligerent.
651 5443 716 5501 Jam
739 5461 807 5502 vere
830 5461 888 5502 nnn
943 5441 1109 5497 obseratam
1124 5439 1278 5498 ecclesiam
1299 5440 1392 5496 obviis
1409 5441 1578 5511 angolorum
1602 5437 1717 5495 auxiliis
1733 5439 1770 5494 ad

68 5531 184 5589 dubites
201 5533 347 5603 quantum
358 5531 889 5606 tempersrstauexievulguspromi·
946 5537 1052 5590 terram
1081 5531 1184 5589 leuiter
1215 5530 1365 5604 depositus
1394 5531 1523 5591 intravit.
1552 5530 1604 5589 Cui
1632 5545 1771 5602 processu
