3750 6000
74 202 131 257 389

671 202 853 265 EPISTOLAE
873 209 915 265 ΕΤ
934 212 1133 273 enrvttuutn

1673 222 1728 277 ⁸90

70 326 168 400 ΜΗΘ
182 327 225 386 ⁸1¹5
238 328 368 402 ditssiiiie
377 337 477 398 wetti
494 345 625 398 reamque
639 346 670 386 ὅθ
680 331 776 388 divino
792 332 871 403 iudi·
885 336 913 396 A
927 337 957 391 iu
972 338 1131 411 episeopatu
1146 343 1250 400 scilicet
1267 343 1456 410 laudunensi,
1477 343 1611 399 abbatiam
1638 343 1726 416 ipsam

73 414 118 472 cio
133 418 257 476 existere
270 419 305 475 de
320 427 474 491 perpetrata
490 418 631 490 iniquitate
647 430 808 492 cognoseat,
826 430 877 477 eta

72 507 267 565 sacratisimo
282 524 399 578 corpore
421 516 448 564 et
476 508 609 578 sauguine
637 509 687 564 Dei
714 518 742 564 et
768 509 878 566 Domini

73 599 163 656 nostri
179 598 244 653 Jesu
260 596 359 652 Christi
386 596 475 652 aliena
509 593 564 664 irat,
594 604 676 669 atque
703 597 731 652 in
755 608 878 655 extremo

75 695 207 752 examine
219 694 349 749 districtae
363 693 458 749 ultioni
471 693 621 762 subjaceat.
646 694 757 751 Cunctis
788 705 878 752 autem

73 785 171 842 eidem
189 783 252 839 ioco
280 798 327 837 sua
350 781 415 852 jura
440 782 612 837 servantibus
631 783 666 837 sit
692 800 743 854 pax
770 784 878 839 Domini

73 872 164 930 nostri
179 870 364 940 iesuClrristi,
381 879 516 943 quatenus
543 876 571 926 et
587 871 629 927 iric
656 871 769 928 fructum
799 873 879 929 bonae

71 960 192 1019 actionis
218 958 381 1032 percipiant,
410 967 437 1015 et
471 959 543 1030 apud
576 959 728 1015 districtum
758 961 878 1031 judicem

74 1047 190 1122 praemia
223 1056 332 1103 aeternae
360 1046 435 1119 pacis
468 1047 617 1103 inveniant.
652 1051 749 1116 Amen,
786 1065 877 1115 amen,

76 1152 170 1194 amen.

110 1234 175 1308 Ego
190 1233 365 1290 Innocentius
379 1231 527 1290 Catholicae
538 1234 667 1292 Ecclesiae
684 1236 841 1309 episcopus.

113 1331 214 1387 Datum
249 1329 375 1385 Laterani
406 1345 457 1399 per
484 1346 593 1386 manum
634 1332 712 1389 Lucae
727 1333 879 1406 presbyteri

73 1418 239 1481 cardinalis,
255 1418 365 1492 agentis
378 1418 466 1473 ricem
481 1419 575 1474 domni
596 1421 747 1491 aymerici,
776 1430 879 1479 sauctae

74 1509 207 1564 Romanu
221 1506 354 1562 Ecclesiae
372 1506 481 1563 diaconi
496 1507 645 1563 cardinalis
660 1518 687 1564 et
710 1510 876 1580 cancellarii,

74 1612 114 1653 att
124 1596 245 1655 Kalend.
266 1595 398 1664 ianuarii,
410 1595 558 1652 indictione
566 1612 596 1662 ιι,
608 1599 809 1654 incarnationis
820 1601 878 1655 Do-

932 427 1103 485 Ciari-iontis
1119 447 1180 487 cum
1196 433 1394 498 omnidecima,
1406 440 1432 488 et
1445 432 1564 504 terragio
1579 432 1725 488 fundorum

932 515 980 570 tibi
994 517 1186 587 adjacentium,
1201 522 1305 578 scilicet
1320 537 1336 576 a
1351 520 1423 577 sonte
1436 519 1548 574 Emeiim
1560 522 1726 591 pernoeaiia

932 611 1063 679 Rebonis,
1081 615 1183 671 liberti
1195 626 1221 673 et
1234 617 1358 683 Danseri,
1376 633 1464 689 usque
1478 617 1512 671 ad
1525 618 1597 673 viam
1611 619 1646 673 de
1658 620 1727 676 ilos·

933 699 991 753 bais
1007 703 1159 772 (Boebeis),
1190 714 1216 760 et
1231 722 1264 760 ex
1279 706 1332 761 alia
1347 711 1426 776 parte
1441 705 1548 763 aiossis
1558 706 1592 761 de
1602 706 1728 762 iiontim·

933 787 982 843 bre
997 806 1048 859 per
1062 791 1203 862 pulchram
1220 793 1357 862 Quercum
1373 812 1459 864 usquc
1471 795 1504 849 ad
1515 795 1616 850 siccum
1630 796 1729 852 Sume·

932 900 1005 953 rum,
1022 895 1120 943 terram
1137 891 1216 945 etiarn
1232 892 1354 964 deliray,
1374 892 1454 960 cujus
1479 901 1560 948 terrm
1587 891 1729 965 longitudo

933 972 1108 1033 atinaterrae
1123 978 1294 1034 Clari-lautis
1316 996 1404 1050 usque
1429 980 1463 1035 ad
1487 989 1589 1036 terram
1617 981 1728 1053 Boucoy

932 1064 1081 1136 (Bourop);
1109 1065 1222 1122 latitudo
1248 1083 1314 1122 vero
1328 1068 1400 1122 inter
1414 1069 1483 1123 duos
1495 1069 1578 1134 risos,
1602 1070 1673 1142 ilruy
1703 1078 1731 1126 et

934 1160 1059 1226 Gerbats,
1076 1170 1188 1218 extensa
1203 1179 1269 1219 esso
1284 1165 1470 1237 cognoscitur.
1503 1165 1641 1223 Praeterea
1660 1166 1731 1224 ultra

933 1249 1021 1304 rivom
1036 1250 1150 1323 deBray
1165 1251 1234 1307 duas
1262 1263 1405 1309 carucatas
1431 1263 1521 1320 terrm,
1552 1272 1612 1327 qua
1639 1254 1732 1312 omnia

933 1337 1005 1392 intra
1025 1341 1180 1409 parochiam
1196 1342 1229 1395 de
1244 1341 1357 1397 Wimiis
1372 1343 1463 1412 (hodie
1476 1343 1582 1412 vimis),
1592 1344 1732 1400 continen-

933 1433 986 1480 tur.
1003 1427 1033 1480 in
1049 1429 1175 1497 parochia
1191 1437 1283 1483 autem
1295 1429 1329 1483 de
1346 1430 1442 1485 Lusoir
1452 1438 1534 1485 totam
1545 1439 1656 1499 terram,
1686 1429 1732 1486 illa

932 1530 996 1586 qum
1010 1524 1052 1570 est
1067 1515 1137 1571 inter
1160 1518 1227 1588 Bray
1239 1524 1265 1572 et
1280 1518 1407 1586 Gerbais,
1436 1535 1517 1590 quam
1544 1520 1657 1576 contulit
1679 1518 1731 1576 ai-

933 1603 1035 1658 bardus
1052 1614 1235 1677 cognomento
1254 1607 1392 1662 Bovarius.
1408 1608 1503 1664 Totam
1524 1609 1602 1664 eliam
1632 1616 1733 1665 terram

74 1678 558 1750 mi⁰i⁰ae⁸⁰⁰⁰¹¹³⁹2ii⁰¹¹²ifi⁰⁸¹¹¹⁸
580 1696 645 1738 i‘0s0
673 1682 765 1738 d0¹¹¹⁰i
794 1685 1325 1751 1⁰¹10·Btnnrsratunersnmerum
1355 1713 1416 1768 quae
1442 1698 1477 1752 ad
1507 1698 1674 1754 territorium
1696 1697 1732 1755 de

73 1769 160 1825 centii
176 1770 201 1823 ii
217 1783 297 1840 pape
311 1783 384 1823 anuo
398 1783 481 1824 nono.

384 1883 580 1939 cccxxxix.

77 1999 267 2072 Prieilegium
281 2013 332 2072 pre
355 2000 529 2124 monpesteirio
550 1999 577 2054 S.
598 1999 707 2057 Nicolot'
736 2001 880 2074 clarison-

450 2087 485 2124 as
497 2087 522 2125 s.

310 2159 399 2226 (douo
414 2159 494 2224 lits,
510 2160 576 2214 Dec.
592 2162 650 2229 nt.)

314 2264 417 2338 [Heca
433 2265 511 2335 trid,
523 2282 550 2336 p.
562 2265 636 2338 loz]

116 2363 310 2418 lanocsnrtus
325 2363 478 2433 episcopus,
496 2378 593 2418 servus
608 2379 752 2419 servorum
767 2365 815 2420 Dei
837 2364 881 2419 di-

78 2451 153 2508 leeto
168 2451 229 2506 lilio
244 2452 381 2507 Gsntnno
395 2451 485 2505 abbati
501 2452 587 2508 sancti
608 2452 713 2508 Nieoiai
742 2453 777 2508 de
805 2453 883 2509 Claro

79 2538 169 2607 ionte,
188 2539 303 2611 ejusque
312 2539 525 2596 suecessoribus
536 2540 669 2596 canonice
680 2539 847 2596 sufficiendis
855 2540 882 2596 iu

80 2635 263 2700 perpetuum.

120 2727 175 2782 Piae
191 2725 337 2797 postulatio
352 2725 511 2793 voluntatis,
526 2734 713 2798 prosequente
729 2727 810 2782 debet
824 2734 883 2783 stu-

84 2813 131 2870 dio
145 2813 299 2879 confoveri,
317 2823 450 2884 quatenus
465 2823 491 2870 et
502 2814 657 2870 devotionis
671 2816 811 2872 sinceritas
824 2816 883 2871 lau-

82 2902 213 2958 dabiliter
227 2903 368 2972 enitescat,
384 2911 411 2958 et
425 2903 526 2958 utilitas
540 2904 682 2975 postulata,
713 2905 783 2959 viras
807 2904 885 2960 indu-

934 1781 1029 1836 Lusior
1042 1781 1206 1850 pertinet,a
1232 1792 1306 1839 terra
1326 1784 1360 1840 de
1388 1784 1543 1858 Gercgnies
1576 1786 1732 1855 (cerenici)

934 1869 1067 1941 usquead
1096 1870 1265 1928 territorium
1293 1872 1328 1929 de
1354 1873 1475 1941 iioemiis,
1506 1891 1589 1946 quam
1618 1875 1733 1933 contulit

934 1968 1057 2031 Rabodo,
1076 1984 1144 2023 uxor
1158 1969 1219 2038 ejus
1235 1971 1325 2026 Bruuu
1339 1986 1372 2026 ac
1386 1971 1477 2037 liberi,
1495 1989 1544 2042 pro
1561 1972 1638 2041 cujus
1655 1981 1733 2029 terrm

936 2064 991 2111 tota
1005 2057 1120 2122 decima,
1138 2065 1190 2113 tam
1205 2058 1380 2129 agricultura
1394 2075 1475 2131 quarn
1491 2061 1657 2116 educationis
1671 2063 1734 2117 ani-

935 2142 1046 2198 malium
1062 2144 1185 2200 ecclesias
1201 2147 1232 2202 S,
1255 2147 1326 2201 Petri
1354 2147 1388 2202 de
1415 2147 1561 2213 buciliaco,
1586 2148 1666 2218 cujus
1692 2158 1735 2206 est

935 2232 1020 2287 altare
1035 2232 1069 2286 de
1085 2234 1183 2288 Losoir
1211 2235 1356 2290 duodecim
1383 2235 1496 2300 nummi,
1517 2237 1642 2292 ecciesiae
1669 2253 1734 2294 vero

936 2328 1028 2384 Sancti
1043 2329 1182 2384 iiiiohaelis
1195 2329 1264 2384 duos
1279 2330 1393 2386 solidos.
1411 2331 1553 2386 Sacerdoti
1569 2348 1632 2388 vero
1640 2333 1735 2389 lusoir

936 2418 1078 2472 duodecim
1097 2417 1294 2474 i'alentinensis
1309 2428 1427 2474 monetae
1449 2421 1586 2475 annuatim
1615 2420 1736 2491 persolvi

937 2515 1050 2570 debent.
1068 2515 1097 2569 in
1113 2515 1242 2585 parocbia
1261 2531 1329 2570 sero
1340 2516 1372 2571 de
1389 2516 1502 2572 Sorbais
1517 2517 1646 2572 allodium
1662 2519 1735 2590 quod

937 2603 1071 2659 dederunt
1087 2603 1225 2658 Gerardus
1238 2612 1265 2658 et
1280 2603 1409 2659 Goiridus
1424 2603 1471 2660 iiiii
1486 2606 1611 2677 lingonis
1623 2605 1736 2662 lisivais

937 2708 1054 2748 assensu
1070 2692 1165 2746 matris
1180 2701 1206 2747 et
1236 2691 1350 2747 fratrum
1371 2709 1491 2749 suorum.
1518 2694 1546 2748 ln
1577 2695 1735 2766 episcopatu

938 2799 1029 2845 autem
1045 2789 1246 2857 Cameracensi,
1263 2798 1364 2845 terram
1381 2807 1440 2861 quae
1455 2791 1519 2846 oiim
1545 2792 1632 2847 Malus
1649 2791 1734 2860 rivus,

938 2895 1010 2934 nunc
1025 2889 1114 2934 autem
1132 2879 1245 2935 Pulcher
1261 2879 1448 2941 lliroslirodic
1471 2880 1615 2952 Beautron}
1632 2897 1736 2937 nuncu·

82 2991 205 3047 bitanter
223 2999 359 3047 assumat.
389 2993 544 3048 interventu
568 2993 660 3065 itaque
689 2993 884 3048 venerabilium
939 2985 1027 3047 patur,
1054 2992 1101 3047 ili⁰
1123 2975 1202 3045 eujus
1227 2975 1597 3032 fundOhaeiedibfflSffld·
1616 2978 1736 3034 Viienil·

82 3079 199 3136 (nerum
228 3089 383 3136 mmmm
423 3081 613 3137 Bartholomaei
640 3082 828 3137 laudunensis
858 3044 1169 3136 epflnensismonetae,
1186 3065 1377 3135 prounit·et·sa
1395 3065 1663 3134 reroejusdecima,
1682 3076 1737 3122 tam

82 3169 190 3225 Nicoiai
206 3169 414 3224 Cameracensis
425 3170 626 3241 episcoporum,
648 3171 710 3237 tuis,
731 3171 829 3226 dilecte
856 3170 884 3225 iu

81 3253 194 3309 Christo
209 3252 256 3308 filii
273 3252 399 3309 Gerarde
422 3254 516 3320 abbas,
544 3255 626 3323 justis
655 3254 811 3325 petionibus
838 3271 885 3324 pa·

82 3349 162 3397 terna
181 3341 351 3413 benignitate
373 3341 531 3406 annuimus,
562 3349 589 3397 et
617 3342 765 3399 ecclesiam
794 3342 887 3399 Sancti

83 3429 194 3487 Nicolai
213 3429 249 3485 de
264 3429 345 3485 Claro
359 3429 443 3498 fonte,
461 3432 504 3487 cui
518 3431 634 3487 Domino
648 3439 759 3488 auclore
787 3433 887 3502 prasi·

85 3527 147 3594 des,
156 3543 221 3584 cnm
235 3527 364 3581 omniun
379 3528 437 3582 suis
448 3528 628 3599 pertinentiis,
640 3529 784 3599 praesentis
794 3529 886 3600 scripti

85 3625 190 3697 pagius
204 3623 419 3680 commuuimus.
438 3623 467 3679 iu
483 3624 580 3695 primis
601 3624 735 3697 siquidem
764 3633 887 3681 statuen-

85 3721 130 3769 tes
145 3712 253 3768 utordo
266 3714 414 3768 canonicus
424 3713 469 3784 qui
483 3713 634 3769 secundom
654 3713 725 3768 beati
745 3715 889 3784 Augustini

86 3797 249 3871 regulamet
275 3797 474 3852 institutionem
503 3797 617 3852 iratrum
650 3800 888 3854 Praemonstraten·

86 3887 169 3955 sium,
184 3886 214 3940 in
228 3886 326 3941 eadem
341 3885 460 3941 ecclesia
480 3885 613 3941 stabiliter
634 3886 729 3942 tuturis
757 3889 889 3958 tempori-

87 3986 152 4050 bus,
170 3983 272 4040 ibidem
306 3983 495 4041 inviolabililer
526 3995 716 4041 conservetur.
744 3986 889 4041 sanximus

86 4075 170 4130 etiam
187 4081 215 4127 ut
239 4072 308 4128 nulli
330 4073 444 4128 fratrum
473 4073 597 4142 ejusdem
629 4075 753 4130 ecelesiae
781 4073 889 4130 licentia

87 4170 181 4234 pateat
202 4169 267 4233 post
291 4161 390 4218 iactam
418 4161 457 4216 ibi
480 4161 689 4233 professionem,
714 4164 820 4235 absque
843 4171 890 4218 tuo

86 4266 208 4307 assensn
222 4259 250 4306 et
264 4251 380 4322 capituli
394 4251 480 4321 ipsius
501 4250 564 4316 ioci,
576 4251 609 4305 ad
637 4252 718 4306 aliam
746 4251 890 4308 ecclesiam

87 4349 249 4417 convolare,
265 4363 317 4403 nee
326 4348 454 4404 eumdem
464 4356 674 4405 transmeantem
696 4349 890 4421 cuiquesosci-

88 4437 260 4510 perelieect,
276 4437 319 4493 rel
333 4445 451 4508 tenere;
473 4438 518 4510 qui
534 4438 625 4504 etiam,
639 4438 890 4494 siiuvitatuscauo·

87 4529 210 4597 niceque
223 4526 353 4592 monitos,
369 4527 501 4583 recedere
516 4527 641 4593 noluerit,
658 4526 745 4582 abbas
772 4527 801 4581 in
828 4543 891 4583 eum

88 4612 254 4668 manicam
268 4613 432 4667 mutandam
447 4611 604 4683 proterendi
613 4612 713 4667 babeat
722 4611 890 4668 facultatem.

90 4701 197 4759 Sicera
216 4700 349 4773 generale
375 4700 549 4757 interdictum
578 4702 605 4755 in
634 4700 695 4756 ioco
724 4701 770 4755 ubi
798 4709 892 4756 vestra

89 4789 214 4847 oeclesia
230 4789 344 4855 sitaest,
359 4789 461 4846 iactum
476 4789 566 4858 luerit,
587 4788 704 4846 exclusis
731 4805 892 4845 exeommu-

89 4879 189 4935 nicatis
204 4878 307 4934 clausis
319 4878 421 4948 januis,
437 4879 531 4934 divina
546 4880 626 4935 liceat
637 4877 724 4935 officia
731 4878 887 4935 celebrare.

90 4967 272 5025 Decernimus
286 4966 467 5039 inposterum
481 4977 511 5023 ut
529 4983 707 5040 quascunque
734 4966 892 5039 possessio·

90 5056 422 5129 nas,qumcunquebcna
451 5058 568 5114 ecclesia
596 5057 689 5113 Sancti
716 5055 822 5113 Nieoiai
847 5057 892 5111 in-

91 5145 302 5218 praesentiarum
327 5147 458 5203 canonice
487 5146 619 5218 possidet,
646 5154 692 5202 aut
718 5145 746 5200 in
774 5143 894 5201 loturum

92 5234 277 5292 occansione
291 5235 459 5305 pontiticum,
476 5235 619 5308 largitione
632 5250 732 5308 regum
750 5235 793 5291 vel
821 5233 895 5305 priu-

91 5323 201 5395 cipunr,
216 5322 356 5381 ablatione
370 5323 500 5389 itdeiinm,
526 5342 575 5380 seu
597 5324 657 5379 aliis
683 5323 765 5394 justis
792 5322 892 5393 modis,

93 5411 222 5470 bonine
233 5412 364 5484 propitio,
379 5414 524 5486 roquirere
534 5414 644 5485 poterit,
659 5422 686 5469 et
713 5412 763 5468 tibi
786 5412 893 5484 tuisque

92 5499 307 5561 muneribus
321 5499 401 5559 brius
415 5510 442 5559 et
457 5502 561 5558 illibata
574 5509 755 5574 permaneant
770 5517 779 5572 ;
793 5501 820 5557 in
833 5500 894 5574 qui·

92 5591 151 5649 bus
163 5589 229 5649 buc
240 5589 364 5664 propriis
376 5592 555 5665 exprimenda
568 5591 712 5649 vocabulis
739 5590 869 5648 duximus
883 5607 891 5646 :

938 3154 1036 3223 majori
1051 3168 1134 3226 quarn
1149 3153 1279 3208 minutas
1295 3152 1376 3208 solidi
1397 3154 1518 3223 ejusdem
1547 3164 1662 3211 monetae
1689 3170 1736 3213 ec-

938 3244 1030 3299 clesim
1059 3242 1155 3298 Sancti
1182 3242 1322 3297 iiiclraelis
1356 3244 1494 3297 annuatim
1532 3244 1736 3314 persolvuntur.

940 3333 1014 3387 Duas
1029 3332 1111 3386 etiam
1125 3331 1245 3386 culturas
1261 3330 1294 3384 de
1311 3331 1431 3385 lieresiis
1445 3332 1552 3403 (Lersy)
1569 3332 1643 3387 etde
1663 3333 1738 3387 ilar·

941 3420 1009 3476 cella
1023 3420 1056 3473 ab
1072 3419 1145 3474 omui
1161 3435 1244 3474 ceusu
1257 3419 1376 3478 liberast
1391 3429 1489 3474 terram
1503 3436 1612 3492 quoque
1623 3421 1657 3476 de
1669 3420 1739 3476 ilar·

941 3509 1013 3565 celia
1023 3509 1073 3563 sub
1089 3524 1171 3563 censu
1183 3509 1298 3562 duorum
1311 3508 1462 3563 solidorum
1472 3508 1738 3574 valentianensium,

941 3608 966 3653 et
981 3599 1049 3653 duas
1064 3598 1194 3664 culturas,
1210 3598 1368 3668 uriamapud
1380 3597 1515 3663 lieresias,
1529 3599 1642 3653 aiteram
1661 3599 1740 3668 juxta

943 3687 1087 3740 Plancinam
1103 3686 1154 3739 sub
1164 3701 1246 3740 censu
1262 3693 1378 3754 quatuor
1388 3685 1575 3741 denariorum.
1588 3687 1659 3757 Quia
1673 3704 1739 3745 vero

943 3774 1042 3829 iratres
1069 3788 1241 3830 comnrunem
1281 3774 1363 3827 vitam
1394 3773 1535 3839 ducentes,
1564 3792 1596 3830 ex
1625 3776 1740 3832 aliorum

943 3862 1121 3918 beneficentia
1133 3870 1159 3917 et
1173 3861 1348 3932 eleemosyna
1363 3861 1463 3916 debent
1479 3863 1581 3929 virere,
1597 3865 1740 3920 constitui·

944 3969 1006 4006 mus
1021 3959 1049 4006 ot
1063 3951 1097 4005 de
1112 3950 1253 4005 labor-ibus
1266 3965 1334 4021 quos
1351 3951 1470 4020 propriis
1485 3953 1612 4006 manibus
1633 3954 1741 4025 sumpti·

944 4041 1048 4112 busque
1062 4039 1200 4111 colligitis,
1211 4037 1336 4094 decimas
1351 4038 1479 4110 cuiqnam
1490 4039 1555 4095 dare
1571 4057 1625 4094 non
1653 4056 1740 4116 coga-

945 4128 1023 4183 mini.
1044 4129 1127 4183 Porro
1141 4126 1326 4182 ordinationes
1337 4125 1511 4192 clericorum,
1521 4130 1741 4186 consecrationes

944 4217 1071 4274 altarium
1092 4216 1135 4272 rel
1149 4215 1331 4282 basilicarum,
1343 4215 1476 4270 senetiam
1490 4215 1596 4288 reliqua
1608 4217 1742 4274 ecciesia-

946 4308 1014 4363 stica
1021 4314 1204 4370 sacramenta,
1214 4304 1424 4361 aiauduneusis
1436 4305 1589 4376 suscipiatis
1600 4305 1739 4379 episcope,

905 4402 931 4464 D
946 4403 1080 4477 siquidem
1096 4403 1252 4459 catholicus
1266 4402 1356 4472 luerit,
1372 4410 1398 4457 et
1412 4403 1525 4474 gratiam
1553 4412 1634 4475 atque
1663 4419 1741 4460 eoru-

946 4493 1100 4549 muniouem
1115 4491 1359 4563 apostolicaesedis
1384 4491 1521 4559 habuerit,
1550 4508 1636 4564 eaque
1664 4491 1742 4550 vobis

945 4582 1004 4639 siue
1019 4584 1154 4654 pravitate
1167 4590 1193 4636 et
1207 4580 1349 4636 exactione
1366 4580 1482 4636 voluerit
1501 4581 1630 4638 exhibere
1646 4600 1653 4649 ;
1669 4582 1741 4638 alic-

945 4680 1010 4753 quin
1034 4678 1203 4735 catholicum
1233 4693 1422 4750 quemcunque
1446 4679 1609 4745 malueritis,
1639 4679 1742 4735 adeatis

946 4768 1106 4831 antistitem,
1123 4767 1168 4839 qui
1184 4775 1278 4821 nostra
1290 4765 1550 4833 luitusauctoritate,
1563 4767 1635 4837 quod
1649 4776 1743 4837 postu·

945 4857 1032 4923 lastis,
1048 4855 1196 4927 indulgeat.
1216 4853 1395 4909 Decernimus
1410 4868 1479 4926 ergo
1494 4860 1522 4909 ut
1551 4855 1616 4909 uuili
1632 4856 1742 4911 omnino

946 4956 1085 5012 homiuum
1108 4954 1189 5011 liceat
1216 4953 1356 5024 pratatam
1380 4952 1525 5008 ecclesiam
1548 4961 1649 5011 temera
1677 4970 1743 5026 per-

946 5045 1065 5114 turbare,
1087 5052 1131 5098 aut
1145 5044 1203 5112 ejus
1218 5041 1409 5114 possessiones
1420 5040 1539 5111 auferre,
1564 5042 1608 5098 vel
1638 5043 1744 5098 ablatas

948 5134 1075 5200 retinere,
1091 5132 1224 5198 minuere,
1241 5148 1289 5186 seu
1300 5130 1464 5203 quibuslibet
1475 5130 1607 5186 molestiis
1616 5131 1743 5206 fatigare,

947 5223 995 5279 sed
1012 5223 1104 5278 omnia
1119 5221 1197 5276 robis
1212 5219 1314 5292 integra
1326 5227 1521 5276 conserventur
1549 5235 1654 5288 eorum,
1683 5238 1744 5292 pro-

948 5327 1064 5385 quorum
1076 5309 1273 5383 gubernatione
1287 5309 1660 5366 etsustentationeconaessa
1670 5319 1743 5379 sunt,

947 5410 1042 5465 usibus
1056 5406 1207 5480 profutura.
1224 5406 1253 5463 Si
1268 5406 1332 5478 quis
1347 5422 1415 5461 sana
1429 5422 1498 5461 ausu
1510 5408 1667 5475 temerario,
1680 5408 1745 5465 huic

947 5507 1047 5555 nostrae
1061 5495 1219 5554 constitioni
1234 5495 1352 5551 scienter
1367 5494 1505 5551 contraire
1526 5497 1743 5568 praesumpserit,

947 5586 1069 5646 secundo
1079 5584 1196 5643 tertiora
1209 5581 1401 5653 commonitus,
1414 5581 1745 5660 sinoupraerumptioaem
