3772 6006
61 212 139 276 tect
528 211 581 273 DE
602 210 741 275 GESTIS
763 209 920 273 PONTIF.
942 207 1058 272 anet.
1082 242 1121 255 -
1143 209 1218 271 ΗΒ.
1242 210 1295 273 1v.
1688 211 1769 277 1602

59 349 172 422 tirnquc
185 349 275 408 dilata
286 347 475 422 proiectione,
489 347 660 405 concionem
672 346 884 404 monachornm
899 352 929 418 Α
943 346 1076 417 studens,
1092 348 1185 406 tarrae
1199 349 1394 423 episcopatus,
1406 365 1471 423 qne
1486 355 1551 408 ante
1566 350 1767 410 exactionibus

61 439 165 496 accivit
179 439 209 497 in
224 439 396 512 capitulum,
411 436 547 511 lacrymis
558 440 586 493 et
597 434 730 507 suspiriis
741 440 887 509 quantum
940 434 1125 507 vectigalium
1142 437 1268 494 multum
1279 437 1355 495 lassae
1366 439 1490 509 lucrant,
1503 440 1648 513 reparavit
1659 444 1688 497 ei
1699 457 1766 514 pro·

62 527 265 601 resexigebnt,
286 529 541 599 relerensqnanta
559 525 888 584 veritatescmuiumel
940 524 1026 580 rexit.
1043 526 1139 593 Quare
1157 531 1186 583 et
1206 527 1323 584 farraet
1346 528 1469 597 ceteris,
1495 546 1559 602 ques
1583 530 1691 586 vietum
1707 528 1765 586 mi·
1861 554 1864 559 ·

62 617 170 674 iactum
196 617 400 690 quadrassent.
426 617 528 688 Itaque
554 615 694 672 omnibus
717 631 772 672 sna
796 617 889 672 morte
943 613 1078 682 nistrnnt,
1093 614 1242 672 sufficiens
1258 617 1345 689 paulo
1362 617 1517 674 tenacioris
1532 618 1622 675 animi
1639 619 1674 675 ad
1691 633 1766 689 pan·
1842 610 1846 623 '

63 702 888 777 commendatadisoessitdcadmonitioncqnldemlestus,
942 702 1105 774 percaluit,
1128 701 1313 762 lacerandam
1338 721 1407 778 ergo
1431 706 1540 763 lamam
1560 723 1644 763 auam
1660 707 1764 763 merito

63 795 113 852 sed
130 810 246 866 sempor
260 797 361 852 anneto
383 793 487 851 timore
501 791 656 852 sollicitus.
671 792 811 850 ianuario
827 808 887 849 me·
943 792 1077 864 prebuit,
1106 794 1182 864 quod
1212 793 1293 850 nulls
1321 795 1521 853 misericordia
1550 811 1617 867 erga
1643 799 1764 868 egentes

65 882 165 940 diante
187 882 341 940 Wlstnnus
365 882 492 951 transiit,
519 898 572 940 uec
596 883 740 940 liobcrtus
766 882 887 941 iunium
942 883 1039 937 motus
1063 896 1200 955 magnam
1223 882 1339 955 copiam
1362 883 1533 941 victualium
1560 882 1634 942 nolli
1656 882 1765 940 heredi

63 972 256 1029 transcendit.
943 967 1070 1041 reliquit.

100 1060 222 1117 Girsrdc
255 1060 416 1118 successori
448 1061 513 1133 eJua
540 1060 570 1117 in
600 1060 763 1118 Eboracum
791 1063 888 1118 trans·
978 1061 1070 1116 osius
1092 1074 1161 1133 ergo
1184 1063 1230 1117 eat
1251 1060 1459 1134 epicopatuas
1483 1075 1551 1135 rege
1574 1061 1698 1121 ilenrico
1724 1059 1770 1118 iti·

64 1149 134 1206 lato.
942 1146 1051 1204 cbnrdo
1065 1148 1170 1207 clauco
1187 1150 1223 1207 de
1238 1149 1346 1223 sigillo,
1362 1151 1412 1223 qui
1429 1166 1486 1208 non
1502 1151 1604 1208 moltis
1619 1149 1704 1208 annis
1716 1166 1767 1207 su·

100 1234 244 1293 Substitui
256 1238 359 1309 lassus
369 1242 440 1296 sets
453 1252 521 1311 rege
531 1237 651 1311 quidam
663 1238 805 1311 Rogerius
818 1239 887 1296 Lar·
943 1235 1062 1308 perluit.

64 1326 173 1383 darius.
189 1327 244 1383 sed
255 1326 281 1383 is
291 1327 372 1384 nullo
389 1327 548 1400 pontificali
563 1342 685 1384 munere
699 1330 835 1401 suscepto
846 1327 890 1384 in·
977 1325 1053 1382 'l'um
1067 1325 1188 1382 demum
1204 1325 1280 1384 bono
1298 1326 1335 1396 (ai
1354 1326 1412 1383 Deo
1427 1326 1533 1398 placet)
1547 1326 1644 1384 omine
1659 1326 1769 1385 clectus

63 1414 108 1470 ira
122 1418 185 1471 octo
200 1415 261 1471 diss
275 1415 426 1473 elcoticuis
447 1415 525 1488 apud
542 1415 732 1484 londoniam,
753 1414 804 1472 ubl
817 1419 889 1472 tnnc
942 1418 986 1471 est
1003 1415 1157 1488 iactusque
1176 1414 1283 1487 presul
1306 1415 1450 1473 liebertus
1470 1417 1547 1488 prior
1562 1417 1769 1475 canonicorum

64 1503 231 1570 erstcurin,
255 1504 487 1562 deiunctnscst:
512 1503 648 1561 Mandata
662 1508 730 1561 ante
744 1504 889 1577 archicpi-
943 1503 979 1560 de
1003 1504 1136 1577 bautoni,
1166 1505 1217 1578 qui
1245 1504 1391 1577 hodieque
1414 1510 1557 1579 superest,
1586 1508 1672 1577 cojns
1695 1507 1771 1565 lacte

64 1593 601 1667 scopoanselmofflensbcnequarn
617 1593 890 1667 mirsineptial)ut
942 1593 1051 1665 posteri
1062 1594 1344 1666 judicabunt.Nnnc
1359 1593 1444 1666 plane
1460 1593 1502 1652 illi
1516 1596 1676 1668 benignum
1691 1595 1771 1652 iente
1863 1656 1866 1661 ,

66 1700 98 1740 se
111 1684 142 1738 in
158 1682 330 1756 episcopum
346 1688 531 1740 consecrarat
545 1687 704 1757 autequam
721 1688 892 1751 moreretur,
906 1679 931 1746 Β
945 1681 1122 1752 stravititer,
1133 1682 1229 1756 ipsum
1245 1698 1309 1739 esse
1329 1682 1600 1756 religiosissimum,
1612 1683 1643 1741 ln
1653 1682 1730 1740 ricto
1741 1686 1771 1741 st

64 1769 891 1844 ecquennxleetinstantissimspcstnlato,qasmbcmi·
945 1771 1768 1844 vestituabstemium.tlpcstolicocertescuriaaitenctus,

66 1862 111 1919 nis
124 1863 287 1920 latuit-stem
303 1861 385 1919 nullo
404 1860 494 1919 relato
518 1877 659 1933 responso
677 1864 798 1919 sanctus
813 1860 889 1917 snti-
945 1863 978 1918 ut
989 1862 1015 1917 ei
1027 1865 1093 1933 post
1106 1861 1233 1934 legatum
1248 1860 1539 1934 eterubicpiscopum
1554 1877 1657 1919 omncs
1672 1861 1772 1933 dispo·

65 1957 126 2010 stes
141 1952 233 2010 solius
248 1950 390 2009 modestia
404 1951 482 2009 risus
496 1949 666 2010 infirmavit.
944 1949 1068 2008 sitiones
1082 1966 1152 2007 suns
1161 1951 1192 2008 in
1202 1950 1307 2023 Augila
1317 1949 1463 2023 iniungat.
1475 1950 1566 2008 Ornat
1575 1949 1770 2024 episcopalem

101 2042 184 2099 'l'unu
198 2042 297 2099 statim
320 2041 430 2099 electus
453 2047 497 2098 est
511 2040 674 2098 Rsinaldue
696 2041 803 2114 reginas
817 2056 890 2097 can·
945 2040 1045 2097 sedcm
1056 2040 1189 2113 reliqniis
1199 2041 1262 2097 suis
1275 2057 1324 2098 aas
1334 2044 1363 2097 et
1374 2044 1484 2113 martyr
1494 2039 1680 2113 llgclbritbns
1690 2040 1769 2113 apud

65 2128 210 2197 cellarius,
226 2133 258 2186 ut
274 2129 380 2185 mortui
404 2128 501 2185 locum
516 2130 637 2185 teneret.
658 2127 713 2192 Oui
728 2126 890 2183 secundum
945 2127 1108 2187 orientales
1122 2127 1233 2202 Augias
1252 2133 1340 2186 natos
1354 2133 1383 2187 et
1401 2129 1601 2203 principatus:
1622 2129 1702 2187 bunc
1719 2143 1771 2187 res

66 2234 189 2286 maram,
203 2233 351 2293 quenarcx
365 2217 610 2290 legitimomtunu
623 2215 824 2285 arbitraretur,
840 2232 893 2288 per
946 2220 1117 2277 Marciorum
1138 2219 1200 2276 otta
1221 2235 1274 2293 pro
1293 2218 1514 2276 confirmatione
1533 2220 1578 2290 (nt
1597 2219 1771 2292 putabatlat

66 2307 227 2379 prinoipem
248 2306 358 2365 annulo
381 2310 410 2364 et
424 2305 528 2364 baculo
543 2307 709 2374 investitus,
731 2304 783 2363 ubi
804 2305 905 2362 bene··
948 2311 1084 2379 provectu
1106 2307 1186 2380 regni
1212 2305 1301 2365 nullis
1319 2308 1503 2365 exstantibus
1520 2307 1618 2365 causis
1636 2306 1771 2381 peremit,

66 2396 162 2454 dicero
177 2396 260 2453 illum
276 2400 305 2453 et
316 2401 435 2452 camos
449 2396 490 2453 sic
500 2396 662 2465 investitos,
673 2393 894 2467 archiepiscopo
948 2395 1086 2453 nefariam
1103 2412 1163 2453 rem
1175 2396 1205 2452 in
1217 2412 1337 2469 procum
1353 2396 1419 2452 llliae
1431 2396 1627 2455 machinatus.
1644 2395 1772 2454 luvneit·

67 2491 228 2555 recusante,
245 2501 395 2559 perperam
416 2501 447 2542 se
466 2485 568 2542 lenisse
588 2483 792 2552 intellexisset,
814 2482 893 2539 ultro
948 2484 1773 2559 quccontinooeomortuoregnumOricntalc,invasionis

67 2593 120 2634 nac
132 2581 261 2650 rogatus,
273 2575 549 2647 neojusanaretutit
561 2573 703 2631 sonnium
715 2578 743 2629 ct
754 2572 893 2631 baculum
948 2575 1146 2632 hereditatem
1164 2574 1365 2631 transmittens
1390 2575 1420 2631 ln
1442 2589 1639 2632 successores.
1663 2578 1774 2633 Verum

70 2668 142 2740 regi.
155 2668 216 2733 Quo
231 2665 307 2722 circa
322 2665 459 2722 amicitia
474 2664 580 2737 regalis
596 2663 716 2720 extorris
731 2663 814 2719 ouria
827 2678 895 2734 quo·
949 2681 1028 2721 mors
1041 2663 1201 2736 blgalbritbi
1213 2665 1338 2721 innocue
1349 2670 1441 2721 morte
1457 2664 1525 2722 Ollre
1537 2682 1593 2723 nou
1606 2666 1698 2723 multo
1708 2670 1776 2739 post

71 2772 126 2830 qna
137 2757 226 2813 arceri
235 2755 400 2827 jussusest.
412 2753 508 2811 Tacite
520 2755 548 2809 ld
560 2753 608 2811 ille
620 2760 647 2810 et
659 2753 800 2824 patienter
814 2752 894 2823 tulit,
949 2754 1116 2821 subsecuta,
1129 2762 1155 2811 st
1170 2752 1303 2824 ejusdem
1316 2753 1366 2809 fltii
1379 2754 1458 2810 brevi
1471 2771 1560 2828 regno
1575 2756 1775 2813 creditarrln·

71 2850 163 2905 donec
177 2845 300 2903 dulciori
311 2861 383 2901 aura
398 2843 571 2917 carragium
582 2848 748 2913 serenante,
764 2841 896 2915 legitime
950 2843 1055 2900 dicata.
1070 2843 1148 2910 Quin
1163 2847 1193 2900 et
1208 2847 1284 2899 Deus
1300 2843 1371 2900 adeo
1386 2843 1570 2903 evidentibus
1584 2844 1677 2918 signis
1690 2859 1775 2903 sanc·
1799 2898 1802 2903 .

71 2937 253 2995 introductus
268 2939 296 2993 et
310 2934 470 2991 honorilice
486 2940 672 2992 consecratus
682 2939 735 2991 est.
749 2933 856 2990 Mansit
866 2933 895 2990 in
951 2933 1064 2990 litatem
1075 2933 1141 3004 ejus
1155 2933 1265 2989 notitias
1276 2931 1382 2989 cisium
1392 2932 1523 3004 tradidit,
1535 2940 1567 2991 ut
1580 2937 1669 2991 tants
1679 2933 1776 3007 digni·

71 3025 238 3099 episcopata
251 3041 356 3099 magne
367 3023 521 3091 modestia,
532 3028 595 3080 tom
605 3023 761 3081 virtutibus
771 3021 893 3089 ceteris,
908 3007 932 3073 C
951 3023 1020 3080 tatis
1034 3022 1222 3096 episcopatus
1232 3023 1288 3079 sub
1301 3023 1365 3094 ejus
1379 3027 1566 3080 consecratur
1580 3022 1709 3080 nomine.
1727 3024 1778 3081 Est
1837 3056 1840 3061 -

72 3121 132 3170 tuus
146 3114 370 3185 compunctione
391 3113 504 3169 timoris
526 3112 578 3170 Dei
599 3113 707 3184 ubique
727 3120 753 3168 et
769 3110 896 3168 maxime
951 3117 1199 3187 argentoriamet
1222 3114 1351 3171 creditur
1373 3128 1431 3170 nnn
1452 3112 1613 3170 rationibus
1629 3113 1776 3182 bnurenis,

71 3202 320 3259 intermissurum
339 3200 453 3273 agenda
477 3201 612 3275 lacrymis
626 3200 768 3274 irriguus,
787 3198 897 3256 nulline
952 3203 1003 3260 sed
1027 3204 1185 3260 virtutibus
1208 3201 1326 3260 divinis.
1349 3202 1408 3259 Nec
1431 3202 1560 3273 ineptum
1579 3201 1672 3258 videri
1692 3202 1777 3260 debet

72 3293 144 3350 meli
168 3293 304 3364 opinione
319 3293 449 3357 infamia,
465 3292 521 3348 ulai
538 3293 615 3364 quod
633 3293 733 3351 minus
747 3307 836 3365 quam
852 3293 899 3350 de·
953 3296 1003 3350 aut
1027 3292 1224 3365 incongruum
1252 3290 1331 3364 quod
1353 3294 1555 3348 antecessores
1577 3291 1670 3349 nostrl
1694 3290 1777 3364 prcbl

73 3381 167 3446 rebat,
198 3385 226 3436 et
257 3379 330 3435 citra
359 3379 527 3435 facultatem
561 3395 644 3436 suam
677 3395 742 3437 sese
776 3379 900 3452 dapsilis
952 3381 1111 3455 presertim
1126 3386 1155 3438 et
1170 3380 1298 3452 religiosi
1312 3381 1366 3437 viri
1385 3380 1430 3437 vel
1451 3379 1653 3438 taciturnitate
1667 3378 1777 3438 tulere·

74 3470 232 3527 dicebatur.
952 3475 1067 3538 verunt,
1101 3469 1144 3527 rel
1182 3471 1352 3529 auctoritate
1385 3469 1604 3527 roboraverunt.
1637 3467 1777 3542 Nunqnld

109 3558 240 3616 Decessit
258 3560 324 3629 poet
340 3573 445 3629 paucos
465 3557 636 3615 annosritio
656 3559 801 3632 podagre,
817 3572 899 3616 acce·
953 3558 1032 3616 enim
1049 3559 1148 3615 beatus
1169 3559 1352 3625 licostenes,
1377 3568 1410 3614 ut
1433 3564 1553 3616 ceteros
1577 3559 1722 3629 omittam,
1744 3557 1777 3616 ln

75 3648 173 3722 pitquc
185 3663 383 3705 successorem
394 3647 819 3720 Gaulredumcognomentode
830 3648 900 3704 [riva
953 3663 1039 3721 quem
1055 3663 1085 3704 se
1099 3647 1220 3705 solentis
1230 3647 1393 3704 litterarum
1404 3648 1491 3704 etilei
1507 3648 1600 3719 gratis
1614 3646 1699 3719 pleno
1710 3647 1777 3705 sinu

76 3757 134 3798 nou
151 3741 216 3811 plus
233 3739 361 3810 quinque
381 3740 478 3806 aunis,
492 3739 695 3812 vulgatissimo
707 3738 768 3809 jana
785 3756 835 3811 per
849 3755 901 3795 ors
953 3736 1111 3803 inluderet,
1122 3740 1269 3808 pateretur
1282 3736 1326 3792 vel
1339 3735 1563 3793 tienelmumvel
1574 3733 1777 3808 llgelbrithnm

74 3829 229 3886 hominurn
243 3828 413 3899 infortunio,
428 3833 459 3885 nt
475 3846 532 3886 non
549 3828 600 3885 diu
616 3829 774 3901 qaisquam
789 3830 900 3900 epiaco·
953 3824 998 3882 vel
1015 3825 1180 3881 Wlstenum
1196 3823 1251 3881 coli
1263 3828 1297 3881 ut
1310 3829 1460 3898 martyres,
1475 3823 1532 3881 nisi
1548 3823 1573 3880 ei
1588 3828 1705 3896 gratum
1714 3840 1779 3883 esse

76 3936 132 3993 pus
147 3920 223 3990 apud
240 3919 374 3975 Perelord
397 3919 534 3991 supersit.
557 3921 653 3973 Bonus
676 3919 793 3988 quidem
809 3921 837 3974 et
851 3917 901 3975 illa
955 3918 1101 3973 constaret
1124 3915 1200 3988 apud
1226 3914 1303 3972 cives
1331 3913 1481 3970 caelestes?
1508 3912 1685 3971 Soccumbst
1710 3929 1779 3987 ergo

76 4008 406 4080 continentissimusque
416 4007 617 4064 indifferenter
632 4007 705 4064 cibis
717 4015 745 4064 et
759 4008 900 4074 restibus,
956 4003 1089 4061 mortalis
1113 4002 1260 4060 sententis
1285 4002 1333 4060 nbi
1358 4002 1408 4059 Dei
1436 4004 1517 4060 lavor
1541 4003 1706 4060 ostenditur
1728 4018 1781 4075 per

76 4114 140 4170 que
163 4096 270 4154 minori
291 4099 384 4170 pretio
405 4101 584 4164 taxarentur,
603 4100 697 4164 utens,
717 4096 902 4170 agriculture
957 4094 1108 4153 miracula.

776 4381 823 4439 bs
842 4379 1088 4438 senescentis

114 4536 146 4591 lu
166 4535 283 4593 diaecesi
299 4537 474 4609 presulatus
492 4544 562 4596 sunt
581 4541 639 4597 duo
658 4539 806 4597 caenobia:
823 4534 1780 4614 apud1)omiumllnimaerosepulcrumrlrginlsclamaratnorls

78 4625 324 4692 Scrobceberiam,
336 4626 526 4686 etWenlccb.
538 4629 842 4687 Scrcbcsbsrlcnsium
859 4643 902 4685 rs-
955 4626 1086 4695 advenis,
1102 4626 1239 4684 omnibns
1260 4628 1393 4686 videlicet
1408 4627 1562 4686 vetustatis
1580 4624 1781 4686 monumentis

78 4731 146 4772 cens
162 4718 237 4771 csta
253 4714 364 4786 liugero
380 4719 485 4774 comite
499 4718 536 4774 de
550 4722 648 4774 moute
663 4718 816 4775 Gemerlcc
831 4733 902 4775 con·
955 4714 1093 4772 violentis
1106 4715 1238 4774 hostiurn
1262 4721 1290 4774 et
1308 4722 1474 4791 temporum
1493 4717 1612 4775 deletis:
1633 4734 1648 4769 ι
1664 4712 1783 4774 Norlter

78 4805 223 4861 stitutum.
248 4803 290 4859 lbi
307 4805 468 4862 monachos
484 4804 590 4865 locavit
614 4822 649 4863 ex
663 4807 758 4879 sagio,
775 4811 902 4880 angusto
956 4820 1023 4861 acro
1033 4805 1101 4860 dum
1113 4804 1248 4863 inchoata
1258 4807 1323 4863 novi
1339 4805 1435 4879 templi
1447 4805 1568 4875 lubrica,
1580 4804 1700 4878 qnidam
1711 4816 1783 4876 puer

78 4895 339 4963 rictuetsmictn3
362 4896 412 4952 ssd
434 4897 903 4968 quibaenrnmnasepeiuturae
957 4910 1008 4966 per
1036 4896 1235 4967 perimentum
1269 4897 1445 4954 concitatius
1473 4896 1635 4965 cursitaret,
1664 4894 1783 4952 eb'rects
1846 4946 1852 4953 .

79 4980 222 5038 mercedis
232 4979 306 5036 latis
317 4981 424 5038 animis
435 4981 654 5054 parvipendant.
665 4983 751 5055 Apud
762 4981 902 5039 Wsnloob
957 4983 1100 5041 mausolei
1111 4985 1191 5042 loves
1202 4981 1688 5059 propelsmccrpuerirgluislecit.
1700 4980 1783 5039 Tunc
1856 5016 1862 5023 ·

80 5071 351 5142 initanthuissima
361 5072 629 5130 sanctimonialium
639 5071 790 5130 babltstio.
802 5072 904 5144 ibique
957 5071 1109 5131 balsamici
1124 5074 1222 5131 odoris
1237 5091 1309 5132 aura
1321 5092 1370 5147 per
1384 5074 1538 5134 ecclesiam
1554 5073 1685 5146 spirante
1698 5070 1784 5129 altius

78 5160 247 5216 beatissima
259 5161 402 5235 blilburga
412 5167 611 5220 surorsanctua
623 5160 830 5233 Mildredes[ui.
842 5160 904 5218 iiil-
958 5161 1067 5219 elatam
1082 5165 1126 5219 tot
1140 5163 1285 5222 miracula
1302 5165 1438 5237 prebuit,
1453 5171 1482 5221 ut
1498 5162 1667 5222 crustatim
1682 5176 1717 5219 ec
1732 5176 1784 5234 pc·

79 5248 194 5319 dritbs]
204 5251 300 5322 neptis
310 5252 414 5308 Pande
424 5251 501 5326 regis
512 5250 687 5310 Marciorum
696 5250 799 5308 cxlillo
810 5256 905 5308 trans·
958 5250 1095 5325 pulcrum
1110 5252 1196 5309 unde
1206 5258 1396 5325 conttnerent,
1411 5254 1460 5310 ris
1471 5251 1564 5327 patuli
1578 5251 1675 5323 campi
1689 5249 1785 5322 esple-

79 5338 139 5409 egit
153 5338 254 5409 vitam,
269 5346 297 5397 et
311 5341 367 5398 sita
377 5345 430 5398 eat.
446 5342 500 5399 Sed
513 5341 609 5400 locum
621 5342 740 5398 omnino
756 5340 903 5398 desertum
959 5340 1030 5397 bant
1044 5340 1218 5414 populorum
1242 5343 1371 5415 agmina,
1395 5345 1467 5400 dum
1490 5343 1581 5417 equis
1606 5340 1784 5398 umbonibus

79 5420 340 5495 predictuscomes
353 5426 904 5500 monacbisCluniacensibnsimplerit,
959 5428 1040 5486 diaes
1055 5433 1084 5486 et
1097 5431 1246 5487 nsandicus
1259 5448 1291 5489 sc
1302 5440 1431 5506 egerent,
1447 5437 1568 5490 cunctos
1583 5431 1613 5489 in
1628 5442 1784 5487 commune

80 5510 130 5569 ubi
146 5509 234 5569 naodc
254 5514 386 5586 speciose
403 5516 535 5589 germina
555 5516 697 5575 virtutum
717 5520 860 5575 conentur
874 5514 904 5573 in
959 5519 1160 5592 precipitante
1175 5520 1242 5581 ilde.
1253 5520 1311 5579 Nec
1325 5538 1442 5581 osseam
1456 5526 1594 5582 eventum
1609 5535 1655 5577 res
1668 5515 1784 5588 babuit,
