3750 6000
55 203 133 266 tter
539 205 592 266 DE
613 204 748 266 GESTIS
770 199 924 265 PONTIF.
947 202 1061 262 suut.
1086 235 1122 249 ν·-
1145 202 1220 263 tiit.
1244 203 1268 264 1.
1679 202 1758 263 tttts

51 335 205 394 mensibus
218 342 340 411 septem,
353 336 446 394 lacere
459 344 668 406 contemneret,
678 335 875 395 nemollitiam
891 337 917 404 Α
967 334 1053 409 Angli
1069 351 1138 410 ergo
1153 335 1322 393 Normanuo
1337 334 1518 403 invitasset
1537 335 1614 409 regis
1632 335 1757 396 benevo-

54 427 106 483 etii
122 428 167 484 sui
185 427 357 483 miserorum
382 427 538 498 dispendio
562 431 751 494 mercaretur,
768 432 877 494 tentus,
932 426 1051 483 lentiam
1068 431 1234 484 extenuare.
1246 426 1297 483 llie
1306 429 1408 481 contra
1420 426 1600 494 pertinacius
1610 427 1756 498 insistere,

55 518 126 572 etin
153 519 307 587 compedes
332 516 494 587 conjectus,
520 527 723 588 postremoque
748 517 784 572 ab
809 515 880 586 ipsis
933 516 1757 588 doneeprecipuosoptimates,Gudwinumdtcoetblios

54 606 144 662 benis
161 608 319 672 lapidatus,
334 608 465 662 animam
490 607 562 663 eoelo
577 607 669 663 dedit.
685 607 775 677 Cujus
791 608 879 661 vitam
933 608 998 676 ejus
1010 607 1182 677 proditionis
1193 607 1269 676 apud
1283 612 1537 675 regesaceusatus,
1551 606 1757 678 dttglianxpsl·

53 696 172 767 scripsit
188 696 338 752 Osbernus
355 698 471 767 plenam
485 696 643 751 virtutibus
662 700 692 753 et
707 694 878 751 miraculis:
934 696 1017 752 leret.
1033 695 1219 767 Expulsionis
1241 694 1304 751 atie
1319 709 1436 765 quoque
1452 696 1530 750 tuere
1545 710 1651 761 cause,
1666 701 1695 750 et
1709 695 1758 751 alii

52 784 103 841 illo
116 785 270 857 precipue,
283 786 360 857 quod
377 785 477 841 Romae
487 786 612 856 positus,
625 784 737 840 obitum
753 782 879 848 Kenulll,
934 793 1080 854 auctores,
1094 784 1168 841 sicut
1182 784 1256 840 alias
1271 800 1327 839 nou
1343 784 1499 839 tacuimus.
1515 783 1570 840 Sed
1588 784 1635 839 tlte
1649 783 1757 839 clarius

51 873 141 944 quisi
156 874 186 929 in
204 874 354 930 Wintonia
380 878 570 940 successerat,
588 873 743 946 perspicua
762 873 881 928 veritate
934 875 1091 932 classicum
1127 874 1243 939 cecinit,
1267 873 1426 929 instantius
1450 874 1604 930 accusavit.
1630 874 1665 928 Et
1690 878 1759 927 tuno

56 965 120 1019 suis
135 964 291 1032 nuntiavit,
309 969 446 1036 preterea
457 963 611 1035 diaglorie
623 980 682 1018 sue
697 963 881 1020 illucescente
935 967 1052 1037 quidem
1068 964 1160 1020 animi
1181 964 1329 1019 sententie
1347 962 1495 1019 blanditus
1511 967 1555 1018 est
1569 962 1689 1018 allectus
1706 962 1758 1028 rei,

53 1052 117 1123 jam
145 1053 266 1125 iamque
289 1059 381 1110 morte
407 1055 534 1110 luentem
558 1053 686 1109 hostium
709 1053 880 1118 satiaturus,
935 1056 983 1111 sed
997 1054 1145 1126 posteriori
1157 1071 1234 1110 atino
1246 1069 1335 1109 causa
1347 1052 1375 1106 in
1390 1051 1559 1122 suffragium
1572 1051 1758 1124 popularium

55 1142 131 1197 vidit
148 1143 331 1198 Duostanum
347 1142 547 1198 transitoriam
564 1141 805 1212 pronuntiantem
822 1158 882 1213 poe·
935 1147 1071 1212 deducta,
1081 1144 1197 1200 exsules
1207 1143 1342 1199 restituti.
1355 1145 1482 1209 Quorum
1494 1141 1759 1198 reconciliationem

56 1249 135 1300 uem,
153 1239 181 1288 et
192 1232 322 1288 futurem
335 1233 553 1305 promittentem
566 1232 689 1304 gloriam
700 1249 708 1300 ;
720 1249 787 1288 nam
804 1232 880 1301 quod
936 1251 1002 1291 cutu
1019 1235 1075 1291 sibi
1092 1233 1255 1289 nocituram
1271 1232 1507 1303 archiepiscopus
1527 1247 1584 1287 nnn
1601 1231 1758 1298 dubitaret,

56 1320 883 1394 corpusejusetiamrecentiscruorispreterettsvestigin
932 1319 1761 1395 ludiciideliberationempreveniensllumamivit,unde

58 1411 153 1467 labem
177 1411 339 1483 putredinis
363 1413 398 1468 ad
429 1411 508 1467 hunc
532 1411 608 1467 diem
641 1411 825 1484 ignoraverit,
854 1414 883 1466 et
936 1413 1150 1484 cumspistulis
1175 1410 1346 1467 innocentiae
1361 1413 1389 1466 et
1405 1409 1600 1466 restitutionis
1613 1426 1674 1466 sues
1694 1408 1762 1465 alle·

58 1501 133 1557 elias
155 1501 215 1556 dixi
239 1508 264 1557 et
290 1501 470 1573 populariter
489 1501 590 1557 tritum
615 1517 673 1557 non
697 1504 763 1574 eget
788 1499 883 1555 incul·
936 1503 1096 1577 gatricibus
1120 1503 1237 1559 rediens
1261 1502 1349 1557 finem
1372 1501 1437 1556 vite
1454 1501 1761 1576 apudtlemmetioum

59 1589 130 1644 euri.
937 1595 1057 1650 invenlt.

94 1678 243 1734 Successit
276 1679 395 1752 martyri
426 1678 566 1751 AElpbego
602 1678 738 1752 livingus
776 1680 825 1750 qui
855 1682 884 1734 et
972 1683 1053 1739 Tunc
1076 1681 1384 1751 Stipandusquidam,
1406 1679 1761 1751 quiquondamdimisso
1850 1709 1853 1713 ·

56 1766 260 1837 Ethelstauus,
283 1767 368 1824 aunis
393 1774 517 1840 septem,
534 1784 568 1824 ex
595 1768 732 1840 episcopo
747 1768 883 1825 wellensi
937 1773 1124 1830 orientalium
1160 1772 1321 1845 Anglorum
1353 1772 1532 1842 episcopatu,
1557 1771 1761 1826 sublimiorem
1858 1776 1861 1783 '

57 1856 195 1927 eullregio
210 1858 284 1928 regis
299 1858 446 1913 Elbelredi
463 1858 493 1913 in
508 1858 761 1931 archiepiscopum
778 1874 882 1931 prove·
938 1865 1057 1937 gradum
1074 1865 1231 1920 meditatus
1247 1863 1479 1918 wintoniensem
1492 1866 1648 1926 invaserat,
1664 1860 1763 1932 rapuit

59 1953 136 2004 ctus.
149 1947 286 2018 Spirabat
301 1947 397 2004 adbuc
412 1947 499 2003 vitam
515 1964 563 2003 rex
577 1947 637 2014 ille,
649 1964 746 2004 veram
762 1949 885 2022 propbe-
938 1954 1121 2010 occasionem
1145 1953 1351 2018 desideratam,
1368 1956 1401 2007 ut
1422 1951 1585 2006 innocentis
1600 1950 1675 2021 regis
1690 1949 1761 2005 eim·

61 2036 134 2092 tiam
151 2037 311 2093 beatissimi
326 2037 483 2105 Dunstani,
495 2055 581 2111 quam
596 2039 732 2111 superius
746 2039 884 2105 diximus,
937 2040 1765 2116 plicitatetucircumveuiens‚archiepiscopatumseptem·

63 2124 280 2182 calamitatibus
304 2128 366 2182 suis
383 2127 471 2182 nimis
496 2136 640 2198 expertus,
657 2127 700 2182 vir
714 2127 763 2199 qui
788 2143 883 2184 coram
938 2134 1031 2191 decim
1042 2134 1128 2190 aunis
1139 2132 1400 2188 tantishonuribus
1414 2129 1762 2202 adJungeret:aliassana

58 2215 166 2272 videret
178 2215 340 2288 provincias
351 2232 422 2272 suns
432 2216 572 2283 subverti,
585 2234 616 2272 se
628 2218 725 2288 ipsum
738 2220 884 2289 postremo
939 2240 993 2280 nee
1019 2222 1203 2295 imprudens,
1228 2237 1282 2278 nen
1306 2219 1450 2277 inefficax.
1467 2219 1608 2275 Ceterum
1622 2219 1762 2275 adversus

60 2307 254 2378 exsutsmngi,
265 2304 420 2362 oecultum
432 2308 883 2365 comminisceretnrremediun.
940 2314 1082 2370 ambitum
1099 2313 1170 2368 nihil
1186 2312 1319 2383 dignitati
1334 2328 1392 2367 sue
1404 2310 1569 2378 consulens,
1582 2325 1764 2382 quecunque

62 2396 95 2452 ld
111 2397 228 2468 quidam
244 2396 436 2468 inaequalitati
461 2397 601 2468 corporis,
618 2398 738 2469 quidam
754 2397 884 2469 segnitici
941 2407 1039 2476 posset
1054 2400 1120 2459 eliis
1140 2401 1306 2474 preripere,
1322 2400 1378 2456 sibi
1400 2400 1589 2461 abscondere,
1609 2413 1763 2470 nunquam

61 2484 154 2542 animi
169 2486 332 2558 deputant;
349 2491 547 2543 verumtamen
565 2492 712 2559 uteunque
727 2486 806 2544 dicta
821 2503 886 2543 mee
941 2492 1093 2548 avaritiam
1109 2508 1190 2547 suam
1203 2489 1344 2546 moderari
1356 2508 1364 2557 ς
1376 2505 1474 2545 sacros
1490 2489 1613 2545 bonores
1627 2488 1763 2545 ccclesia·

62 2571 286 2645 ierantposteri,
295 2575 427 2631 absolute
438 2577 609 2648 pronuntio:
622 2592 761 2649 magnum
771 2576 887 2648 insigne
941 2599 1014 2653 rum,
1030 2582 1084 2639 bos
1101 2582 1156 2638 sibi
1173 2581 1488 2654 pecuniacomparane,
1501 2579 1573 2634 istos
1584 2577 1651 2635 aliis
1662 2577 1765 2649 lingue

63 2661 156 2718 fuisse
171 2663 306 2730 Φῑθθῑῑω,
323 2667 401 2736 quod
413 2666 533 2738 primati
547 2666 643 2738 patrias
656 2671 768 2738 septem
780 2666 887 2723 mensi·
940 2672 1112 2730 vindicans:
1126 2687 1244 2741 prorsus
1264 2668 1395 2742 publicas
1410 2667 1557 2724 nundinas
1567 2681 1602 2722 ex
1617 2666 1764 2739 episcopa-

62 2750 119 2807 bus
134 2751 314 2809 incarcerato
331 2753 442 2809 nullam
458 2771 543 2825 opem
568 2771 616 2812 rex
631 2754 769 2819 attulerit.
786 2772 840 2812 nee
855 2770 886 2812 ee
941 2764 1021 2819 tibus
1036 2766 1064 2818 et
1078 2760 1202 2817 abbatiis
1219 2761 1335 2824 taciens,
1348 2763 1376 2814 el
1391 2757 1431 2812 ibi
1442 2757 1578 2828 cupiendi
1590 2755 1764 2812 modestiam

60 2840 97 2896 ed
117 2841 272 2897 vindictam
296 2843 473 2912 excitaverit,
489 2861 540 2901 eeu
566 2845 699 2915 presulis
723 2845 885 2916 majestate,
942 2853 1109 2918 admittens,
1126 2850 1175 2906 nbi
1191 2849 1270 2921 qnod
1290 2853 1410 2920 cuperet
1432 2848 1557 2902 deesset.
1574 2844 1676 2901 Nonne
1690 2843 1762 2900 illud

62 2945 113 2985 seu
139 2931 313 2988 calamitatis
334 2932 510 3004 indignitate
539 2939 699 3005 permotus.
730 2938 822 3002 Quare
851 2936 887 2991 de
941 2941 1079 2998 belluinae
1093 2941 1260 3013 rapacitatis
1284 2939 1374 3005 dices,
1390 2939 1468 3008 quod
1485 2933 1636 2991 wintonie
1650 2934 1763 3005 episco-

68 3017 239 3076 etheldredo
255 3037 375 3092 possum
391 3022 629 3094 antiquumillud
647 3023 830 3095 proverbium
846 3023 889 3078 di·
943 3035 1044 3102 petum
1073 3035 1101 3087 st
1123 3030 1284 3086 censueris
1308 3026 1602 3097 archiepiscopatum,
1627 3030 1763 3095 preterea

63 3125 139 3178 cers,
170 3111 247 3181 quod
276 3114 460 3184 ecoorpictto
482 3115 630 3184 probitatis
658 3114 787 3184 inimice,
813 3077 923 3168 antec
943 3121 1052 3176 multas
1067 3119 1198 3175 abbatias
1214 3117 1367 3187 sulusipse
1378 3114 1630 3187 possidebuntque
1645 3111 1762 3181 singula

62 3199 181 3268 sustitit!
197 3199 298 3255 filimi
312 3203 441 3260 ‘0120er
454 3203 527 3268 Quid
542 3204 621 3258 ⁰¹15OE
635 3219 764 3274 unqsstm
776 3202 887 3274 Edgero
940 3210 1015 3265 satis
1031 3224 1177 3281 superque
1200 3208 1364 3263 sufficerent
1380 3203 1466 3259 alicui
1492 3201 1581 3275 probo
1605 3200 1689 3256 viro?
1707 3200 1763 3256 Sed

63 3288 149 3360 palti.
165 3288 195 3343 in
212 3290 365 3358 probitate.
377 3290 445 3363 quid
463 3292 531 3348 huic
546 3292 605 3347 filio
620 3293 650 3346 in
666 3292 798 3348 socordis
811 3308 888 3348 com·
940 3313 993 3371 ego
1008 3299 1131 3369 conjicio
1145 3297 1227 3352 illum
1244 3313 1302 3351 non
1318 3296 1426 3363 iudicio
1442 3293 1491 3348 sed
1508 3303 1761 3362 errorepeccasse,

61 3378 192 3450 parabile
209 3378 310 3434 babuit
335 3380 461 3448 duplis?
481 3382 614 3453 implevit
637 3397 705 3454 ergo
722 3382 819 3438 locum
836 3385 887 3442 de·
939 3397 1016 3461 quod
1034 3388 1121 3444 homo
1136 3387 1301 3442 illitteratus
1314 3384 1410 3455 (sicuti
1426 3382 1558 3454 plerique
1572 3386 1601 3435 et
1616 3396 1689 3452 pene
1703 3395 1764 3435 om·

61 3468 153 3523 f¹¹¹l0¹i
172 3467 273 3539 Elsessit
291 3468 440 3540 tiringus,
456 3475 489 3526 ut
504 3471 574 3526 dixi·
940 3495 992 3535 nes
1007 3484 1077 3535 tuuc
1091 3475 1228 3549 temporis
1243 3474 1354 3546 Anglita
1377 3472 1516 3544 episcopi)
1532 3470 1655 3526 nesciret
1668 3486 1762 3541 quau·

97 3556 130 3612 Εῑ
145 3561 211 3629 {³⁰⁸2
221 3572 289 3613 01¹1ss
300 3559 478 3630 Εεθῐῦῡᾶΰε,
494 3560 653 3616 0⁰i0de⁰lm
675 3559 772 3629 fluuit,
784 3561 819 3618 de
830 3578 885 3633 quo
939 3574 1001 3624 turn
1017 3567 1208 3637 delinqueret,
1225 3580 1286 3620 rem
1301 3560 1563 3620 ecclesiasticorum
1579 3559 1762 3628 negotiorum

61 3646 92 3703 5¹¹
108 3647 198 3718 8⁰⁸tis
212 3647 352 3704 Cflutffiiss
367 3647 463 3718 illini
479 3649 714 3707 ⁰0fflm011¹⁰rssti·
938 3660 1013 3716 sicut
1032 3655 1219 3729 publicorum
1244 3653 1358 3711 actitari
1381 3653 1560 3709 existimans.
1576 3652 1670 3716 Quare
1686 3666 1762 3705 uun·

96 3736 169 3792 lluic
184 3737 289 3793 lldsine
314 3739 457 3794 successit
483 3739 568 3794 annis
591 3738 740 3807 undecim,
755 3740 804 3810 qui
821 3744 886 3812 post
938 3764 1026 3818 quam
1042 3745 1189 3819 palliuma
1205 3743 1297 3799 Roma
1309 3742 1426 3804 meruit,
1438 3739 1573 3812 quamvis
1584 3738 1663 3794 aiibi
1676 3754 1763 3794 vene.

61 3831 183 3883 mortem
200 3828 376 3884 Hardecuuti
393 3844 489 3900 regern
512 3829 690 3885 Edwardum
706 3831 839 3901 provexit
854 3833 883 3888 ln
938 3836 1005 3892 litas
1021 3835 1146 3892 multum
1158 3836 1304 3905 operetur,
1321 3831 1378 3886 nisi
1398 3830 1476 3900 quod
1502 3827 1620 3900 quidam
1638 3825 1762 3882 Benedi-

61 3933 198 3990 regnum,
215 3919 358 3974 assistens
374 3920 544 3976 auctoritate
559 3923 587 3974 et
602 3919 803 3977 benedictione
819 3938 881 3989 sua,
938 3928 1002 3979 ctus
1015 3919 1178 3993 apostolice
1188 3917 1265 3975 aedis
1277 3931 1412 3989 pervasor
1423 3913 1479 3985 ipsi
1491 3912 1571 3968 misit
1581 3911 1759 3985 gratulatus,

58 4009 212 4063 conatibus
229 4007 364 4063 chtvini
380 4008 508 4075 comitis,
520 4014 548 4063 et
561 4009 708 4065 banorum
724 4015 825 4066 contra
836 4010 882 4066 ni·
937 4012 1013 4084 qnod
1026 4026 1092 4066 eum
1109 4024 1194 4082 quem
1222 4006 1271 4063 alii
1295 4001 1508 4074 archiepiscopi
1523 4001 1673 4059 ducebant
1687 4000 1762 4057 ludi·

58 4097 181 4151 lentium
202 4098 279 4154 votis
301 4098 403 4153 irritis.
421 4097 478 4153 Nec
496 4096 585 4154 multo
610 4103 675 4169 post
690 4099 881 4155 incurabilem
936 4101 1011 4169 brio,
1022 4101 1200 4172 ipsepapnm
1213 4094 1399 4168 appellasset.
1411 4092 1466 4149 Sed
1479 4090 1529 4147 illo
1540 4095 1607 4163 post
1618 4106 1674 4146 nou
1688 4089 1762 4146 mul-

57 4186 192 4240 morbum
209 4192 325 4255 nactus,
337 4187 474 4243 vivenset
486 4187 588 4243 voleus
600 4188 735 4259 potestati
746 4189 881 4255 decessit,
936 4198 998 4246 tum
1014 4185 1243 4260 dejectn,omnia
1255 4185 1319 4257 ejus
1333 4184 1408 4239 iacta
1431 4184 1583 4247 evacuata,
1599 4181 1747 4236 decretum

56 4292 124 4332 cum
137 4277 218 4347 prius
229 4278 377 4334 secretiori
389 4277 594 4348 consilioapud
606 4294 703 4350 regem
711 4288 736 4334 et
747 4278 882 4336 comitem
936 4296 992 4352 que
1003 4277 1125 4334 consilio
1136 4276 1244 4332 salubri
1257 4291 1314 4331 non
1327 4272 1459 4345 potuisse
1470 4286 1537 4326 eum
1549 4270 1619 4324 dare
1630 4267 1760 4340 legitime

56 4366 173 4437 egisset,
190 4370 223 4421 ut
237 4365 262 4422 ei
278 4366 431 4422 Siwardus
456 4367 548 4424 abbas
571 4368 803 4425 abendoniensis
818 4386 882 4426 suc·
936 4370 1068 4442 pallium,
1080 4366 1130 4441 qui
1139 4368 1218 4438 juste
1229 4382 1287 4422 non
1298 4363 1450 4420 habuisset
1462 4365 1611 4434 papatum.
1621 4357 1760 4414 Nonresl·

55 4455 179 4511 cederet.
196 4455 252 4511 Sed
269 4471 337 4511 cum
352 4455 402 4511 ille
417 4455 447 4512 iu
463 4457 559 4525 ipsum
577 4458 627 4528 qni
650 4459 788 4514 bonorem
805 4459 881 4516 intu·
897 4435 921 4499 D
935 4460 1000 4534 puit
1014 4476 1102 4532 super
1116 4456 1163 4512 bis
1187 4454 1346 4526 Stigandus
1363 4454 1413 4510 aed
1437 4448 1573 4523 perstitit,
1591 4463 1693 4520 parum
1710 4462 1758 4503 co·

54 4541 127 4598 ierat
151 4545 294 4614 ingratus,
322 4545 409 4601 etiam
435 4547 600 4602 necessario
623 4547 703 4602 victu
728 4549 879 4606 intirmum
934 4538 1759 4624 gitanadeanimerumsalute,tantumlorensitrueretnr

56 4631 216 4701 iraudaret,
229 4635 291 4704 jam
304 4635 476 4706 designatus
487 4651 637 4693 successor
647 4636 815 4694 eliminatus
825 4646 879 4709 est,
936 4642 1054 4697 bonore.
1071 4640 1182 4695 lnterea
1197 4633 1369 4691 Willislmus
1384 4648 1481 4689 comes
1498 4629 1683 4686 Narmanniae
1697 4628 1758 4682 tlu-

55 4733 204 4803 datusque
231 4733 256 4788 ei
282 4733 468 4806 episcopatus
496 4734 649 4804 lintrensis,
675 4751 732 4808 qun
761 4736 880 4793 leviaret
934 4718 1758 4803 gliamveniensarmisprovinciampcrdomuit,cumei
1839 4748 1842 4755 ·

54 4822 345 4894 verecundiamque
362 4823 569 4879 detrimentum
588 4823 798 4881 consolaretur.
934 4820 985 4877 Dei
1010 4819 1163 4893 permissio
1188 4817 1406 4888 subrogaretur,
1432 4816 1461 4868 et
1493 4805 1643 4865 nonnulle
1665 4820 1758 4860 reuse

90 4911 172 4969 Tunc
188 4929 237 4969 rex
253 4912 424 4981 liebertum,
436 4929 523 4986 quem
540 4914 731 4970 exmonacho
747 4914 881 4972 Gemme-
935 4914 1134 4983 suppeterent,
1151 4924 1225 4981 quas
1245 4923 1302 4961 non
1319 4903 1451 4960 intlrmas
1473 4899 1536 4971 ipse
1558 4895 1756 4952 arbitraretur.

51 5001 156 5060 ticensi
178 5003 333 5060 bondonis
357 5004 464 5058 iecerat
488 5003 668 5074 episcopum,
685 5004 879 5077 archiepisco·
935 5001 990 5065 Qui
1015 5016 1080 5056 cum
1101 5008 1128 5056 et
1152 4997 1219 5054 belli
1236 4992 1435 5064 liastingensis
1449 4987 1580 5053 victoria,
1597 4989 1625 5040 et
1646 4981 1757 5040 castelli

56 5108 125 5163 pum
137 5094 246 5148 creavit
257 5094 341 5149 annis
351 5092 475 5162 dnobus,
483 5092 667 5164 amplissimo
678 5094 880 5165 premiobona
934 5090 1084 5147 Dolrensis
1093 5088 1241 5144 deditione
1249 5090 1386 5141 terrorem
1397 5081 1440 5137 etti
1452 5076 1577 5135 nominis
1588 5073 1756 5172 sparsisset,

57 5181 112 5238 sibi
130 5184 275 5253 quondam
292 5185 320 5241 in
337 5183 518 5240 Normannia
533 5183 678 5241 exsulanti
693 5186 729 5240 ab
745 5185 808 5256 ipso
822 5185 880 5240 im·
936 5179 1114 5237 Loudoniam
1127 5177 1214 5245 veuit,
1225 5172 1353 5230 venienti
1365 5167 1524 5240 stigandus
1537 5180 1603 5221 cum
1618 5166 1758 5261 potentis·

56 5271 164 5344 pertita
181 5289 414 5346 recompensans.
431 5274 458 5329 Is
472 5289 542 5345 ergo
558 5279 586 5329 et
601 5291 699 5330 amore
718 5275 837 5346 antiquo
853 5277 881 5330 et
936 5268 1019 5326 simis
1043 5266 1144 5338 buglis
1166 5279 1305 5337 processu
1331 5265 1360 5316 et
1384 5260 1480 5314 lavore
1504 5271 1558 5310 suo
1587 5251 1757 5323 applausit:

53 5360 160 5417 recenti
177 5361 288 5418 honore
305 5364 414 5430 primas
431 5368 529 5434 partes
543 5363 572 5418 in
584 5363 715 5420 consiliis
731 5365 880 5436 regalibus
936 5358 1136 5427 consertisque
1151 5353 1273 5424 loquelis
1286 5348 1463 5407 Willieltnus
1474 5361 1541 5403 eutn
1558 5344 1586 5398 in
1599 5341 1714 5397 Patrem
1727 5341 1760 5439 et

53 5447 231 5516 vindicabat,
248 5465 322 5520 quos
337 5448 423 5507 vellet
437 5453 604 5523 deponeret,
623 5467 694 5523 quos
709 5451 823 5519 liberet,
834 5467 884 5508 su·
938 5441 1273 5519 archiepiscopum,ipsa
1286 5438 1477 5497 Willielmum
1490 5436 1518 5490 in
1531 5448 1627 5507 regem
1640 5433 1758 5529 recepit,

52 5536 199 5595 blimaret.
215 5538 318 5611 Aegiis
334 5543 403 5596 nota
418 5538 532 5611 loquor,
549 5544 577 5596 et
591 5539 662 5598 alias
676 5540 756 5600 dicta
772 5548 879 5614 repeto.
938 5541 967 5595 et
982 5536 1086 5593 lilium.
1098 5537 1450 5592 Verumtameucoronam
1462 5524 1543 5600 regui
1553 5525 1590 5580 de
1601 5533 1759 5589 manuepus
