3750 6000
95 237 147 295 su
682 219 1152 284 nrrsrounsrvnvnsura.
1677 224 1745 283 xm

434 353 564 417 limi
907 349 937 413 A
984 345 1230 422 ilgolnuoeeulius
1242 345 1387 407 mucias
1399 345 1698 421 madeepuopns.

97 454 263 516 murts
280 454 330 514 ss,
355 453 436 512 steti
458 457 488 510 ct
511 450 673 510 seducunt
696 447 898 507 clamemus
988 435 1086 493 baum
1108 437 1233 493 salernu
1253 451 1303 506 rer
1324 451 1434 493 manum
1449 436 1564 493 Gererdi
1577 444 1677 493 uncta
1691 435 1748 494 tto-
1862 476 1868 497 .

118 537 240 594 lautum
250 535 412 610 suscipitur
421 533 708 608 priuilegiubouuquc
717 530 879 601 covrfirmul,
951 541 1041 582 manae
1055 525 1185 582 Ecclesiae
1202 524 1347 582 cardinalis
1360 524 1509 598 presbyteri
1523 541 1555 582 ac
1567 525 1748 583 bibliotheca-

325 649 414 720 (ΑΜ
429 649 507 714 pm,
525 646 588 705 θοι.
608 645 671 717 ἲς.)
950 614 995 683 rii,
1012 629 1041 670 rv
1056 614 1192 670 Kalendas
1211 614 1384 681 Novembris,
1407 613 1552 671 indictione
1565 629 1603 683 vr,
1618 617 1748 671 lucarna-

498 764 504 776 ,
952 702 1031 760 lionis
1044 702 1196 760 Dominicea
1209 718 1280 759 anuo
1296 703 1376 771 tila,
1393 701 1564 775 pontificatus
1577 718 1643 761 vero
1656 701 1749 760 domni

247 765 441 839 mmmm
455 765 548 830 ΒΜ
564 762 599 829 ¹¹·
615 776 647 832 P·
669 758 750 832 ³⁸⁶⁶]
951 791 1101 849 louooeotii
1116 792 1141 848 ll
1154 807 1234 864 papas
1248 806 1320 848 anno
1334 807 1397 849 1111.

131 880 325 937 innueramus
339 879 493 953 episcopus,
514 893 608 935 servus
622 889 765 977 serranum·
775 871 836 974 bei,
852 872 897 929 di·
1269 907 1426 967 pfflvp,

95 966 257 1039 lmffl‘ffliss
266 965 898 1042 &⁸⁰⁸¹pmp⁰⁵i²⁰d⁰Ch¹⁸m⁵⁹⁸n⁸¹’eJu⁸qu⁰
950 1020 1114 1080 Nonurieril
1142 1018 1299 1079 Salvatorts
1321 1027 1350 1079 et
1374 1023 1406 1081 S.
1433 1022 1573 1097 bonifacii
1599 1024 1747 1081 Fuldenrlr

92 1055 504 1219 ffipffmffiinpffiffi
526 1070 607 1127 quam
631 1052 726 1110 suturis
739 1051 898 1125 regumn&
946 1160 957 1167 ,
983 1101 1173 1174 possessiones
1207 1103 1418 1176 privilegioque,
1459 1106 1574 1175 penate
1615 1102 1743 1179 Alebolso

509 1180 518 1204 ⁸
984 1181 1269 1252 obtuleroctlrmut.

130 1260 304 1319 Desiderium
318 1260 390 1333 quod
405 1260 440 1318 ad
453 1257 594 1334 religionis
613 1256 780 1333 propositum
795 1264 822 1313 et
835 1254 897 1313 ani-
1169 1299 1258 1372 (Anno
1274 1302 1343 1359 ,m
1368 1301 1430 1360 ΝΜ
1463 1302 1526 1375 15)

95 1365 204 1407 manum
217 1349 332 1407 saluoem
345 1349 482 1422 pertinere
496 1355 667 1417 monstratur,
683 1346 774 1404 animo
789 1343 898 1403 nosde·
1345 1343 1353 1372 ‘
1436 1342 1444 1361 '
1502 1344 1509 1360 '

97 1437 251 1497 colliberti
275 1437 422 1495 comedere
445 1446 473 1494 et
495 1437 643 1511 petentium
667 1433 806 1493 desideriis
828 1449 898 1491 con·
1058 1414 1201 1489 [nimina
1219 1415 1291 1478 ⁶⁰4·
1310 1419 1431 1491 divim·
1451 1419 1544 1487 Fumo
1562 1418 1642 1493 ³⁹¹4

94 1544 196 1605 gruum
222 1527 356 1603 impertiri
378 1526 549 1600 suffragium.
576 1525 737 1598 llapropter,
761 1521 898 1580 dileoteiu
986 1521 1177 1580 lmocssrms
1191 1522 1344 1598 episcopus,
1365 1540 1461 1582 servus
1482 1541 1620 1585 servornm
1632 1525 1692 1596 Ilei,
1707 1525 1749 1583 di·

98 1616 219 1676 llumiuo
232 1615 272 1673 iili
286 1618 362 1674 Gonu
377 1616 530 1691 praeposite,
550 1615 602 1672 tuis
613 1613 694 1686 justis
706 1610 898 1685 posmlalioui-
950 1611 1020 1668 leotu
1034 1609 1090 1668 tilio
1103 1613 1225 1681 amaro,
1249 1612 1342 1670 abbati
1357 1615 1512 1672 monasterii
1527 1615 1675 1672 salvatoris
1688 1615 1748 1671 Do-

95 1704 150 1762 bus
162 1704 311 1763 clementer
332 1705 485 1774 munimus,
510 1711 538 1760 et
559 1703 632 1760 beati
653 1702 752 1759 Christi
772 1699 897 1773 martyris
909 1715 937 1779 Β
951 1700 1018 1756 mini
1042 1696 1140 1756 nostri'
1150 1702 1215 1757 lesu
1239 1701 1336 1758 Christi
1365 1710 1392 1759 et
1415 1703 1506 1760 Sancti
1534 1703 1678 1770 Boniiaeii,
1706 1703 1750 1759 siti

96 1793 170 1852 xisti
189 1800 217 1850 et
230 1792 383 1851 Sebastiani
404 1793 545 1850 ecclesiam
559 1792 587 1848 in
602 1806 655 1863 qua
678 1790 770 1847 divino
793 1788 900 1845 munci·
951 1789 1033 1862 juxta
1045 1788 1133 1859 ripam
1155 1789 1274 1846 fluminis
1295 1784 1367 1862 qubd
1390 1791 1473 1849 Flnlda
1496 1800 1616 1857 vocatur,
1638 1792 1751 1864 ejusque

100 1882 159 1956 peti
172 1882 237 1939 estis
250 1881 392 1954 obsequio,
412 1881 464 1938 sub
487 1880 559 1937 beati
578 1879 649 1937 Petri
663 1887 690 1936 et
703 1886 793 1935 nostra
806 1884 900 1949 prote·
953 1876 1152 1934 successoribus
1183 1879 1343 1951 regulariter
1372 1880 1564 1938 substituendis
1594 1881 1622 1937 in
1648 1896 1750 1955 perpe·

99 1971 191 2030 ebone
218 1971 381 2046 suscipimus
407 1980 435 2027 et
462 1970 603 2044 praesentis
637 1968 728 2041 scripti
756 1966 900 2042 privilegio
954 1973 1042 2024 mum.

99 2061 328 2132 commuuimus,
361 2059 390 2116 in
416 2058 512 2130 primis
538 2056 673 2130 siquidem
700 2063 846 2113 statuentes
871 2062 901 2112 nl
990 2057 1058 2113 Cum
1070 2058 1203 2115 universis
1225 2059 1276 2116 Dei
1299 2056 1424 2116 fidelibus
1445 2076 1480 2115 ex
1500 2059 1619 2131 injuncto
1642 2057 1752 2117 uobisa

97 2148 168 2208 ordo
189 2148 334 2206 muouicus
355 2148 503 2205 secundum
528 2146 600 2203 beati
624 2145 765 2220 Augustini
778 2144 900 2219 regulam
953 2144 1012 2202 Deo
1040 2146 1206 2218 apostolatus
1233 2147 1324 2205 officio
1355 2148 1491 2205 debitores
1517 2149 1671 2218 existamus,
1698 2146 1752 2205 illis

99 2237 241 2311 perpetuis
254 2237 292 2294 ibi
307 2237 474 2310 temporibus
495 2234 689 2294 inviolabiliter
709 2241 895 2292 conservetur.
953 2241 1044 2291 tamen
1065 2236 1132 2294 locis
1153 2243 1234 2309 atque
1257 2237 1388 2309 personis,
1409 2253 1469 2309 quse
1483 2236 1518 2293 ud
1532 2237 1623 2294 sedem
1639 2242 1751 2310 aposto·

98 2327 232 2384 Praeterea
246 2342 418 2400 quascunque
432 2325 804 2399 possessiones,quaecunque
818 2322 900 2379 eliam
954 2323 1034 2380 licam
1058 2325 1201 2397 specialius
1227 2325 1361 2399 pertinere
1394 2333 1550 2395 nuscuntur,
1583 2323 1752 2399 propensiori

98 2414 173 2473 bona
186 2414 420 2489 inpresentiarum
433 2416 540 2487 justeet
550 2413 680 2470 canonice
693 2411 844 2485 possidetis,
855 2419 901 2468 aut
952 2427 1003 2469 nos
1018 2414 1145 2470 convenil
1158 2414 1295 2471 eharitatis
1312 2414 1401 2471 studio
1415 2415 1571 2476 imminere.
1589 2416 1749 2488 Eapropter,
1789 2464 1792 2471 .

99 2504 128 2560 in
142 2504 263 2561 iutunrm
277 2505 450 2562 coneoedone
464 2502 631 2578 pontificum,
648 2502 791 2576 largitione
805 2516 901 2575 regum
953 2500 1051 2557 dilecte
1066 2501 1095 2556 in
1106 2502 1223 2560 Domino
1233 2501 1270 2559 lili
1281 2503 1368 2560 Alolle
1378 2503 1473 2572 abbas,
1485 2503 1536 2560 tuis
1545 2503 1750 2561 rationabilibus

101 2593 147 2650 vel
165 2593 330 2668 principum,
354 2593 492 2651 oblatione
515 2591 645 2661 fidelium,
668 2608 716 2647 seu
742 2591 802 2648 aliis
821 2589 901 2661 justis
955 2589 1180 2661 postulationibus
1208 2592 1355 2648 clementer
1380 2593 1524 2648 annuimus
1551 2600 1578 2648 el
1605 2591 1752 2650 salvatoris

96 2682 199 2750 modis,
214 2683 274 2740 Deo
297 2683 423 2756 propitio,
449 2681 569 2756 poteritis
592 2679 714 2752 adipisci,
727 2679 805 2736 firma
822 2678 901 2737 vobis
954 2677 1064 2734 Domini
1088 2680 1172 2736 nostri
1195 2681 1259 2737 lesu
1279 2681 1377 2737 Christi
1400 2682 1604 2747 monesterium,
1626 2681 1670 2738 cui
1691 2681 1749 2738 Deo

97 2768 252 2839 vestrisque
285 2767 485 2825 successoribus
516 2774 542 2822 el
569 2765 673 2822 illibata
708 2771 897 2838 permaneant.
955 2775 1064 2825 auctora
1086 2784 1204 2842 praeesse
1228 2769 1405 2843 dignosceris,
1429 2777 1528 2826 sunctae
1550 2769 1681 2827 Romana
1694 2769 1751 2825 Ec-

97 2854 225 2913 Obeunte
239 2872 304 2914 vero
331 2864 355 2912 te
369 2872 442 2913 nunu
468 2855 589 2928 ejusdem
604 2853 656 2909 loci
681 2855 836 2926 praeposito,
857 2852 901 2910 vel
954 2855 1043 2912 clesiae
1064 2858 1208 2932 privilegio
1227 2858 1439 2917 commuuimus.
1465 2857 1612 2915 Statuimus
1634 2858 1706 2913 enim
1723 2863 1753 2913 rt

96 2952 206 3002 tuorum
235 2945 356 3017 quolibet
381 2960 577 3012 suceessorum,
607 2942 697 2997 nullus
719 2941 757 2997 ibi
781 2940 901 3014 qualibet
954 2961 1127 3017 quascunque
1163 2948 1353 3019 possessiones.
1392 2963 1559 3019 quaecunque
1583 2947 1656 3004 bona
1679 2946 1752 3002 idem

99 3032 284 3105 subreptionis
305 3034 404 3090 astulia
425 3035 469 3091 vel
494 3033 623 3091 violentia
645 3042 836 3102 p1·aepouuaur;
851 3028 899 3086 sed
954 3035 1146 3090 monasterium
1172 3037 1406 3108 inpresentiarum
1425 3037 1499 3107 juste
1513 3044 1540 3092 el
1552 3035 1672 3109 legitime
1687 3051 1752 3107 pos-

102 3121 184 3178 liceat
197 3122 276 3180 vobis
296 3123 434 3180 communi
452 3123 565 3180 consilio
589 3122 632 3178 vel
655 3120 724 3193 parti
740 3119 843 3176 consilii
857 3135 900 3175 sa·
954 3122 1024 3178 sidet
1036 3132 1083 3179 aut
1097 3123 1125 3178 in
1139 3125 1257 3180 futurum
1282 3126 1455 3181 concessione
1478 3123 1644 3196 pontificum,
1667 3124 1752 3197 lurgi-

98 3210 356 3277 nioris,secnudum
378 3212 429 3269 Dei
451 3213 575 3267 timorem
596 3217 623 3267 et
645 3211 677 3265 Β.
697 3207 839 3283 Augustini
854 3224 900 3264 re·
954 3210 1138 3285 lioueregum
1158 3213 1202 3269 vel
1226 3213 1389 3284 principum,
1410 3212 1547 3269 oblatione
1569 3211 1688 3268 fidelium
1704 3227 1752 3268 seu
1819 3224 1822 3229 ’

97 3298 192 3373 gulam
206 3298 310 3374 absque
325 3299 405 3356 ullius
419 3300 639 3372 eonuadictione,
663 3298 837 3372 prepositum
853 3295 901 3352 eli-
952 3299 1012 3354 aliis
1023 3300 1102 3370 justis
1116 3301 1204 3357 modis
1218 3310 1361 3371 prestante
1374 3302 1492 3358 Domino
1504 3301 1601 3374 poterit
1628 3299 1750 3373 adipisci,

98 3404 175 3460 gere.
199 3388 377 3446 ndvomtiam
401 3405 508 3461 quoque
531 3390 614 3463 ipsius
637 3392 690 3449 loci
712 3390 802 3446 nullus
820 3388 900 3444 iuva·
954 3387 1032 3444 lirma
1056 3389 1104 3445 tibi
1127 3390 1233 3461 tuisque
1255 3391 1455 3447 successoribus
1475 3389 1617 3446 elillibata
1639 3404 1751 3460 perma-

96 3475 172 3545 dere,
189 3476 233 3533 vel
249 3493 379 3551 usurpare
394 3486 548 3550 praesumat,
565 3478 614 3534 nisi
629 3479 674 3551 qui
690 3496 706 3535 u
721 3476 864 3552 praeposito
875 3480 902 3531 et
954 3485 1049 3536 aeaut.
1077 3480 1108 3534 ln
1131 3479 1229 3550 quibus
1247 3481 1306 3536 baec
1328 3479 1445 3552 propriis
1459 3478 1613 3536 nominibus
1627 3477 1752 3534 duximus

98 3563 228 3622 mnibus
242 3565 389 3622 seeundum
406 3567 491 3621 Deum
515 3574 542 3622 et
564 3566 649 3638 ipsius
663 3566 784 3626 ecclesiae
797 3564 900 3620 utilite·
954 3565 1109 3623 adnotanda
1133 3586 1139 3623 :
1162 3568 1355 3624 Honesterium
1376 3569 1503 3626 videlicet
1524 3568 1615 3625 Sancti
1637 3568 1751 3624 Andreae

101 3660 156 3710 lem
170 3653 342 3711 concorditer
353 3654 454 3711 electus
474 3655 568 3713 fuerit.
592 3656 632 3712 ld
655 3658 714 3714 haec
735 3654 900 3727 sepulturam
953 3656 1079 3727 apostoli,
1095 3657 1167 3726 quod
1182 3664 1293 3713 vocatur
1306 3659 1459 3727 Eraiulum,
1473 3658 1555 3714 sitnm
1567 3658 1661 3714 Romae
1673 3657 1750 3728 Juxta

101 3743 225 3814 ejusdem
238 3743 290 3799 loci
304 3742 419 3799 liberam
433 3760 491 3799 esse
505 3746 689 3812 concedimus,
706 3753 736 3801 ut
749 3744 900 3815 quicunque
954 3742 1096 3800 ecclesiam
1116 3744 1221 3800 Sanctae
1235 3744 1286 3800 Dei
1299 3745 1437 3818 genitricis
1458 3746 1550 3802 blariae
1571 3762 1680 3818 semper
1692 3745 1752 3802 vir·

96 3847 127 3887 se
143 3831 198 3888 illic
220 3832 331 3904 sepeliri
355 3832 573 3901 deliberaverint,
599 3835 651 3890 nisi
675 3831 900 3891 exeommunicati
951 3832 1032 3904 ginis,
1062 3849 1122 3903 quae
1149 3840 1261 3888 vocatur
1283 3832 1318 3888 ad
1342 3835 1476 3906 Praesepe,
1503 3851 1519 3890 a
1546 3835 1750 3905 praedeoessore

96 3919 162 3990 εἱηι,
186 3920 275 3976 nullus
296 3920 418 3992 obsistat,
443 3922 518 3979 salva
547 3929 637 3979 temen
656 3923 761 3994 justitia
781 3918 901 3977 matrIcis
954 3927 1044 3975 nostro
1072 3919 1160 3975 felicis
1191 3919 1332 3976 memoriae
1369 3921 1460 3978 Leone
1486 3921 1676 3993 predecessori
1705 3931 1750 3980 tuo

97 4008 231 4066 mlada.
251 4010 427 4067 Decemimus
440 4026 507 4083 ergo
516 4017 546 4067 ut
555 4012 621 4067 nulli
635 4011 746 4068 omnino
759 4009 900 4067 huminum
954 4008 1089 4064 Hecberto
1103 4008 1230 4081 religioso
1243 4008 1335 4065 abbati
1355 4017 1479 4081 respectu
1501 4010 1652 4068 dilectionis
1665 4010 1754 4066 dons-

98 4096 180 4156 liceat
195 4098 319 4155 camdem
335 4098 476 4154 ecelesiam
488 4106 589 4157 temere
600 4100 765 4173 perturbare,
782 4104 828 4154 aut
841 4096 901 4167 ejus
954 4105 1020 4166 lum,
1045 4113 1106 4153 cum
1120 4097 1247 4154 omuibus
1274 4098 1423 4168 caminatis,
1448 4099 1642 4167 mansionibus,
1666 4099 1749 4166 cellis,

99 4187 285 4258 possessiones
309 4188 426 4253 auferre,
443 4189 486 4244 vel
501 4188 604 4244 ablatas
626 4189 752 4257 relinere,
767 4188 898 4253 minuere,
953 4186 1065 4241 vinariis
1078 4193 1105 4241 et
1118 4186 1245 4258 coquina,
1261 4202 1322 4241 cum
1345 4187 1441 4257 vineis,
1465 4187 1559 4255 bortis,
1583 4188 1749 4256 diversisque

97 4291 146 4331 seu
160 4275 581 4348 guibusliquetmodisiatigare3
598 4279 648 4333 sed
658 4277 748 4333 omnia
759 4277 864 4348 integra
874 4280 902 4330 et
952 4288 1095 4345 pomorum
1110 4274 1263 4347 generibus,
1288 4291 1350 4331 cum
1364 4284 1438 4332 curte
1452 4283 1479 4332 el
1492 4283 1583 4348 puteo,
1599 4285 1625 4332 et
1639 4276 1749 4331 introitu

97 4363 203 4420 illibate
215 4373 409 4422 conserventur
431 4380 534 4435 eorum,
558 4381 606 4438 pru
630 4382 744 4436 quorum
759 4365 899 4438 guberna-
952 4379 1001 4433 per
1014 4371 1121 4433 portam
1135 4363 1267 4434 maj0rem
1281 4380 1297 4419 a
1311 4364 1355 4420 via
1369 4365 1487 4435 publiea,
1505 4368 1533 4423 el
1547 4381 1609 4421 oum
1624 4366 1751 4421 urnnibus

96 4452 171 4509 tione
188 4460 216 4509 et
233 4454 425 4509 sustentatione
447 4469 577 4510 concessa
601 4460 672 4521 sunt,
697 4453 789 4509 usibus
811 4429 938 4507 omni·D
953 4451 987 4507 ad
1019 4451 1091 4507 idem
1124 4453 1316 4509 monasterium
1347 4454 1509 4526 generaliter
1546 4453 1750 4526 pertinentibus,

99 4540 190 4597 modis
209 4542 359 4615 profutura.
380 4542 410 4599 Si
432 4557 486 4613 qua
506 4558 571 4598 aare
594 4543 620 4597 iu
636 4542 753 4598 futurum
767 4541 898 4597 ecclesie-
951 4547 1005 4595 tam
1027 4540 1096 4595 intra
1114 4556 1196 4611 quam
1219 4548 1297 4597 extre
1319 4541 1492 4610 urbemsitis‚
1517 4558 1578 4613 quae
1593 4543 1617 4599 ei
1629 4542 1704 4613 juste
1717 4557 1750 4598 ae

95 4630 163 4687 stica
176 4631 347 4690 secubuisse
357 4646 482 4704 persons,
501 4631 580 4703 hujus
596 4640 694 4688 nostrae
704 4629 899 4688 constitutionis
951 4636 1023 4685 recte
1048 4629 1181 4702 pertinere
1203 4638 1360 4688 noscuntur.
1389 4631 1568 4688 Prohibemus
1581 4639 1670 4688 autem
1685 4647 1749 4688 om-

96 4719 229 4795 paginam
246 4720 344 4790 scium,
360 4727 454 4777 eunus
473 4736 533 4778 eam
554 4729 654 4778 temere
668 4720 759 4776 venire
774 4727 898 4776 tentave-
953 4734 1016 4772 uem
1041 4717 1185 4788 cujuslibet
1211 4719 1333 4776 ecclesis
1360 4720 1526 4775 sacerdotem
1549 4721 1577 4775 in
1597 4720 1657 4791 J'am
1676 4719 1748 4776 dicto

96 4808 144 4876 rit,
159 4808 279 4866 secundo
303 4809 416 4865 tertime
438 4810 603 4865 commonitu
626 4808 678 4864 nisi
700 4816 805 4865 reatum
820 4823 898 4863 suam
953 4814 1041 4863 vestro
1072 4807 1198 4863 Fuldensi
1224 4807 1387 4864 monasterio
1416 4808 1512 4864 alicam
1540 4809 1669 4864 dionem
1696 4809 1750 4864 ha·

98 4912 222 4971 oongnra
240 4897 423 4954 satisfactione
442 4898 597 4965 comexerit,
622 4897 760 4970 potestatis
778 4896 900 4953 honoris-
953 4896 1027 4964 bere,
1042 4896 1086 4954 vel
1109 4895 1294 4953 auctoritatem
1318 4903 1414 4969 prester
1436 4904 1554 4952 nostram
1574 4896 1749 4967 apostolieum

97 5002 153 5060 que
174 4986 327 5060 periculum
351 4987 478 5059 patiatur,
502 4994 530 5043 et
551 4985 764 5043 accuratissimo
785 5000 898 5057 corpore
952 4985 1055 5041 sedem.
1080 4984 1240 5057 Specialiter
1261 5000 1325 5043 vero
1340 4984 1496 5057 episcopum
1510 4984 1539 5040 in
1551 4985 1627 5056 cujus
1640 4984 1749 5042 dioecesi

97 5093 130 5135 ae
144 5076 278 5150 semmae
291 5075 343 5132 Dei
356 5075 505 5132 albumini
526 5074 713 5148 Redemptoris
730 5074 814 5132 nusui
836 5076 899 5131 lesu
952 5082 1057 5130 constat
1075 5090 1133 5130 esse
1147 5081 1338 5141 constructum,
1364 5074 1402 5130 ita
1424 5082 1453 5129 nl
1474 5074 1526 5130 nisi
1541 5073 1576 5132 ab
1591 5074 1690 5131 abbate
1702 5075 1748 5147 ip-

97 5164 198 5225 curisti
212 5164 302 5222 aliena
315 5162 371 5235 fiat,
387 5171 467 5235 atque
481 5163 511 5220 in
525 5171 646 5221 extremo
664 5164 789 5220 examine
803 5163 897 5220 distri·
951 5162 1007 5218 sius
1021 5163 1176 5219 monasterii
1200 5162 1283 5220 inerit
1304 5163 1441 5230 invitatus,
1466 5180 1516 5220 uec
1536 5165 1676 5219 missarum
1691 5163 1747 5219 ibi—

95 5261 148 5313 eloe
173 5252 315 5326 subjaceat
337 5252 446 5309 ultioni.
475 5253 583 5309 Cunctis
607 5260 697 5311 autem
726 5253 814 5309 eidem
836 5252 897 5311 looo
951 5251 1013 5308 dem
1041 5251 1173 5308 solemnia
1200 5249 1337 5307 celebrare
1364 5259 1517 5322 presumat.
1554 5253 1637 5308 Porro
1665 5252 1747 5317 dona,

94 5344 171 5415 justa
183 5341 356 5399 manibus
371 5342 406 5397 sit
418 5358 472 5414 pax
490 5341 599 5399 Domini
614 5342 696 5398 nostri
711 5343 775 5399 lesu
787 5342 894 5410 Christi,
950 5340 1101 5398 oblationes
1125 5355 1158 5396 ao
1179 5340 1299 5397 decimes
1321 5340 1440 5396 lidelium
1464 5341 1567 5412 absque
1588 5342 1669 5397 ullius
1682 5357 1747 5412 per·

96 5440 231 5505 quuecus
245 5438 272 5487 et
286 5429 332 5488 bio
346 5430 464 5488 fructum
479 5431 558 5488 buum
571 5432 683 5488 arbonis
697 5431 855 5504 percipiant,
870 5438 898 5488 el
950 5445 1026 5486 sunae
1040 5429 1226 5486 contrmietute
1241 5429 1330 5486 eidem
1351 5430 1513 5486 monasterio
1527 5439 1657 5503 perpetuo
1672 5428 1750 5485 lirina

95 5520 171 5595 apud
183 5517 468 5589 dancumjndiocm
482 5519 597 5593 praemia
608 5519 896 5596 sarnupactstnve·
950 5534 1011 5577 esse
1030 5516 1178 5576 mucimus.
1211 5518 1399 5577 Interdicimus
1421 5518 1502 5574 etiam
1520 5535 1555 5574 ne
1574 5518 1676 5575 iemiuu
1702 5536 1749 5574 un·

95 5609 186 5671 unat.
204 5609 308 5679 amen
323 5623 413 5679 amsa,
428 5624 521 5671 amau.
951 5623 1033 5681 quum
1055 5606 1120 5668 illuc
1139 5606 1246 5681 ingredi
1265 5613 1421 5691 wamel,
1442 5614 1471 5666 et
1492 5622 1526 5665 ua
1548 5607 1610 5696 quis
1627 5622 1751 5699 numam„
