3772 6006
556 175 608 237 ult
628 174 765 239 eusets
786 174 942 249 PONTIF,
964 176 1081 240 attat.
1104 213 1144 224 -
1163 180 1238 243 ete.
1261 183 1287 243 l.

12 182 16 189 '
64 180 143 243 tstt
1692 195 1770 259 1446

60 319 136 377 ritus
156 315 252 375 sancti
272 314 366 387 gratie
392 313 555 370 vivificante
577 313 707 385 disponit
722 333 729 383 ;
747 312 807 369 baec
822 327 885 383 que
901 311 928 383 Α
943 310 1257 383 gligantur.Vicesimo
1272 322 1364 385 sexto,
1381 329 1412 375 ut
1427 320 1488 380 bec
1502 329 1644 398 precepta
1659 329 1769 402 singuli

59 408 165 464 subter
180 405 326 460 habentur
338 403 461 473 synodis
475 408 570 474 gestu,
584 401 763 474 Septembris
779 403 890 457 mensis
943 400 1070 475 episcopi
1087 405 1225 477 subjectis
1239 406 1400 463 notificent.
1417 409 1562 469 Vicesimo
1577 417 1714 489 septimo,
1731 420 1767 477 da

61 499 92 553 ll
110 496 160 569 [nl.
177 492 272 565 initio]
298 509 387 567 prope
406 492 503 548 lacum
529 491 578 562 qui
608 497 727 547 vocatur
750 489 889 547 clovesho
944 490 1068 548 utilitate
1083 493 1274 568 eleemosynae
1290 496 1472 569 disputatum
1488 506 1539 557 est.
1556 504 1701 564 Vicesimo
1718 526 1769 565 oa-

61 591 178 659 peracta
193 591 273 651 eunt,
290 581 480 654 presentibus
496 580 542 637 bis
557 580 615 637 Deo
631 579 745 638 dilectis
762 578 889 651 praesuli-
943 582 1018 649 tave,
1040 583 1076 638 do
1103 583 1230 642 utilitate
1259 587 1440 658 psalmodia.
1463 589 1608 650 Vicesimu
1636 613 1723 667 nana,
1736 604 1769 657 ut

61 671 522 739 buseccleeiarumChristi,hac
546 669 891 728 estbonarabiliarcbie-
943 672 1129 743 congregatio
1158 690 1211 744 pro
1243 674 1330 731 modo
1361 676 1532 734 facultatum
1562 685 1768 747 constituatur.
1875 710 1880 719 ·

59 765 134 837 piso.
147 759 483 830 Cutbbarto,venerabili
496 761 632 832 episcopo
644 759 789 817 Rationale
800 760 889 817 eccle·
942 757 1112 828 Tricesimo,
1130 766 1159 817 ut
1175 763 1309 820 monaehi
1330 763 1407 822 inter
1427 765 1516 825 laicos
1543 787 1602 827 nou
1628 772 1767 831 habitent.

64 854 116 911 sim
128 853 339 923 Dunna,atque
354 849 607 909 reverendissimis
617 848 760 922 episeopis
771 848 889 906 lllercio·
943 846 1103 905 Tricasimo
1128 850 1234 922 primo,
1261 859 1291 908 ut
1315 869 1367 927 pro
1393 854 1512 927 regibus
1535 861 1564 914 et
1587 859 1769 933 principibus

61 960 140 1011 rum,
156 943 242 999 Tatta
256 946 283 997 et
298 940 406 997 Huvita
421 956 453 995 ec
468 939 567 995 Padda
583 954 590 1005 ;
607 939 656 995 scd
671 944 700 995 et
715 938 887 1011 probatissi·
943 936 1060 1007 publice
1075 944 1183 996 aretur.
1201 963 1215 991 a

60 1035 120 1091 mis
135 1033 280 1106 episcopis
296 1030 528 1087 Occidentalium
553 1031 713 1099 Saxonum,
731 1030 887 1086 llumlredo
978 1026 1069 1097 Cujus
1092 1029 1196 1102 synodi
1221 1032 1375 1100 actionem,
1397 1033 1477 1107 (nam
1502 1037 1630 1108 capitula
1653 1043 1770 1098 tantum

60 1118 285 1187 etHereweldo,
302 1118 579 1192 venerabilibusque
602 1120 802 1176 sacerdotibus
817 1119 887 1175 Her·
942 1115 1113 1188 tetigimus),
1131 1119 1307 1177 Cutbbertus
1332 1123 1569 1199 archiepiscopus
1597 1129 1696 1185 statim
1720 1148 1771 1203 per

63 1213 146 1268 dulia
168 1209 352 1266 orientalium
369 1208 541 1280 anglorum,
558 1217 644 1280 atque
662 1208 777 1281 Egiullo
792 1208 888 1265 orien·
941 1204 1132 1263 Itinebcrlum
1148 1208 1304 1267 diaconum
1329 1229 1415 1268 snum
1437 1216 1584 1272 Bnnilucio
1601 1218 1770 1291 biuguutino

63 1301 168 1358 talium
195 1301 357 1369 Saxonum,
373 1304 402 1354 et
427 1298 542 1354 ttittrda
566 1298 767 1366 Wictiorum;
792 1299 841 1354 sed
859 1301 888 1353 ct
942 1293 1142 1367 archipraesuli
1160 1299 1239 1355 misit
1251 1319 1258 1368 ;
1272 1301 1335 1372 ipse
1351 1304 1557 1375 congratulans
1570 1306 1718 1377 eleganter
1729 1327 1771 1366 re·

63 1389 287 1447 honorabilibus
303 1388 457 1460 episcopis,
469 1388 560 1445 tllwio
576 1388 718 1444 Lindiaaes
733 1387 886 1459 provincias
942 1384 1072 1454 scripsit,
1089 1386 1166 1442 sicut
1192 1404 1245 1444 suo
1265 1388 1328 1446 laco
1345 1389 1434 1448 lactor
1454 1393 1592 1450 inveniet.
1610 1396 1677 1464 Sed,
1701 1398 1769 1469 quie

62 1484 151 1551 atque
167 1479 234 1551 Siga
248 1479 421 1535 australium
432 1478 579 1533 saxonum
589 1497 596 1546 ;
607 1494 684 1533 anno
695 1477 778 1534 Dant.
791 1477 889 1533 lucar·
943 1474 1031 1545 hujus
1047 1477 1102 1533 viri
1117 1479 1269 1549 Baniiaoii,
1282 1482 1333 1553 qni
1347 1488 1414 1539 ante
1429 1485 1591 1543 Winlridus
1607 1487 1768 1558 dicebatur,

65 1572 195 1628 nationis
222 1571 286 1638 tlt,
311 1569 469 1625 indictione
498 1587 543 1636 aa,
576 1585 654 1625 anno
679 1576 776 1625 autem
806 1546 1028 1641 regntlltottes
1043 1584 1075 1624 se
1091 1568 1214 1640 ingessit
1229 1572 1349 1639 utentia,
1365 1574 1502 1644 quiddam
1520 1593 1576 1631 nou
1593 1579 1665 1634 aclea
1681 1580 1766 1636 eudi-

63 1660 225 1719 Ethelbaldi
250 1661 327 1732 regis
342 1660 521 1725 Marciorum,
538 1659 589 1732 qui
613 1664 682 1715 tunc
701 1659 801 1717 aderet
821 1674 887 1714 curn
943 1660 1002 1712 tuto
1019 1657 1170 1715 cunctiset
1186 1662 1376 1718 memorabile
1391 1664 1426 1720 de
1443 1664 1586 1722 Fritlerico
1601 1667 1666 1738 ejus
1682 1670 1769 1725 disei-

64 1752 127 1808 suia
143 1749 325 1821 principibus
348 1764 382 1805 ac
406 1749 530 1805 ducibus
549 1766 645 1805 xxsnt.
662 1751 732 1805 Cutn
748 1748 887 1820 igiturex
940 1744 1019 1815 pulo,
1035 1747 1111 1817 quod
1127 1765 1214 1804 aures
1230 1766 1309 1806 meas
1322 1751 1513 1825 attigit,stylo
1529 1757 1767 1816 mandaboNem

65 1837 361 1896 diversisitritanniaa
385 1837 887 1910 provinciissacriordiulspraeiati
941 1837 969 1889 el
997 1838 1141 1893 sanctitas
1170 1838 1300 1909 magistri
1320 1856 1353 1897 er
1384 1842 1518 1911 discipuli
1543 1844 1646 1901 virtute
1670 1851 1766 1919 polest

65 1928 206 2002 presules
221 1945 289 1983 caro
307 1929 431 1985 minoris
445 1928 557 1984 ordinis
573 1926 766 2000 dignitatibus
780 1943 886 1984 cauae·
941 1924 1058 1995 conjici,
1075 1928 1151 1997 quad
1178 1926 1312 1984 babuerit
1327 1928 1376 1986 illa
1396 1931 1485 2000 domi,
1504 1934 1582 1989 unde
1601 1934 1764 1992 addisceret

62 2018 186 2086 nissent,
203 2018 364 2074 atrocitate
379 2016 887 2087 essentscriptainduabuscbartis
941 2017 1074 2083 polentes
1094 2033 1151 2071 non
1178 2017 1290 2087 timere,
1306 2024 1430 2076 mortem
1445 2025 1639 2080 contemnere.
1659 2024 1763 2081 Wille·

61 2107 219 2163 venerandi
227 2123 307 2178 pape
317 2105 886 2178 Zaobariae,quibusedmonebatduglos
940 2101 1065 2159 brordus
1090 2105 1202 2174 primus
1223 2107 1450 2178 trejectensium
1467 2111 1633 2183 epiecopus,
1648 2113 1684 2169 de
1705 2130 1763 2186 quo

64 2202 97 2252 ut
107 2195 276 2267 castigatius
292 2195 429 2263 viverent,
446 2200 475 2252 et
489 2199 708 2252 contemnentes
723 2211 888 2251 excommu-
941 2190 1019 2247 Beda
1034 2199 1187 2264 memoret,
1203 2195 1357 2253 sanctitate
1373 2204 1400 2253 et
1420 2199 1502 2256 senia
1528 2200 1664 2257 emeritus
1687 2202 1764 2259 diem

63 2284 161 2341 uicere
186 2283 888 2354 minabaturzaPalmocapitulodecreveruutnt
941 2279 1095 2353 clauserat,
1111 2300 1244 2355 auraeque
1268 2289 1297 2341 at
1318 2286 1517 2358 predicationi
1541 2289 1606 2362 ejus
1630 2290 1660 2346 in
1676 2290 1768 2350 Frisia

63 2372 192 2445 episcopi
213 2371 367 2428 sollicitius
395 2372 499 2429 amodo
526 2373 663 2440 viverent,
682 2377 712 2429 et
732 2371 887 2429 sollicitius
942 2370 1107 2428 Bauilacius
1119 2377 1312 2443 successerat,
1324 2376 1401 2448 apud
1413 2377 1578 2449 TraJectum
1589 2381 1767 2453 Conabo[nl.

64 2462 199 2519 subditos
224 2462 425 2519 admouerent.
441 2464 583 2529 Secundo,
602 2467 633 2518 at
652 2463 773 2532 pacifico
789 2462 886 2519 anima
941 2461 1768 2544 Cabauo;al.Banco]episcopoordinato,Spetiosumerga

63 2551 202 2619 viverent,
219 2553 353 2622 quamvis
369 2550 439 2608 locis
453 2552 571 2608 discreti
586 2552 736 2624 degerent.
751 2553 888 2609 'l'erliout
942 2556 1057 2623 tempus
1071 2554 1221 2625 preteriit,
1237 2555 1314 2623 quod
1325 2555 1356 2610 bi
1372 2557 1459 2613 ambo
1475 2558 1619 2615 incolatus
1634 2561 1769 2618 mortalis

63 2643 142 2698 omui
168 2659 257 2712 onno,
278 2641 429 2712 parachiae
453 2659 521 2698 suas
554 2642 663 2714 singuli
687 2641 886 2698 circumirent.
941 2640 1768 2713 pertaesireposcebanturcoelo,cumecceFrisouesiuriis

63 2732 180 2799 Quarto,
198 2733 370 2804 utquisque
392 2731 422 2787 in
441 2747 493 2786 sue
508 2730 636 2797 dimcesi,
652 2730 771 2788 abbates
786 2735 886 2787 etmo·
942 2734 975 2785 ut
996 2731 1134 2801 creditur,
1151 2732 1342 2789 internatibus
1357 2737 1413 2790 acti
1433 2741 1574 2808 utrosque
1588 2739 1769 2797 trucidantes

64 2819 171 2875 nacboa
187 2827 323 2877 moueant
341 2819 511 2892 regulariter
521 2820 626 2887 vivere,
637 2824 665 2876 et
677 2819 888 2891 preletaseub·
942 2823 1084 2892 martyres
1099 2821 1241 2879 fecerunt.
1258 2823 1332 2879 'lum
1344 2823 1484 2880 Bonilacii
1496 2827 1595 2881 sedem
1612 2829 1687 2899 apud
1706 2832 1768 2885 biu-

60 2911 156 2980 jectos
171 2926 241 2966 suas
257 2926 314 2965 uon
330 2910 506 2981 opprimere,
518 2909 568 2964 sed
585 2908 717 2981 diligere.
728 2910 846 2979 Quinto,
859 2920 888 2965 ut
903 2922 924 2989 c
943 2910 1081 2983 gentium
1097 2912 1277 2984 implevit‚ut
1289 2914 1348 2971 dixi
1360 2915 1502 2988 [abdixit]
1513 2914 1632 2988 l.ullus;
1647 2918 1768 2977 dubano

60 2997 122 3068 jem
144 2999 332 3064 monasterie,
357 3015 419 3071 quaa
448 2998 601 3055 seculares
629 2998 762 3055 homines
785 3015 887 3071 perve-
943 2999 996 3072 [al.
1013 3001 1121 3073 banco}
1132 3019 1189 3058 nou
1201 3006 1272 3061 adeo
1287 3005 1411 3061 festinus
1428 3021 1580 3063 successor
1595 3011 1711 3079 propter
1726 3007 1768 3063 le-

64 3093 172 3155 serant,
190 3104 242 3145 nec
263 3096 331 3144 tuno
351 3089 386 3143 ab
402 3089 444 3144 eis
464 3088 571 3145 aulerci
592 3093 737 3161 poterent,
753 3089 889 3145 docerent
942 3090 1052 3146 ruciam
1080 3092 1187 3163 gentis,
1203 3093 1282 3164 apud
1303 3093 1469 3162 Traiectum
1495 3095 1551 3150 luit
1577 3094 1764 3165 Fridericus3

64 3176 233 3247 regulariter
247 3178 341 3234 atvero
355 3178 404 3248 iol.
421 3177 715 3248 converseri].Sexta,
732 3194 767 3233 aa
782 3176 888 3249 aliquis
942 3194 1010 3234 eum
1023 3178 1184 3234 sanctitatis
1208 3180 1346 3236 Bonilacii
1362 3187 1462 3237 nectar
1481 3183 1652 3253 spirantem,
1665 3190 1763 3256 utpote

63 3269 224 3339 ordinetur,
237 3270 291 3326 nisi
307 3271 387 3342 prius
399 3271 461 3341 ejus
472 3270 731 3327 vitaexaminetur.
746 3272 886 3343 Septimo,
942 3273 1077 3337 nepotem
1090 3275 1119 3325 et
1134 3269 1298 3341 dissipium,
1315 3271 1479 3331 Ludovicus
1493 3273 1562 3329 Pius
1577 3274 1656 3330 filius
1671 3276 1765 3331 Caroli

63 3363 96 3415 ut
119 3376 168 3430 per
196 3359 382 3428 monasterie,
398 3359 483 3416 lectio
498 3377 648 3418 sacrarum
671 3362 886 3432 Scripturas-um
941 3357 1038 3429 lllegui
1053 3373 1086 3413 eo
1098 3360 1252 3431 promovit,
1264 3360 1333 3417 licet
1346 3360 1430 3418 multi
1448 3369 1508 3417 tum
1525 3379 1575 3433 pro
1588 3379 1630 3428 ec,
1642 3368 1705 3421 tum
1715 3381 1766 3435 pro

59 3447 269 3518 frequentetur.
286 3447 402 3514 Octavo,
421 3454 452 3504 ut
473 3448 632 3521 presbyteri
649 3465 706 3504 non
722 3448 782 3505 sint
797 3465 887 3520 nego·
940 3445 1003 3501 suia
1024 3447 1235 3517 adniterentur,
1252 3449 1405 3521 primaque
1415 3450 1609 3507 ordinationis
1632 3452 1678 3508 die
1697 3468 1767 3510 coo·

59 3535 168 3592 tiorum
184 3536 367 3593 secularium
385 3539 584 3610 disposituras.
603 3539 694 3605 Nono,
711 3538 810 3609 utipai
822 3554 885 3609 pre·
940 3549 1022 3590 sessu
1039 3535 1161 3592 denterae
1174 3537 1202 3592 in
1213 3539 1335 3608 prandio
1346 3555 1453 3596 novum
1467 3539 1618 3611 praesulem
1630 3540 1767 3611 dignatus

59 3626 165 3697 sbyteri
176 3643 232 3682 uon
244 3627 304 3682 acci
310 3626 521 3698 piuntpretium
531 3643 581 3698 pro
589 3627 770 3698 baptizandis
779 3628 885 3698 pueris.
940 3630 993 3680 est.
1005 3626 1095 3681 ltlulta
1110 3644 1177 3699 ergo
1188 3629 1276 3686 edulii
1290 3636 1371 3701 parte
1387 3637 1559 3703 consumpte
1569 3632 1605 3687 ad
1617 3649 1684 3688 eum
1701 3650 1767 3704 pur-

56 3712 186 3784 Decimo,
206 3720 238 3771 ut
267 3716 450 3772 Dominicam
477 3717 686 3773 orationemet
712 3716 884 3788 Symbolum
940 3715 1036 3785 purati
1068 3731 1164 3771 sermo
1198 3717 1343 3790 dirigitur,
1369 3723 1402 3774 ut
1426 3721 1552 3775 recentis
1576 3721 1766 3791 professionis

58 3803 178 3874 anglice
190 3805 305 3863 discant
315 3814 340 3861 et
353 3807 487 3862 doceant.
498 3806 815 3875 Undecimu,utomues
827 3821 885 3861 una
942 3818 1064 3870 memor,
1081 3808 1360 3878 antecessorumque
1375 3809 1546 3863 constantiae
1567 3824 1687 3880 sequax,
1704 3809 1767 3865 sine

57 3893 220 3964 eademque
236 3895 333 3961 modo,
350 3911 405 3951 sua
426 3894 589 3951 ministeria
612 3895 884 3967 peragant.Duade·
940 3892 1107 3964 acceptione
1123 3909 1313 3963 personarum
1329 3912 1397 3952 vera
1408 3903 1561 3970 proponat,
1577 3901 1768 3954 contemnen-

57 3981 134 4037 cimo
164 3987 196 4037 nt
220 3984 350 4039 modesta
372 4001 440 4040 vace
465 4001 547 4040 saera
562 3985 592 4040 in
611 3983 743 4041 ecclesiis
767 3989 883 4039 canant.
937 3981 1017 4036 tibus
1032 3981 1188 4039 anathema
1200 3983 1603 4058 indicatlttillepudibundo
1615 3986 1767 4043 lumineet

57 4070 322 4140 Tertiodecimo,ut
333 4075 558 4144 uuocodentqne
569 4075 822 4147 tempore,ubique
833 4076 885 4130 llo·
940 4071 1064 4128 dimissa
1079 4073 1174 4144 capite
1190 4091 1197 4130 :
1215 4074 1312 4145 Recte,
1328 4075 1435 4147 inquit,
1452 4076 1571 4133 domiue
1594 4077 1761 4148 imperator,

59 4159 171 4215 minicae
184 4161 885 4233 testivitates,etsanctarumnatalitieeelebren·
938 4161 1011 4233 egis,
1028 4161 1077 4233 qni
1100 4162 1290 4234 professionis
1314 4181 1385 4220 meaa
1413 4164 1641 4221 teneritudinem
1657 4166 1768 4221 sanctis

56 4252 883 4319 tunousrtodecimamthunorebiliterobserveturDomi·
898 4271 921 4336 Ι)
937 4251 1051 4305 animas
1062 4249 1242 4320 hortatibus;
1255 4255 1305 4309 sed
1318 4270 1368 4311 oro
1377 4258 1476 4325 tamon
1485 4258 1618 4325 gravetur
1627 4255 1766 4326 majestas

57 4340 141 4394 nicus
152 4341 223 4397 dies.
235 4342 340 4404 Quinto
352 4342 476 4412 decimo,
486 4348 517 4398 ut
527 4350 638 4415 septem
650 4342 881 4400 cananictehurae
936 4338 1299 4413 tuasalvere,quodanimi
1312 4343 1367 4398 mei
1380 4359 1512 4400 recessus
1523 4343 1574 4399 din
1585 4342 1765 4399 volutarunt.

57 4428 158 4483 diebus
173 4429 297 4499 singulis
313 4431 511 4487 observentur.
524 4432 609 4488 Sesto
621 4432 739 4502 decimo,
750 4438 782 4488 nt
793 4433 884 4503 Roga·
940 4428 974 4483 El
989 4445 1025 4484 ne
1040 4428 1126 4502 longe
1140 4432 1273 4503 6161119Ιᾶ
1288 4436 1434 4504 petentur,
1450 4438 1546 4489 utrum
1560 4432 1669 4505 piscem
1686 4431 1765 4487 hune

58 4516 170 4570 tionum
181 4518 276 4573 diasat
288 4520 432 4576 urinarum
443 4521 622 4590 etmajorum
631 4522 882 4578 nanamittuntur.
940 4520 1225 4591 mensteeppoeitum
1237 4520 1389 4577 honestius
1403 4526 1447 4577 est
1461 4522 1581 4593 acupile
1596 4538 1632 4577 an
1645 4538 1661 4577 a
1672 4521 1762 4575 caude

57 4604 188 4675 Septimo
217 4606 342 4675 decimo,
366 4615 396 4662 ut
423 4608 566 4665 festivitas
592 4610 688 4666 sancti
712 4611 840 4680 Gregorii
856 4617 885 4668 et
937 4607 1070 4678 aggredi,
1088 4607 1136 4665 ille
1151 4615 1401 4684 preproperus,el
1412 4614 1597 4681 quantumse
1609 4610 1766 4667 inviscaret

58 4694 214 4764 Augustini
232 4695 322 4751 Patris
337 4699 428 4753 nostri
441 4699 620 4755 observetur.
637 4698 744 4756 Octavo
759 4701 882 4771 decimo,
940 4694 1067 4765 nesciae,
1084 4713 1099 4751 e
1115 4699 1207 4770 capite
1218 4699 1374 4773 respondit.
1386 4700 1443 4755 Nec
1455 4702 1586 4755 moratus
1602 4697 1765 4753 b'ridericus

58 4782 884 4857 utjejuniaQuatuorTemporumobserventur.Nonode·

58 4873 144 4941 eima,
168 4877 202 4929 ut
231 4873 366 4930 monachi
399 4883 426 4932 et
450 4873 685 4932 sanctimoniales
711 4874 884 4947 regulariter

57 4962 227 5018 vestiantur.
239 4961 395 5033 vicesimo,
413 4967 445 5019 ut
459 4963 587 5036 episcopi
597 4963 763 5035 observent,
776 4980 812 5021 ne
827 4964 885 5023 istu

58 5049 172 5105 decreta
183 5049 377 5123 negligantur.
391 5052 536 5109 vicesimo
548 5052 652 5125 primo,
666 5068 702 5108 ne
714 5053 885 5110 ecclesiasti·

59 5154 111 5194 cus
126 5139 196 5196 ordo
208 5140 375 5199 iuebrtetur.
393 5143 536 5200 vicesimo
552 5142 692 5211 secundo,
710 5146 741 5199 ut
755 5158 886 5199 cammu-

61 5228 108 5283 nio
119 5226 155 5283 ab
165 5228 369 5289 aeclesiasticis
378 5250 435 5290 non
448 5233 622 5306 negligatur.
633 5231 779 5290 Vicesimo
790 5235 883 5301 tertio,

62 5325 93 5373 ut
108 5316 186 5372 idem
202 5334 219 5373 a
240 5318 323 5377 laicis
339 5339 390 5393 pro
406 5323 588 5395 temporibus
606 5322 785 5380 observatur.
803 5322 885 5379 Vica-

65 5408 140 5463 simo
153 5412 265 5478 quarto,
277 5414 309 5465 nt
323 5411 406 5483 priua
423 5413 580 5487 probentur
594 5412 671 5480 laici,
684 5428 770 5484 quam
786 5428 887 5470 mons·

64 5494 200 5556 cbeutur.
217 5493 363 5555 Vicesimo
378 5499 492 5570 quinta,
509 5504 541 5557 ut
555 5500 746 5573 eleemosyna
760 5517 818 5559 uon
835 5516 885 5559 ne·

940 4783 1040 4857 rapuit
1062 4785 1195 4853 verbum,
1211 4786 1311 4843 dicens
1336 4803 1343 4843 :
1359 4788 1405 4844 Sic
1421 4792 1476 4856 cat,
1489 4787 1607 4844 dominc
1622 4790 1763 4858 Auguste,

940 4870 982 4927 sic
997 4879 1052 4936 eat,
1071 4877 1102 4928 ut
1118 4872 1190 4929 ltdes
1205 4879 1234 4930 et
1249 4875 1343 4946 pietas
1355 4876 1520 4933 Christiane
1537 4876 1572 4931 de
1588 4876 1647 4930 tuis
1659 4873 1764 4931 erretis

941 4964 969 5015 te
983 4975 1084 5017 secure
1098 4961 1264 5034 compellat,
1281 4979 1317 5020 ne
1333 4964 1458 5035 subjecti
1474 4964 1599 5020 audeant
1615 4976 1763 5034 spernere,

941 5049 1020 5121 quod
1036 5053 1064 5104 ta
1087 5050 1213 5107 viderint
1233 5052 1384 5110 tolerasse.
1402 5053 1548 5111 Renuntia
1560 5067 1628 5125 ergo
1642 5052 1763 5123 incesto,

941 5138 1018 5209 quod
1044 5142 1228 5212 contraxisti,
1244 5145 1430 5199 matrimonio
1454 5160 1462 5201 ε
1488 5142 1558 5215 qnia
1573 5142 1628 5197 iste
1652 5141 1764 5212 Juditb,

941 5244 1030 5301 quem
1046 5232 1097 5287 tuo
1111 5231 1364 5303 tmdereetileteri,
1380 5232 1511 5306 proximo
1526 5232 1578 5288 tibi
1599 5231 1697 5288 aldais
1720 5234 1766 5289 est

941 5319 1096 5393 sanguiue,
1109 5336 1162 5379 nec
1177 5322 1260 5378 decet
1275 5326 1307 5378 nt
1322 5330 1403 5380 turns
1418 5323 1515 5395 regius
1529 5322 1687 5380 infametur
1701 5320 1765 5378 libi·

940 5408 1017 5466 dine.
1035 5410 1093 5467 lloc
1109 5411 1219 5469 dictum
1235 5410 1303 5470 licat
1318 5412 1483 5471 Ludovieua
1497 5429 1570 5486 egre
1592 5412 1763 5485 accepisset,

943 5498 1073 5558 modesta
1101 5504 1199 5560 tamen
1218 5502 1418 5563 taciturnitate
1440 5501 1576 5576 absolvit,
1596 5501 1766 5577 raptimque
