3750 6000
21 244 25 253 ’
101 245 179 312 tto'i
555 244 753 307 WlLLELlll
776 237 1145 306 ustussuuutuuffls
1167 236 1346 302 Mortuum
1727 233 1806 297 1508

101 379 185 439 miles
199 377 313 452 angelis
327 376 388 434 Dei.
405 397 419 428 u
439 377 482 434 Ita
501 377 594 435 iactos
615 379 771 454 episcopus
791 376 918 435 eadme-
934 378 961 445 Α
976 372 1277 448 quavldelicetpctita
1292 376 1347 442 est,
1360 387 1490 447 arquos
1505 371 1587 430 beatu
1598 373 1738 446 Gregorio
1749 389 1803 445 per

101 470 210 529 donem
227 467 293 526 boni
315 483 402 540 quum
421 468 457 524 de
476 482 510 524 eo
533 467 695 526 babuerunt
714 467 849 526 heminas
865 481 923 523 uon
978 464 1097 522 beatum
1112 464 1310 539 Augustinum
1323 462 1444 519 lundata
1458 464 1512 519 est.
1529 461 1708 520 Preterbec
1723 461 1803 520 litte·

101 558 216 629 lelellit;
233 557 457 631 sedprovexitin
467 557 613 625 ellectum,
624 556 922 631 sueritinpublicum.
977 568 1076 609 rarum
1092 553 1212 621 indicia,
1226 551 1327 626 legati,
1338 551 1389 623 qui
1406 551 1506 609 adnos
1519 550 1692 622 missisunt,
1708 556 1743 608 nt
1756 568 1803 609 sa·

101 646 196 713 Quare
211 663 278 703 cum
301 645 337 703 de
361 643 579 719 archiepiscopo
604 653 746 720 ageretur,
771 660 872 704 omnes
891 645 922 700 in
977 641 1087 716 pientes
1102 659 1135 699 ac
1150 643 1263 700 strenui
1278 640 1343 710 riri,
1358 640 1534 698 assertiones
1548 656 1617 698 suas
1633 641 1802 714 prudenter,

101 735 349 809 ejuaeioetionsm
369 734 520 792 vuluntate
542 751 645 807 prona,
667 739 731 792 tum
750 735 839 792 etiam
854 747 923 790 voce
976 731 1129 800 instanter,
1146 731 1304 789 efficaciter
1317 731 1447 789 exsecuti
1462 734 1542 787 sunt.
1559 730 1618 788 Nos
1634 732 1804 804 prolectoct

101 840 229 883 consona
244 826 456 882 concurrerunt
467 839 475 879 s
488 821 675 898 ductusergo
689 824 848 895 sdmdsm,
864 838 922 878 non
977 820 1140 894 legatorum
1158 838 1303 893 personas,
1319 826 1348 878 et
1358 820 1546 891 assertiones,
1559 829 1586 877 at
1597 825 1727 877 uestrum
1742 836 1804 876 om·

101 913 196 971 multo
220 917 286 988 post
305 913 426 987 pallium
451 911 560 970 meruit
580 913 716 971 Romane
731 912 811 970 sedis
824 910 928 969 ludui·
977 909 1061 967 nium
1076 910 1235 986 legationes
1249 914 1393 983 tanquam
1407 908 1651 967 charissimorum
1669 910 1804 978 fratrum,

18 1054 22 1059 .
103 1003 211 1077 gentio,
229 1003 363 1061 atterente
384 1002 519 1060 insoluto
534 1003 640 1075 legato,
656 1007 762 1077 nepote
776 1019 809 1059 ex
824 1015 924 1060 sorore
977 999 1105 1073 benigue
1117 1000 1305 1072 hilariterque
1316 999 1607 1073 suscepimustquod
1619 997 1804 1056 uobisinlio

102 1094 231 1153 Anselmi
250 1093 470 1166 archiepiscopi.
491 1093 563 1150 Nam
578 1097 608 1150 st
628 1093 658 1150 in
679 1092 823 1167 principio
843 1089 924 1162 regni
977 1087 1803 1164 minoproptardonrinamplacereoptamus.Vestraserge

103 1181 218 1240 Honrici
229 1181 487 1254 veneratltuglicm
500 1182 536 1239 ad
547 1182 738 1239 exercendam
748 1181 923 1254 legationem
978 1179 1126 1237 dilectioni
1143 1183 1246 1236 notum
1270 1178 1382 1237 babere
1404 1177 1552 1247 Munius,
1577 1177 1655 1250 qood
1680 1176 1804 1234 Cantus·

71 1300 75 1311 ·
103 1272 195 1330 Guldo
214 1271 389 1331 Viennensis
409 1271 655 1345 archiepiscopus,
678 1273 727 1344 qui
743 1280 842 1345 postes
855 1286 925 1342 spo·
979 1267 1402 1342 riensisdcclesisdiguitutem
1414 1266 1804 1327 naalmariouimusnecim·

102 1359 225 1419 stolicus
239 1361 310 1418 tuit:
328 1366 400 1420 tunc
413 1359 581 1428 duselmus,
602 1376 654 1418 nso
669 1361 763 1418 multo
779 1363 844 1431 post
858 1358 925 1432 qui·
980 1359 1112 1417 minuere
1140 1358 1341 1417 desideremus
1365 1358 1417 1429 [cl.
1442 1355 1661 1431 deliberamus).
1684 1356 1803 1417 beatum

103 1442 172 1508 dum
188 1450 301 1518 Petrus,
327 1467 488 1523 omnesque
511 1449 619 1507 reversi
644 1451 724 1507 nulio
747 1449 849 1506 ellectu
872 1447 924 1518 rei,
980 1464 1107 1520 namque
1130 1447 1302 1522 Gregorium
1333 1445 1500 1520 apostolicae
1528 1445 1607 1503 sedis
1635 1445 1807 1518 pontium

105 1542 207 1618 grandi
221 1542 316 1612 preda
330 1541 387 1611 sui,
397 1541 499 1597 Petrus
510 1543 647 1611 maxime,
658 1543 735 1613 quod
746 1557 849 1598 omnes
859 1555 926 1598 sum
981 1536 1421 1612 tanqusmprecipuumchristi
1431 1535 1548 1594 Domini
1559 1536 1809 1604 membrum,tau-

104 1629 258 1688 incendere
282 1634 424 1696 carerent,
449 1630 498 1702 qni
521 1635 597 1688 esset
621 1630 701 1687 tilius
720 1630 796 1686 Petri
811 1629 926 1699 Leonis,
981 1644 1066 1704 quam
1082 1628 1237 1686 Christiani
1253 1627 1351 1699 popuii
1376 1633 1523 1700 pastorem
1544 1634 1572 1684 et
1596 1627 1756 1695 doctorem,
1777 1629 1806 1683 ct

107 1721 215 1780 summi
230 1722 427 1779 Romanorum
443 1722 593 1796 principis.
614 1724 720 1780 Crebra
733 1739 802 1797 ergo
816 1723 851 1780 ad
868 1727 928 1779 An·
944 1709 968 1776 B
983 1722 1124 1792 tanquam
1140 1717 1243 1776 salutis
1254 1721 1366 1774 eterne
1382 1715 1552 1774 ministrum
1567 1714 1598 1773 iu
1613 1714 1805 1773 omnibusve-

106 1811 194 1886 giiam
206 1812 391 1870 commeabat
400 1811 504 1883 legatio
515 1813 711 1871 Romanorum
722 1811 926 1870 insidiantium
984 1824 1137 1876 necamur3
1154 1812 1183 1866 et
1197 1812 1261 1865 ruta
1274 1822 1339 1864 esse
1353 1805 1500 1880 cupimus,
1515 1822 1578 1879 que
1592 1805 1629 1862 ab
1644 1805 1710 1877 ejus
1723 1803 1806 1861 insti·

105 1900 296 1960 imbecillitati
326 1900 482 1972 Radulpbi.
508 1901 564 1960 Sed
592 1901 798 1976 effugabantur
825 1917 928 1958 omues
983 1898 1147 1958 tutionibus
1175 1905 1390 1974 processerunt.
1419 1896 1500 1955 tilam
1527 1912 1597 1971 argo
1621 1895 1805 1967 dignitatem,

103 1989 216 2050 cautela
240 1989 366 2048 Henrici.
398 1988 519 2048 Nolebst
551 1991 629 2048 enlm
655 1992 704 2049 ilie
731 1990 762 2048 in
794 1989 928 2063 Angliam
983 1984 1806 2064 quamabeoperbeatumAugustinumcantuariensis

104 2087 209 2155 practer
223 2079 465 2137 consuetudinem
482 2081 635 2154 antiquam
658 2081 784 2152 recipere
798 2080 930 2154 legatum
984 2079 1114 2152 suscepit
1128 2078 1266 2146 Ecclesia,
1281 2083 1311 2135 et
1325 2093 1412 2151 quem
1428 2081 1535 2134 sancte
1555 2075 1705 2133 memoriae
1719 2074 1808 2131 irater

107 2168 163 2225 nisi
172 2167 411 2225 cantuariensem
423 2167 690 2241 archiepiscopum:
702 2167 802 2240 illique
811 2167 932 2225 libenter
984 2175 1085 2229 noster
1098 2168 1254 2226 Anaeimus
1267 2168 1331 2240 iure
1352 2184 1386 2225 ac
1408 2168 1594 2241 possessione
1616 2164 1750 2237 legitima
1763 2169 1806 2221 te·

11 2326 13 2331 Ι
51 2250 54 2255 ’
108 2255 465 2328 astringebantimpstum
482 2255 932 2330 propterviolentiamdeuaric·
985 2261 1086 2320 nuissa
1099 2259 1296 2334 cognoscitur,
1310 2274 1366 2316 nos
1377 2257 1505 2332 proiecto
1523 2255 1695 2314 nullatenus
1708 2253 1805 2311 immi·

108 2361 185 2402 rum.
199 2347 236 2402 At
251 2362 309 2402 nou
325 2345 368 2401 ite
381 2344 475 2402 facilis
490 2345 567 2402 tleoti
579 2348 656 2403 cono
666 2346 818 2420 legatnsin
829 2345 931 2415 Gallia,
986 2351 1124 2419 animus3
1140 2350 1191 2406 sed
1207 2348 1237 2405 in
1252 2348 1355 2406 audem
1377 2351 1456 2404 statu
1481 2360 1546 2403 esse
1569 2344 1806 2402 matuarisnssn

108 2451 211 2492 omnes
236 2434 388 2508 episcopos
410 2438 440 2491 et
462 2435 581 2493 abbates
605 2435 788 2493 Nurmennie
810 2451 933 2508 suspen·
984 2437 1143 2497 Ecclesiam
1159 2436 1306 2506 volomus,
1323 2439 1356 2493 ut
1377 2434 1547 2493 autbentics
1569 2433 1635 2506 ejus
1660 2431 1809 2506 priuilegia

11 2594 14 2599 ‚
108 2525 200 2583 sionis
215 2529 283 2582 nota
298 2523 454 2598 implicuit,
472 2527 547 2598 quod
559 2526 645 2583 tertio
655 2525 748 2583 vocati
763 2526 799 2583 ad
811 2523 934 2583 coucilia
981 2530 1067 2603 juxta
1082 2543 1228 2587 canonum
1243 2525 1409 2584 sanctiones
1428 2523 1516 2582 nullis
1539 2521 1807 2598 perturbationibus

108 2634 172 2686 sua,
188 2634 246 2673 non
262 2621 413 2683 venerant,
430 2632 589 2690 superque
604 2618 700 2674 babitu
711 2621 849 2684 tractatu,
865 2616 932 2673 mis·
984 2617 1139 2676 uiolentur.
1156 2621 1228 2674 Data
1242 2616 1395 2674 Beneventi
1410 2614 1571 2672 rxitalend.
1588 2610 1710 2686 Aprilis.
1727 2634 1743 2662 s

109 2724 161 2765 sus
177 2707 296 2764 Romam
312 2706 485 2779 liudolphus
501 2707 738 2780 archiepiscopus
752 2715 780 2765 et
794 2707 933 2765 Hereber-
1021 2707 1072 2765 llic
1087 2708 1111 2764 si
1128 2723 1203 2780 papa
1217 2721 1354 2779 expresse
1367 2705 1500 2774 dixisset,
1515 2702 1569 2760 bas
1594 2707 1624 2759 et
1648 2700 1702 2758 has
1716 2700 1810 2777 digui-

109 2802 156 2857 tus
172 2796 375 2866 Norwicensis,
400 2799 432 2850 ut
447 2811 501 2853 suo
515 2795 616 2853 labore
639 2800 749 2855 tantam
770 2797 932 2870 legatorum
985 2801 1061 2855 tates
1075 2796 1178 2854 babuit
1193 2796 1324 2854 Ecclesia
1334 2793 1565 2862 Cantuarisosis,
1576 2797 1606 2850 st
1615 2792 1735 2850 easdem
1752 2791 1808 2849 illi·

46 2955 49 2961 .
110 2884 311 2943 contusionem
321 2885 496 2957 digererent.
505 2886 558 2941 Sed
566 2901 630 2942 cum
642 2887 676 2942 ud
686 2886 933 2959 castellum,quod
985 2886 1136 2954 conllrmo,
1153 2883 1327 2942 absolvisset
1339 2884 1479 2958 litigium,
1494 2881 1700 2940 controversiis
1715 2881 1809 2954 impo-

111 2971 932 3043 Feritatemuocant,venisset,loedissimomulcosiaciem
984 2975 1092 3032 suisset
1107 2975 1235 3031 modum.
1250 2974 1305 3031 Sed
1323 2973 1434 3043 dicens,
1446 2985 1629 3047 quascunque
1639 2969 1811 3027 authentica

111 3063 175 3135 ejus
191 3059 297 3118 invasit
311 3065 341 3117 et
355 3061 516 3134 tumefecit,
528 3069 639 3120 certium
651 3065 755 3121 sutura
766 3065 932 3138 paralyseos
946 3049 968 3115 C
984 3060 1811 3131 babet,nosnullatenusimminuimus,indeterminatam

47 3229 51 3238 Ι
111 3150 488 3209 indicium.Carbuuculum
500 3156 584 3209 vocat
593 3153 708 3210 Plinius
719 3155 877 3224 secundus,
889 3170 935 3227 ps·
989 3170 1062 3220 rem,
1079 3157 1196 3221 uteret,
1212 3151 1329 3225 reliquit
1344 3152 1374 3208 in
1389 3151 1495 3208 medio.
1520 3150 1568 3208 Sic
1591 3147 1717 3206 callidus
1730 3147 1811 3220 lepos

111 3239 219 3298 culiars
233 3238 332 3298 uultus
346 3240 462 3312 uitium,
479 3243 555 3315 quod
573 3240 617 3300 vel
632 3247 728 3300 cutem
744 3245 779 3299 ad
793 3260 860 3299 ossa
873 3259 935 3300 cur·
989 3242 1187 3301 Romanorum
1201 3243 1282 3299 nouit
1295 3259 1327 3299 se
1337 3245 1509 3303 conuertere
1523 3241 1559 3297 ed
1574 3243 1723 3297 oratorum
1748 3254 1811 3294 sar·

19 3350 24 3366 ·
112 3329 207 3393 rodat,
224 3328 269 3386 uel
281 3329 462 3387 medicorum
475 3336 656 3404 preventum
667 3331 830 3406 diligentia,
845 3332 937 3390 delor-
989 3332 1094 3403 eutius,
1109 3336 1139 3389 et
1152 3348 1216 3406 qua
1231 3332 1302 3400 vuit,
1319 3347 1401 3389 cassu
1419 3329 1575 3403 suspendit
1597 3327 1733 3400 ambage,
1756 3342 1811 3383 non

115 3434 192 3476 mem
207 3417 371 3476 cicatricem
392 3419 547 3492 relinquat.
564 3420 665 3478 Multis
683 3437 751 3494 ergo
766 3422 870 3479 diebus
884 3422 935 3479 de·
990 3419 1226 3494 percensalienis
1240 3419 1403 3488 laboribus,
1415 3419 1573 3476 dummodo
1593 3415 1730 3473 consulat
1754 3416 1814 3471 suis

116 3506 227 3565 cubuit.
234 3506 289 3564 Sed
301 3507 732 3579 posteavalitudinesedota,vel
740 3512 937 3583 potinsmorte
990 3510 1230 3585 profectibuslte
1239 3511 1317 3567 circs
1327 3513 1449 3567 Romam
1460 3508 1557 3582 plures
1569 3506 1631 3562 dies
1640 3502 1814 3577 uadutphus

112 3595 204 3654 diluta
214 3596 338 3653 Romam
351 3598 491 3668 [seruauit.
505 3598 619 3656 Absens
631 3605 701 3656 tunc
713 3605 775 3658 erut
787 3600 936 3658 Puscbslis
991 3608 1200 3671 commoratus,
1216 3601 1301 3658 modo
1315 3601 1346 3658 in
1368 3598 1555 3674 imperatoris
1578 3597 1708 3653 exercitu
1733 3608 1813 3668 pape

14 3698 51 3709 ·'
113 3703 199 3761 papa,
216 3686 426 3760 beneventique
449 3689 626 3747 morabatur.
643 3689 827 3748 Obsederaut
841 3691 936 3764 impe·
991 3694 1133 3751 duntaxat
1147 3685 1733 3760 concessu,modoinSutrioculloquium
1745 3699 1814 3757 ope·

115 3775 218 3835 satoris
232 3776 386 3848 satellites,
403 3778 452 3852 qui
467 3783 537 3836 tuuc
553 3781 682 3839 secundo
704 3785 825 3839 Romam
844 3782 936 3840 ermis
991 3783 1217 3856 aiebaturpape,
1229 3798 1317 3856 quem
1329 3775 1814 3852 rumcrdisperscrstjamiamque

113 3865 275 3934 territabat,
288 3867 401 3924 medios
411 3867 513 3938 callee;
527 3886 578 3926 uec
590 3872 684 3944 potuit
698 3871 937 3944 archiepiscopus
990 3872 1099 3929 adfore.
1115 3873 1179 3939 Qus
1192 3872 1241 3928 illo
1260 3868 1477 3943 suspectatione
1500 3880 1664 3938 suspensus
1688 3861 1816 3937 perdidit

114 3953 201 4028 potiri
212 3971 292 4027 papae
307 3955 453 4029 colloquio
463 3957 517 4015 nisi
529 3975 579 4030 per
589 3960 796 4018 internuntios.
812 3959 937 4031 illiquid
991 3964 1166 4035 impensam.
1189 3962 1322 4036 Namque
1345 3961 1395 4018 illo
1420 3976 1476 4018 non
1503 3958 1638 4015 veniente
1663 3967 1816 4029 regressus

11 4047 13 4052 ⁵
115 4043 191 4117 ΒΙ)υᾰ
209 4059 313 4116 papam
329 4044 450 4116 eserici,
466 4047 587 4118 epistola
605 4049 816 4107 manifestabit.
991 4052 1201 4109 Normunnism
1216 4051 1293 4109 cirea
1306 4066 1404 4124 regem
1420 4047 1527 4105 mansit
1543 4046 1610 4119 plus
1625 4060 1714 4115 anno,
1727 4042 1817 4100 medi·

149 4152 164 4182 u
181 4131 336 4189 Percussis
344 4133 511 4208 episcopus,
528 4152 630 4193 servus
642 4154 793 4194 servorum
810 4137 873 4207 liei,
889 4154 936 4194 ve·
991 4146 1071 4200 tutus
1083 4140 1198 4199 Gelasio
1213 4139 1377 4198 successori
1393 4136 1542 4195 Pascbslis
1553 4135 1627 4192 citra
1642 4139 1759 4191 montes
1775 4146 1818 4188 ra·

114 4220 297 4279 ucrabilibos
313 4223 452 4280 iratribus
467 4225 577 4299 buglis
600 4227 756 4301 episcopis,
778 4233 807 4285 et
820 4227 936 4288 uberis·
992 4229 1257 4299 uieutioccurrers,
1273 4236 1304 4285 ut
1325 4244 1453 4301 presens
1476 4242 1537 4284 suas
1558 4223 1650 4298 partis
1675 4225 1817 4295 patronus

38 4347 41 4351 -
108 4309 188 4369 ¹simo
209 4311 270 4369 lllio
286 4312 413 4371 linsamo
432 4312 541 4373 illustri
561 4317 622 4390 regi
637 4317 762 4376 salutem
782 4324 810 4377 et
824 4324 938 4394 aposto·
993 4317 1171 4391 objectiones
1190 4318 1425 4375 aduersariorum
1450 4312 1628 4387 dispelleret.
1650 4309 1817 4367 Turstauus

115 4397 202 4459 licam
217 4401 460 4462 benedictionem.
952 4368 977 4436 D
993 4409 1072 4466 enim
1090 4406 1280 4465 liboraceusis
1294 4405 1415 4475 electus,
1431 4403 1483 4477 qui
1503 4400 1593 4461 nollet
1613 4394 1818 4457 cantuariensi

151 4511 166 4541 a
181 4489 321 4548 Veniente
337 4490 375 4550 ad
389 4509 443 4550 nos
456 4493 633 4555 charissimo
648 4514 681 4555 ac
694 4498 938 4557 reverendissimo
995 4496 1197 4570 achiepiscope
1212 4495 1425 4570 professionem
1441 4496 1547 4559 iacere,
1561 4489 1686 4563 impigre
1707 4490 1818 4544 mentes

20 4598 26 4605 ·
117 4578 939 4660 iratrsnostroRadulphoarohiepisccpo‚uestramadnos
995 4591 1189 4645 Romanorum
1205 4585 1242 4643 sd
1258 4585 1305 4643 sui
1325 4584 1452 4641 levorem
1476 4577 1665 4640 sollicitabat.
1691 4575 1769 4643 Quin
1792 4575 1819 4631 ct

117 4667 239 4724 missam
268 4667 444 4741 legationem
473 4689 525 4744 per
551 4675 746 4734 venerabilem
770 4677 939 4752 episcopum
995 4677 1110 4737 Gelasio
1125 4678 1274 4735 demedio
1290 4677 1376 4747 lacto,
1400 4690 1469 4733 cum
1488 4671 1583 4730 Guido
1598 4668 1753 4727 vienensis
1768 4681 1819 4723 ar·

116 4760 305 4816 Herebcrtum
321 4760 535 4820 Norwiceusem
547 4765 763 4838 cognoscimus.
774 4771 808 4824 st
819 4768 939 4841 quidem
995 4767 1212 4841 chiepiscopus,
1227 4765 1357 4824 Calixtus
1371 4765 1401 4822 in
1418 4767 1525 4838 papatu
1536 4760 1645 4826 dictus,
1660 4757 1820 4816 succussis·

115 4847 253 4921 grauibus
265 4846 465 4907 infirmitatem
477 4853 618 4911 molestiis
628 4853 761 4928 impediti
778 4856 864 4915 iidem
881 4858 939 4914 ira·
995 4860 1051 4927 set,
1065 4861 1095 4914 et
1109 4857 1207 4914 Remis
1221 4854 1374 4914 concilium
1390 4852 1548 4911 celebraret
1559 4870 1567 4920 3
1579 4847 1659 4906 misit
1669 4846 1696 4904 ei
1711 4842 1820 4904 Radal-

115 4937 736 5013 trssetcoepiscopi,pervenircadnostram
755 4947 940 5020 presentiam
995 4946 1072 5022 pbus
1090 4947 1208 5004 nuntios
1223 4961 1284 5002 suae
1302 4943 1393 5017 partis
1408 4941 1626 5014 astipulatores,
1638 4952 1712 5009 quos
1728 4934 1779 4992 ille
1792 4936 1820 4992 at

116 5025 240 5084 minime
254 5027 417 5088 valuerunt.
433 5029 488 5086 Sed
501 5031 669 5090 nuntiorum
681 5033 813 5094 honestis
824 5051 942 5094 rcnera·
996 5035 1095 5109 palam
1115 5035 1242 5108 suscepit
1262 5034 1385 5107 gratius,
1406 5036 1435 5090 ct
1457 5030 1532 5087 clam
1557 5026 1660 5085 lelcllit
1683 5022 1820 5082 callidius

117 5113 284 5188 bilibusqus
296 5120 431 5190 personis
451 5122 695 5196 pervenientibus,
715 5140 814 5182 eorum
835 5123 943 5199 scripta
997 5139 1081 5197 quam
1097 5130 1214 5182 tentum
1228 5124 1322 5181 sirum
1334 5120 1683 5189 deceretAEborarensem
1694 5112 1821 5170 electum

118 5203 320 5276 suscepimos3
335 5205 365 5264 in
384 5207 494 5282 quibus
509 5212 538 5266 et
552 5209 682 5284 ipsorum
695 5213 903 5286 postulationis
915 5221 942 5272 st
997 5223 1094 5287 spreta
1107 5213 1189 5271 omni
1210 5211 1392 5286 antiquitatis
1417 5208 1518 5282 regula
1540 5203 1749 5272 consecrando,
1772 5199 1822 5260 sed

120 5292 222 5347 vestras
237 5290 394 5365 legationis
409 5302 475 5355 uota
490 5300 702 5373 perspeximus
718 5303 751 5360 ld
765 5304 843 5362 anim
858 5307 942 5377 opta·
997 5303 1105 5377 quibus
1121 5304 1216 5360 modis
1230 5303 1358 5360 rationes
1373 5316 1439 5358 suas
1452 5302 1565 5356 tutatus
1591 5292 1679 5352 luerit
1697 5291 1822 5349 adverso

11 5458 24 5467 ,ἢ
121 5378 217 5448 batur,
243 5379 272 5437 id
297 5384 481 5457 poscebatur,
511 5404 548 5445 ue
571 5389 700 5449 Ecclesia
724 5392 944 5451 cantuariensis
998 5393 1087 5452 etiam
1102 5392 1557 5467 ragaTurstanus,cumventum
1569 5383 1656 5443 luerat
1671 5382 1823 5441 adracen

22 5480 25 5487 ·
122 5467 307 5542 temporibus
323 5474 441 5546 nostris,
458 5491 513 5533 sua
527 5478 669 5552 dignitate
679 5481 827 5555 privetur
840 5498 876 5540 ne
891 5498 943 5541 uus
998 5482 1113 5541 sionem
1136 5483 1374 5554 Eborscensium,
1402 5496 1499 5540 sermo
1527 5494 1585 5581 non
1622 5470 1824 5550 protermllltl

17 5608 20 5613 .
123 5557 258 5618 eamdem
269 5559 445 5634 dignitatem
457 5565 950 5646 minuamus,autmsnurs1namus,
999 5570 1141 5633 evolvere.
