3750 6000
60 254 126 315 1081
550 245 664 302 (111811
684 245 807 302 nttGUtt
825 244 1075 304 atlutotwtt.-
1094 246 1160 302 tttt.
1184 247 1205 305 1.
1637 249 1706 304 taes

56 392 167 452 gmssus
186 376 278 444 (1.1).
296 374 359 442 111)
373 372 491 442 palmam
504 369 601 424 leviter
618 366 743 431 obtinuit,
763 380 858 435 qusni-
871 367 901 431 A
914 367 1025 424 Adriani
1049 370 1199 425 successori
1222 369 1345 441 epistole,
1369 370 1553 428 AEtbsltrdum
1568 382 1709 426 successo-

56 466 99 520 vis
113 470 189 519 esset
202 462 250 517 ille
263 461 379 517 bellator
387 474 441 515 non
452 457 589 530 ignobilis.
599 457 685 521 idern,
701 469 762 509 cunr
773 452 861 525 magis
913 471 970 511 rein
986 456 1133 512 Lambribti
1148 458 1175 511 in
1197 457 1335 528 pristinam
1358 458 1518 532 dignitatem
1533 457 1708 522 sublevavit;

57 553 107 608 sibi
121 552 185 608 dolo
198 551 345 607 estimaret
366 561 562 610 successurum,
584 545 642 615 (18)
656 559 750 616 regem
765 541 859 596 Etbel-
915 544 986 600 unde
1002 546 1114 601 Albinus
1126 546 1186 617 (stt)
1209 546 1236 601 in
1257 546 1371 616 epistola
1385 548 1420 602 ad
1434 547 1560 603 eumdem
1576 545 1710 603 AEtbelsr-

58 641 189 707 bribtnm,
214 651 375 710 magnarum
400 635 610 707 promissionum
630 630 769 687 lenociniis
783 630 817 684 ad
831 645 861 684 se
914 633 1000 690 dum:
1018 633 1103 704 “(5¹)
1127 634 1226 690 audita
1246 635 1427 708 prosperitate
1448 635 1552 692 itineris
1565 634 1659 701 vestri,
1685 641 1714 690 et

60 728 184 792 accitum,
201 735 229 782 et
242 727 312 781 intra
324 724 454 794 palatium
472 739 549 777 suum
572 718 748 776 fraudulentis
766 733 860 774 assen-
915 722 1078 779 reversionis
1099 724 1126 778 in
1150 724 1275 796 patriam,
1300 733 1329 780 et
1352 724 1489 797 quomodo
1510 725 1545 780 ab
1566 722 1714 795 apostolico

62 816 205 874 bbonibits
219 814 371 875 delinitum,
397 812 534 882 inopinate
556 810 642 879 capite
657 807 771 880 spoliari
786 806 860 873 fecit,
915 812 1033 883 suscepti
1053 811 1151 878 fuistis,
1174 819 1230 869 toto
1252 813 1342 870 cordis
1359 811 1457 870 affectu
1475 813 1579 887 gratias
1592 813 1638 886 egi
1655 812 1714 869 Do-

59 919 228 980 regnnnrque
240 902 419 959 Orientalium
439 901 600 972 anglorum,
617 897 689 967 qnod
703 897 748 952 ille
763 905 861 952 tenue-
915 901 989 956 mino
1003 902 1062 958 Deo
1077 909 1181 968 nostro,
1197 903 1244 973 qui
1267 916 1369 975 magno
1388 902 1540 959 clementis
1559 902 1632 959 dono
1646 917 1716 972 pro·

59 1004 110 1059 rat,
125 993 245 1048 indebite
259 990 387 1063 pervasit.
915 1004 995 1060 spero
1016 990 1110 1046 itinere
1133 997 1251 1046 vestram
1275 990 1346 1046 iiam
1368 991 1480 1060 direxit,
1499 999 1527 1047 et
1546 990 1623 1047 dedit
1640 989 1720 1047 vobis

94 1083 237 1155 181111)
252 1079 390 1150 Robquias
403 1077 474 1134 besti
498 1076 606 1146 Albani,
621 1077 655 1131 nd
675 1075 741 1131 illuri
758 1087 863 1146 tempus
915 1077 1033 1150 gretiam
1053 1079 1081 1133 in
1103 1087 1249 1150 conspectu
1270 1079 1420 1151 apostolici,
1442 1080 1719 1151 votiquecompotem

61 1173 176 1230 obscure
191 1169 351 1236 reconditas,
375 1176 404 1223 et
417 1174 572 1223 reverenter
588 1165 698 1232 elevari,
714 1165 781 1220 etin
794 1163 862 1219 scri-
916 1165 1004 1221 redire
1030 1166 1056 1221 in
1081 1167 1199 1238 patriam
1223 1169 1367 1236 eonamsit,
1389 1175 1417 1225 et
1436 1168 1495 1242 (81)
1508 1168 1590 1239 primi
1603 1166 1720 1226 doctoris

60 1262 115 1327 nio,
132 1267 262 1331 quantum
283 1258 359 1329 regie
383 1256 596 1329 magnanimitas
615 1261 729 1325 poterat,
746 1253 863 1325 gemmis
916 1254 999 1310 nostri
1023 1257 1233 1312 sacntissimnm
1257 1256 1350 1312 sedem
1371 1257 1406 1313 ad
1428 1257 1571 1327 pristinam
1596 1257 1718 1330 111εηί11-
1830 1272 1857 1305 .·

61 1359 168 1406 etsuro
193 1349 320 1404 decorata
342 1346 471 1417 componi
495 1345 644 1416 precepit;
667 1344 778 1399 basilica
798 1343 861 1414 pul·
917 1351 970 1398 tem
985 1345 1185 1416 perteiternm
1210 1345 1327 1401 exaltare
1350 1345 1553 1417 dignatusest.
1575 1347 1720 1420 »negaba
1797 1402 1800 1411 ,

62 1437 188 1493 cberrimi
213 1436 304 1507 operis
325 1436 363 1490 ibi
384 1433 528 1502 edificata,
544 1440 570 1488 et
584 1433 781 1488 monachorum
792 1447 863 1487 con-
916 1433 1000 1504 igitur·
1014 1432 1139 1505 epistolis
1162 1442 1278 1505 partem,
1304 1434 1384 1489 minui
1399 1443 1424 1489 et
1438 1433 1608 1505 pontificalis,
1631 1446 1720 1506 eppo·

60 1527 220 1601 melione
242 1525 373 1580 adunata.
401 1521 533 1592 Idemque
555 1521 582 1575 in
611 1521 698 1576 Deum
724 1519 861 1590 pervicax,
916 1538 981 1579 nere
1008 1522 1122 1594 dignum
1147 1538 1218 1590 reor,
1245 1523 1371 1594 quemvis
1399 1523 1546 1593 anticipare
1567 1531 1720 1595 temporum

60 1615 118 1686 (18)
133 1615 225 1671 sedem
247 1612 503 1684 archiepiscopatus,
526 1611 592 1666 olim
613 1610 692 1678 119
708 1608 863 1664 eauiuaria
916 1611 1013 1667 seriem
1028 1611 1138 1675 videam
1153 1612 1203 1666 sed
1221 1611 1284 1666 iden
1306 1612 1358 1666 boc
1380 1611 1489 1679 faciam,
1505 1613 1568 1684 quia
1587 1611 1722 1669 difficilius

63 1704 213 1771 fundatam,
243 1703 271 1756 in
298 1700 482 1757 lichefeldam
504 1697 646 1753 bansfmre
675 1705 786 1752 conatus
810 1703 861 1760 est,
876 1723 903 1787 B
917 1707 1041 1756 materia
1055 1699 1213 1770 interrupte,
1230 1715 1311 1769 quani
1326 1700 1440 1756 absolvo
1455 1701 1589 1757 instituta.

63 1792 186 1849 invidens
206 1790 309 1846 seilicet
332 1788 493 1845 cantuaritis
513 1786 757 1857 archiepiscopatus
784 1784 862 1838 festi-
952 1787 1024 1857 188.
1042 1810 1054 1835 ι
1072 1789 1130 1857 (bt)
1146 1788 1262 1843 Domino
1286 1788 1443 1844 beatissimo
1458 1796 1485 1845 et
1499 1805 1565 1846 vere
1587 1790 1721 1846 sinentis·

63 1881 148 1953 ginm.
165 1878 336 1950 Quapropter
348 1876 523 1932 lanbrihtum
539 1875 782 1947 archiepiscopum,
794 1871 864 1927 mul·
917 1876 985 1931 nmo
996 1877 1053 1946 (st)
1070 1875 1162 1940 Leoni,
1179 1885 1282 1933 sancte
1295 1885 1322 1932 st
1335 1877 1494 1948 apostolicae
1504 1877 1577 1934 sedis
1590 1879 1722 1936 Romano

63 1971 95 2024 tis
108 1968 252 2025 sudoribus
274 1966 427 2037 fatigatum,
450 1965 598 2033 crebraque
619 1963 692 2018 sedis
710 1962 865 2031 apostolicae
919 1963 1049 2034 pontifici,
1065 1964 1196 2019 lienulsni
1221 1965 1310 2036 gratia
1329 1966 1379 2021 liei
1404 1982 1453 2022 rex
1471 1966 1643 2034 asatorum,
1659 1983 1721 2024 mim

63 2068 88 2114 et
100 2070 176 2114 nois
194 2064 222 2112 et
235 2063 326 2111 vetera
348 2055 436 2110 edicta
459 2053 650 2125 proferentem,
675 2050 782 2106 tandem
801 2065 865 2105 om·
919 2053 1063 2123 episcopis,
1083 2053 1210 2120 ducibus,
1226 2060 1252 2109 et
1271 2055 1345 2110 omni
1367 2054 1419 2110 sub
1442 2063 1537 2111 nostre
1560 2056 1662 2112 ditiom
1681 2055 1724 2111 dl·

61 2147 135 2202 nium
150 2144 312 2217 paniarum
329 2156 389 2213 nure
415 2143 484 2196 intre
505 2142 637 2197 terminos
660 2155 724 2195 suos
739 2146 823 2205 erant,
840 2145 866 2194 et
919 2141 1031 2214 guitatis
1057 2141 1155 2213 gradu,
1180 2142 1372 2199 sincmissirnte
1395 2143 1548 2200 dilectionis
1572 2145 1601 2201 in
1615 2145 1721 2202 Cbristo

63 2235 272 2305 episcopatuum
287 2232 399 2299 ditione,
413 2230 537 2299 privavit.
556 2231 607 2284 Per
619 2229 769 2283 adrianum
784 2227 867 2300 igitur
920 2230 1047 2285 salutem.
1069 2228 1177 2286 Gratias
1195 2224 1373 2302 omnipotenti
1398 2232 1456 2287 Deo
1469 2249 1578 2304 semper
1600 2234 1720 2306 agimus,

62 2321 251 2392 apostolicum,
280 2335 361 2389 quem
384 2318 575 2374 verisimilibus
600 2315 791 2372 assertionibus
820 2315 867 2369 diu
920 2317 966 2391 qui
989 2318 1139 2386 eeclesiam,
1167 2334 1221 2375 sno
1244 2319 1360 2390 pretioso
1381 2320 1514 2390 sanguine
1546 2320 1722 2394 adquisitam,

64 2411 235 2484 fatigaverat,
264 2409 343 2480 (sicut
375 2407 515 2477 occupatis
541 2407 638 2462 animis
660 2405 745 2460 multa
772 2402 865 2459 illicita
920 2408 990 2462 inter
1003 2407 1125 2462 diversas
1138 2408 1232 2463 mundi
1251 2408 1333 2478 bajus
1350 2408 1492 2480 procellas,
1509 2409 1587 2465 nnsis
1602 2426 1720 2483 semper,

63 2499 182 2556 mbbabi
197 2506 224 2555 et
236 2498 340 2567 subripi
356 2495 490 2568 possunt)
507 2495 623 2550 obtinuit
637 2498 665 2548 ut
685 2492 867 2562 archiepisco·
921 2496 1056 2567 prioribus
1070 2495 1200 2551 advitam
1214 2498 1342 2569 sumptis,
1366 2497 1470 2553 suescit
1481 2497 1595 2554 ducibus
1610 2499 1644 2554 sd
1657 2515 1722 2570 por·

64 2597 141 2660 patus
155 2588 316 2643 Hercioruin
332 2585 405 2656 apud
416 2583 599 2640 lichefeldam
618 2583 734 2648 essetlb.
747 2582 779 2636 1).
792 2579 866 2652 198),
924 2592 978 2639 tum
994 2584 1086 2640 salutis
1107 2585 1253 2651 attrahere,
1277 2601 1390 2656 eamque
1410 2601 1482 2642 nova
1494 2586 1554 2642 lnce
1568 2587 1721 2658 infundere,

64 2691 212 2746 omnesque
235 2673 375 2746 pontifices
397 2673 559 2728 llerciorum
583 2671 730 2741 provincie
744 2670 784 2725 illi
801 2669 867 2724 sub-
922 2684 1058 2745 quatenus
1078 2673 1153 2730 nulle
1171 2675 1206 2728 sit
1226 2673 1398 2729 tenebrarum
1423 2688 1514 2730 errius
1537 2674 1655 2744 fuscata,
1673 2675 1724 2733 ssd

62 2767 218 2836 jicerentnr,
233 2780 348 2835 quorum
373 2764 433 2818 lioec
459 2761 533 2816 fuere
547 2761 677 2822 nomina;
701 2759 869 2815 benebertns
923 2760 994 2816 viam
1009 2761 1129 2818 veritatis
1150 2761 1283 2818 inscenso
1300 2763 1370 2834 pede
1389 2766 1466 2831 121
1484 2763 1637 2836 gradiatur:
1651 2765 1725 2823 nude

64 2854 256 2927 wigornensis
270 2853 425 2923 opiscopus,
450 2849 650 2905 Werenbertus
674 2850 867 2920 begacestren·
921 2850 1018 2906 merito
1033 2851 1122 2906 omnis
1140 2864 1191 2921 per
1204 2851 1300 2905 orbern
1323 2851 1423 2906 exultat
1438 2851 1563 2921 ecclesia,
1579 2854 1722 2925 quiscum

65 2943 112 3012 sis,
128 2942 241 2998 lidulfus
260 2939 495 3005 Sidiincesbensis,
511 2937 663 2992 Wnlbeard
683 2937 867 2993 llereforden·
922 2940 1044 2994 omnium
1064 2954 1146 2994 verns
1169 2940 1368 2996 Remunerator
1389 2940 1526 2997 bonorum
1550 2940 1722 3014 gloriosissi-

64 3033 120 3099 sis;
149 3040 177 3088 et
203 3030 324 3102 episcopi
353 3028 532 3086 Orientalium
558 3026 720 3098 duplorum,
750 3025 867 3081 Albeard
882 3075 908 3143 G
922 3042 995 3082 mum
1010 3027 1103 3101 gregis
1116 3028 1158 3082 sui
1168 3035 1305 3098 pastorem
1319 3029 1467 3084 adrianum
1483 3038 1614 3099 perpetuo
1629 3045 1722 3086 remu·

66 3118 265 3185 llelmanensis,
282 3117 380 3173 litfrid
406 3116 632 3181 Oammucensis;
654 3115 803 3171 vocabatur
821 3125 867 3169 eu-
922 3116 1070 3172 uerandum
1084 3130 1165 3186 super
1179 3118 1279 3173 retbere
1302 3117 1434 3184 duxisset,
1449 3117 1505 3173 suis
1519 3126 1610 3175 nmen
1623 3119 1721 3176 nribus

64 3216 120 3264 nm
134 3208 280 3278 episcopus
293 3206 506 3262 lichefeldensis
525 3203 869 3259 aldulfusltenianserunt
921 3207 967 3276 ple
981 3205 1068 3261 erexit
1090 3206 1262 3277 providentia
1283 3207 1423 3277 previum,
1448 3207 1494 3278 qui
1514 3207 1566 3263 soit
1578 3207 1650 3264 ovile
1664 3208 1723 3264 Do·

66 3313 132 3355 vern
155 3296 359 3367 archiepiscopo
379 3294 565 3350 cantuariensi
589 3292 708 3363 episcopi
734 3301 867 3362 quatuor;
921 3295 1050 3350 minicum
1064 3295 1098 3348 ad
1116 3296 1210 3351 saules
1234 3310 1289 3351 non
1309 3296 1423 3350 inferius
1445 3296 1508 3351 vitm
1529 3295 1643 3369 agitare.
1666 3296 1725 3352 Nos

66 3384 271 3449 londoniensis,
299 3383 505 3446 wintoniensis,
531 3382 665 3446 llofensis,
696 3381 866 3438 selesiensis.
922 3398 1030 3454 qnoque
1043 3384 1148 3450 merito,
1164 3397 1233 3456 quos
1252 3385 1412 3440 extremitas
1435 3385 1510 3440 orbis
1526 3392 1608 3455 tenet,
1624 3384 1719 3442 eodem

67 3475 171 3530 florum
191 3473 397 3544 episcopatuum
425 3472 534 3542 quidam
550 3470 639 3526 adbuc
661 3477 780 3532 manant,
803 3470 865 3540 qui·
921 3473 1003 3528 modo
1018 3488 1075 3544 prae
1088 3472 1193 3528 ceteris
1208 3473 1368 3544 gloriemur,
1394 3473 1459 3545 quia
1475 3472 1552 3528 illius
1569 3473 1723 3530 sublimitas

66 3562 210 3619 damaim
229 3560 348 3615 translati
363 3561 432 3632 (18),
447 3560 559 3620 auidam
575 3559 664 3614 venali
678 3558 781 3613 ambitu
798 3559 868 3613 alte·
920 3570 1011 3617 nostra
1031 3562 1104 3617 salus
1131 3569 1183 3627 eat,
1206 3561 1278 3615 illius
1304 3562 1469 3633 prosperitas
1491 3562 1572 3618 nobis
1596 3562 1726 3632 perennis

66 3651 103 3707 ris
124 3650 212 3716 uniti,
236 3664 299 3704 nain
324 3647 549 3720 Legacestrensis,
579 3655 605 3703 et
628 3646 867 3712 Sidnacestrensis,
920 3649 1070 3715 exultati03
1093 3649 1157 3720 quia
1183 3649 1255 3704 unde
1277 3649 1326 3704 tibi
1352 3649 1645 3723 apostolicadipnitas,
1660 3651 1724 3709 inde

65 3748 92 3797 et
111 3738 318 3795 Dammuceasis
343 3738 485 3809 (incertum
510 3752 564 3807 quo
585 3738 693 3805 eventu)
718 3735 799 3791 bodie
814 3750 867 3791 non
920 3738 999 3795 nobis
1011 3737 1074 3793 fidei
1090 3738 1191 3793 veritas
1204 3738 1336 3793 innotuit:
1361 3747 1527 3810 quapropter
1541 3748 1723 3810 opportunum

65 3835 166 3885 extant.
186 3827 244 3883 Nec
263 3842 346 3898 porro
368 3827 396 3880 in
420 3826 462 3880 bis
483 3825 612 3895 rapacitas
631 3823 699 3881 Offae
719 3823 800 3891 stetit,
820 3823 868 3879 sed
920 3826 1035 3882 arbitror
1064 3826 1115 3880 tuis
1141 3825 1239 3882 sanctis
1256 3825 1425 3895 jussionibus
1446 3841 1538 3882 aurem
1559 3827 1724 3886 obedientiis

65 3917 211 3972 multarum
238 3915 424 3974 ecclesiarum.
448 3915 519 3969 inter
540 3930 601 3985 quae
615 3912 866 3981 lilalmesbiriensis,
920 3923 1022 3972 nostrae
1044 3913 1182 3970 humiliter
1205 3913 1341 3979 inclinari,
1364 3921 1394 3970 et
1413 3931 1476 3987 quie
1495 3923 1549 3970 tues
1563 3915 1656 3986 pietati
1672 3916 1723 3972 rite

64 4005 167 4078 praedia
188 4004 314 4075 publicus
337 4004 472 4074 expilator
487 4003 606 4058 abradi:
627 4003 675 4058 sed
688 4017 743 4057 non
756 4001 805 4057 diu
818 4017 867 4057 ce·
921 4004 1001 4060 nobis
1015 4002 1155 4074 sequenda
1169 4000 1312 4058 videantur
1335 4010 1391 4060 toto
1404 4003 1467 4058 nisu
1488 4004 1643 4074 implendi,
1659 4018 1722 4078 qnte

64 4095 178 4149 nonioas
201 4092 311 4164 regulas
335 4093 391 4147 bec
416 4091 558 4145 temeravit
580 4090 725 4160 iniquitss;
750 4105 867 4161 namque
920 4106 985 4149 iero
1017 4091 1116 4146 rationi
1147 4092 1282 4148 contrario
1308 4091 1482 4162 deprebensa
1515 4092 1616 4148 fuerint
1640 4094 1721 4150 citius

63 4198 127 4239 mot
142 4197 285 4237 successor
301 4179 368 4235 Offae
383 4179 524 4245 berulfus,
539 4178 605 4233 nulli
619 4187 682 4234 ante
696 4195 726 4235 se
739 4179 800 4252 regi
814 4194 867 4250 po·
920 4179 1091 4246 declinanda,
1107 4194 1140 4235 sc
1158 4179 1265 4235 interim
1278 4193 1294 4235 a
1309 4179 1387 4236 nobis
1399 4181 1563 4238 omnimodis
1573 4179 1632 4254 (1111)
1642 4196 1721 4238 reas·

65 4271 150 4327 tentia
176 4269 222 4325 vel
258 4269 389 4340 religione
423 4270 504 4336 120
534 4267 634 4338 impar,
669 4267 752 4323 missa
783 4267 868 4324 Leoni
920 4268 1015 4326 madi.
1032 4266 1089 4323 Sed
1108 4267 1190 4324 inodo
1208 4267 1517 4343 egoKeuulflrs,gratia
1532 4269 1583 4326 Dei
1597 4284 1658 4338 riis,
1675 4285 1721 4326 ex·

101 4515 146 4583 (18
173 4515 273 4586 Reperti
289 4512 531 4594 absimilem...
549 4513 642 4636 cupite
656 4511 775 4584 spoliari
788 4435 904 4582 sertin
923 4508 1003 4566 etiam
1032 4507 1151 4564 Floreat.
1171 4506 1312 4582 Wignrn„
1337 4524 1409 4567 anno
1430 4510 1493 4582 185,
1515 4517 1542 4567 et
1562 4509 1615 4568 tit.
1641 4507 1721 4583 otta,

66 4584 276 4648 AEtbeberbtus,
306 4583 483 4639 Orientalium
516 4584 670 4655 angorum
703 4597 761 4649 rex,
793 4583 869 4652 jussu
924 4597 953 4651 p.
973 4580 1018 4636 11.

67 4653 135 4712 Offae
150 4655 306 4710 interlectos
320 4662 373 4710 est,
392 4671 417 4709 a.
430 4655 456 4709 tl.
474 4655 536 4709 183.
961 4649 1018 4722 (19)
1036 4649 1155 4718 Quidam
1174 4650 1247 4707 ullos
1270 4649 1417 4708 translati.
1439 4665 1463 4707 a.
1486 4666 1512 4708 s.
1542 4666 1566 4708 c.
1591 4648 1618 4706 d.
1634 4651 1653 4708 1.
1669 4666 1720 4722 m,

99 4722 162 4796 (11)
176 4726 319 4799 botuuini
334 4727 366 4780 B.
381 4727 491 4781 Albani.
509 4728 584 4778 tuno
599 4725 660 4791 7⁹3,
676 4722 868 4779 monasterium
926 4722 1011 4778 omitt.
1026 4721 1053 4775 iu
1070 4736 1095 4775 e.

62 4797 204 4854 adini-ara
223 4799 305 4868 coepit
329 4795 390 4853 Otia
413 4797 441 4850 iu
465 4797 593 4851 bonorem
615 4794 643 4849 S.
667 4794 774 4863 Albani,
794 4795 871 4864 cnjus
959 4793 1017 4864 (88)
1031 4792 1160 4849 Albinae.
1184 4806 1211 4847 a.
1232 4792 1263 4846 d.
1280 4808 1309 4849 e.
1328 4792 1360 4862 1.,
1376 4793 1523 4861 fiscinas,
1538 4810 1562 4849 s.
1576 4809 1602 4851 o.
1624 4793 1722 4868 Vide!

63 4869 195 4938 reliquias
208 4869 265 4948 illic
279 4866 410 4948 locandas
424 4867 539 4947 curavit,
570 4865 713 4946 cingentes
725 4873 752 4920 et
761 4875 868 4948 septem
924 4866 968 4927 65,
985 4871 1040 4919 not
1056 4867 1100 4919 99.
1287 4933 1293 4947 .

59 4948 304 5065 atticis-tt
323 4937 436 5062 unffi.
451 4936 526 5063 lllt
547 4883 635 5062 (111
657 4932 733 5002 oa..
759 4934 870 4993 ⁶‘¹¹¹⁴⁰¹¹¹
923 4932 1018 5060 alili
1041 4931 1551 5061 guripgrolsragppipegus
1574 4937 1625 4992 ⁶⁵²·
1655 4930 1724 4993 Μ

92 5025 629 5065 annues...
1024 5024 1502 5070 ...‚.,s..

100 5080 161 5153 (18)
186 5080 281 5136 sedem
308 5080 576 5151 archiepiscopatus,
603 5086 655 5134 etc.
676 5077 802 5133 Nondum
817 5078 869 5133 de·
960 5079 1015 5145 (51)
1029 5018 1118 5132 Ρνξηῖἰ
1132 5021 1405 5134 auctorisasset}
1433 5076 1720 5152 Augustiniiircbiep.

62 5152 160 5208 functo
192 5152 366 5213 lienberbto.
406 5152 463 5206 sive
496 5158 525 5204 ut
556 5165 628 5220 saepe
660 5147 728 5205 falso
760 5159 872 5205 vocatur
925 5146 1052 5203 cantuar.

64 5222 225 5286 lamberto,
242 5221 456 5277 cantuaritarum
476 5220 689 5290 archiepiscopo,
714 5237 741 5275 a.
760 5220 787 5274 d.
807 5223 869 5288 ist,
961 5216 1020 5290 (53)
1033 5217 1152 5274 Domitio
1165 5217 1336 5284 mascrime,
1358 5226 1412 5275 etc.
1437 5219 1513 5276 lianc
1528 5216 1611 5288 epist.
1630 5219 1725 5278 edidit.

65 5309 116 5348 rex
131 5291 203 5359 Oua,
219 5309 251 5347 ei
272 5292 380 5347 Adriani
403 5303 481 5361 papae
500 5291 670 5357 sonoritate,
689 5291 871 5346 bicbeleldam
925 5288 1054 5351 Willrins,
1072 5288 1208 5355 concilio,
1223 5289 1281 5344 vol.
1301 5290 1325 5362 l,
1339 5303 1367 5360 p.
1385 5291 1446 5354 tce,
1462 5305 1498 5347 ex
1511 5289 1685 5348 balinesbur.

63 5363 94 5419 io
105 5363 365 5433 archiepiscopalem
378 5363 470 5416 sedeur
484 5364 581 5418 erexit.
594 5361 787 5416 lienbertburn
801 5361 871 5417 inter
961 5360 1019 5428 (51)
1047 5359 1148 5414 ceant.
1172 5359 1227 5414 beo
1246 5361 1295 5424 lll,
1316 5361 1420 5416 electus
1435 5375 1505 5432 papa
1519 5358 1554 5418 to
1575 5359 1642 5420 Dec.
1662 5361 1727 5431 tet,

66 5442 94 5490 et
109 5431 199 5491 Offam
215 5433 248 5487 ile
264 5435 313 5488 trec
328 5449 357 5487 re
378 5438 514 5488 contentio
538 5447 609 5487 anno
631 5431 805 5501 probabiliter
820 5434 873 5487 ies
925 5428 993 5485 obiit
1008 5430 1038 5484 tt
1052 5429 1124 5483 lunii
1144 5431 1206 5484 stt.
1224 5429 1379 5502 11111118,
1395 5439 1453 5490 not.
1469 5436 1513 5489 db.

67 5503 231 5568 exsurrexit,
255 5504 387 5573 siquidem
409 5504 490 5572 J'uxtn
513 5502 648 5560 Seioniee
672 5502 805 5558 chronica
821 5504 872 5558 linc
960 5499 1020 5570 (53)
1037 5499 1221 5558 Omuimodt't.
1238 5516 1264 5558 a.
1287 5515 1313 5558 e.
1329 5502 1362 5557 d.
1381 5501 1403 5558 l.
1422 5519 1478 5567 m.;
1495 5504 1665 5575 omnimodo,
1684 5517 1729 5575 ις

66 5573 256 5644 trunculique
282 5590 338 5630 suia
366 5574 437 5629 sedis
464 5581 539 5642 parto
568 5572 698 5642 spoliatus
726 5580 775 5627 ost.
805 5572 873 5630 Vide
926 5568 1086 5626 omnimode
1101 5585 1126 5626 e.
