3750 6000
181 213 233 269 sta
862 207 987 268 Luctus
1005 208 1030 266 II
1050 209 1150 267 rtet,
1781 210 1836 265 ⁸20

219 335 279 409 Ego
296 336 425 394 Nicolaus
438 336 531 408 presb.
546 333 625 393 card.
645 333 685 391 tit.
701 332 795 391 Sancti
809 333 925 406 Cyriuci.
995 336 1024 399 Α
1073 334 1134 409 ligo
1147 334 1269 392 loannes
1296 332 1426 392 diaconus
1452 330 1598 391 cardinalis
1621 331 1728 391 Sanctae
1741 329 1839 389 ileriae

219 425 279 497 Ego
299 424 457 481 llenlredus
483 425 608 495 presbyt.
634 423 737 480 cardin.
760 423 801 479 tit.
818 422 846 479 S.
862 422 980 480 Sabinae.
1035 424 1131 481 Norae.

221 514 284 585 Ego
299 512 446 569 Corradus
460 512 619 570 sabinensis
634 512 790 584 episcopus.
1072 514 1131 584 Ego
1145 512 1264 569 loannes
1278 514 1383 584 Peparo
1396 511 1465 568 dinc.
1482 509 1588 568 cardiu.
1604 510 1633 567 S.
1645 509 1769 567 Adriani.

222 602 282 674 Ego
296 602 495 658 Theodewicus
511 602 622 658 Sancte
636 600 744 657 Robore
757 599 916 674 episcopus.
1023 614 1032 623 ’
1072 600 1173 657 Datum
1190 601 1314 658 Laterani
1334 615 1504 673 permanum
1530 598 1646 657 Gererdi
1662 608 1763 657 sancte
1778 601 1838 657 lio·

220 691 282 763 Ego
297 690 425 747 tilbertus
439 689 573 746 Ostiensis
587 690 747 762 episcopus.
1037 707 1126 747 manee
1138 690 1265 747 Ecclesiae
1271 689 1420 762 presbyteri
1435 688 1577 746 cardinalis
1588 704 1618 744 uc
1627 688 1839 759 bibliothecarii,

224 780 282 850 ligo
297 781 403 835 imarus
417 778 588 835 Tusculanus
601 779 761 850 episcopus.
1038 796 1058 835 rr
1072 781 1166 836 Nonas
1176 779 1249 845 licii,
1265 778 1412 836 indictione
1423 794 1471 846 nr,
1484 776 1678 833 incarnationis
1687 777 1840 834 Dominirae

222 868 283 939 ligo
299 869 396 924 Petrus
407 867 571 924 libanensis
585 868 745 938 episeopus.
1038 883 1109 924 anno
1137 868 1217 939 llll,
1247 865 1422 940 pontificatus
1449 882 1516 923 vero
1541 866 1634 923 domni
1655 865 1840 925 Coelestioill

223 958 283 1028 ligo
299 957 436 1030 Georgius
450 957 582 1014 diaconus
598 957 649 1013 SS.
663 957 753 1030 Sergii
768 957 916 1014 etBacchi.
1039 972 1117 1031 papae
1131 971 1205 1012 auno
1220 956 1319 1029 primo.

223 1045 285 1119 Ego
300 1044 438 1103 Gerardos
452 1045 523 1103 dlac.
539 1046 613 1104 card.
630 1046 659 1104 S.
675 1046 770 1102 biariae
784 1045 812 1102 in
826 1045 984 1103 DoruInica.

863 1417 942 1459 ANNO
960 1416 1060 1459 bottrtu
1077 1416 1170 1460 ttcxbv

503 1617 953 1836 LUCIUS
1014 1619 1101 1827 II
1161 1612 1497 1828 ΡΑΡΑ

832 2171 1214 2324 NOTITIA

762 2481 876 2551 (llansr,
894 2478 1000 2537 concii.
1017 2488 1036 2535 t.
1054 2479 1129 2548 xxi,
1145 2477 1198 2536 ccl.
1215 2476 1290 2549 out.)

231 2781 340 2851 Lucius,
356 2783 399 2840 cui
411 2781 524 2840 Gerardi
545 2797 646 2840 nomeu
670 2781 766 2851 luerat,
790 2791 869 2856 patre
883 2782 994 2840 tilbertc
1009 2784 1036 2845 B
1051 2791 1101 2856 tes,
1117 2801 1199 2858 quarn
1212 2786 1247 2842 de
1262 2785 1449 2843 incolumitate
1472 2794 1499 2844 et
1520 2787 1700 2860 prosperitate
1713 2789 1775 2859 ejus
1790 2791 1850 2847 Deo

195 2871 254 2928 cire
269 2872 439 2928 Bononieuse
460 2887 493 2928 ex
520 2871 719 2929 Caccienimico
746 2872 850 2928 iamilio
872 2873 990 2946 genitus,
1047 2876 1147 2947 gratias
1161 2882 1286 2948 agentes,
1312 2877 1456 2949 ipsumque
1466 2875 1501 2931 ed
1517 2876 1695 2948 petrocInium
1714 2877 1850 2935 Romane

194 2958 301 3033 rirpro
332 2959 546 3017 mansuetudine
573 2969 601 3016 et
628 2960 777 3018 bumilitate
803 2977 862 3030 sua,
888 2961 992 3034 judicio
1046 2963 1345 3034 Ecclesraeinvitantes,
1362 2965 1465 3020 litteras
1486 2966 1580 3022 mittit.
1602 2988 1613 3016 ι
1632 2966 1851 3040 Etpaulopost·

194 3047 505 3122 ottonisttrtsiogsnsis,
529 3048 619 3106 cilicio
642 3049 804 3107 sacerdotali
829 3050 939 3124 dignus,
956 3065 993 3106 ex
1047 3051 1849 3128 quamrecitassetlragmeutumcommemorataeepistolae‚

194 3151 334 3208 cardiuole
359 3151 425 3208 tituli
444 3153 549 3208 Sancte
569 3152 663 3208 Crucis
685 3151 713 3207 in
738 3152 890 3209 Ierusalem
909 3151 995 3209 iaetus
1047 3151 1106 3208 ait:
1126 3173 1136 3202 ι
1155 3153 1194 3209 lie
1209 3152 1253 3208 die
1268 3152 1295 3208 in
1310 3153 1383 3209 diem
1397 3153 1516 3208 enimam
1527 3153 1595 3223 justi
1605 3153 1726 3228 ailigere
1741 3171 1798 3212 non
1813 3156 1850 3212 ti-

194 3247 237 3297 est
256 3239 377 3314 pontifex
398 3256 469 3298 enno
489 3241 599 3297 Domini
625 3242 705 3310 titt,
734 3248 855 3312 tempore
874 3242 993 3309 conradi
1047 3249 1187 3296 mucrunt.
1211 3243 1303 3313 »lpse
1325 3250 1416 3298 eutem
1445 3242 1610 3314 quotidianis
1629 3243 1795 3300 cruciatibus
1818 3261 1851 3303 ac

193 3329 380 3402 imperatoris.
399 3331 439 3387 lle
453 3345 507 3403 quo
522 3346 556 3386 cx
585 3329 719 3387 Vaticano
735 3330 830 3386 codice
844 3331 899 3387 ists
914 3332 995 3388 Raro·
1048 3329 1128 3386 taedio
1144 3329 1204 3386 ritae
1219 3329 1340 3397 effectus,
1365 3331 1436 3385 intra
1457 3332 1522 3387 enni
1542 3332 1659 3404 spatium
1674 3333 1851 3405 pontilicatus

194 3419 280 3475 ulus:
314 3442 326 3469 ι
356 3419 407 3477 flio
433 3418 482 3475 full
510 3435 543 3475 θλ
581 3418 722 3490 provincii
749 3419 875 3486 AEmiliae·
904 3419 995 3492 patrie
1048 3426 1103 3494 sui,
1119 3427 1191 3483 diem
1207 3428 1283 3493 obiit,
1305 3428 1399 3499 quinto
1423 3427 1560 3485 lisleudas
1575 3429 1672 3496 liartii,
1692 3446 1755 3485 cum
1776 3430 1852 3486 sedis

199 3517 390 3583 Βοιιοιιὶοιιιὶε,
407 3533 442 3573 ex
457 3525 535 3589 patre
558 3517 651 3574 Ilisso.
680 3517 729 3574 llic
752 3527 908 3589 assumptus
923 3527 995 3575 esta
1048 3524 1090 3572 set
1103 3532 1213 3573 menses
1229 3517 1368 3583 undecim,
1380 3517 1440 3573 dies
1450 3533 1518 3574 vero
1529 3519 1748 3592 qtmtuordeciro.
1760 3520 1789 3574 lo
1805 3535 1853 3577 co-

196 3606 308 3663 domino
323 3620 395 3678 pape
417 3606 539 3664 Honorio
563 3606 590 3661 ln
611 3604 689 3662 titulo
714 3607 823 3664 sinete
847 3607 952 3675 Crucis,
968 3611 996 3663 el
1048 3604 1109 3661 dice
1125 3605 1263 3672 Vaticano,
1282 3605 1329 3677 qui
1343 3605 1501 3662 inscribitur
1515 3607 1555 3663 lle
1570 3607 1722 3678 privilegiis
1745 3608 1851 3665 Itoma-

196 3702 304 3753 creatus
319 3696 448 3753 Romanae
462 3694 593 3752 Ecclesire
605 3695 843 3760 bibliothecarius;
863 3711 996 3768 suamque
1049 3709 1091 3750 uae
1107 3694 1249 3757 licclesire,
1264 3695 1334 3749 inter
1346 3711 1392 3750 res
1404 3702 1497 3770 gestas
1512 3696 1596 3764 Lucii,
1607 3695 1644 3750 sit
1658 3697 1803 3760 baronius,
1815 3698 1851 3754 de

196 3783 360 3851 Ecclesiam,
377 3784 446 3842 sicut
456 3785 550 3841 bonus
560 3794 665 3856 postor,
679 3792 733 3840 tam
747 3785 774 3840 in
784 3784 905 3842 aediliciis
915 3802 996 3856 quem
1049 3782 1191 3839 occasione
1200 3782 1290 3839 obitus
1318 3785 1377 3853 ojus
1401 3783 1542 3852 asseritur,
1559 3784 1647 3856 ipsum
1667 3801 1729 3841 cum
1745 3786 1850 3843 Roma·

196 3873 226 3929 in
239 3873 461 3946 possessionibus
482 3873 596 3930 multum
623 3889 656 3930 ac
675 3873 820 3947 plurimum
839 3883 997 3948 augmento·
1050 3896 1099 3936 nos
1113 3880 1148 3936 ud
1163 3894 1236 3936 nora
1260 3880 1350 3936 studia
1369 3881 1548 3938 concitatore
1563 3881 1696 3953 Capitolio
1709 3881 1850 3954 depellere

196 3971 245 4042 vit,
262 3978 289 4028 et
303 3971 414 4028 diuitem
430 3971 464 4028 de
478 3971 655 4045 pauperrima
680 3971 756 4029 lecit.
777 3972 889 4028 Fabrica
905 3979 996 4028 eutem
1050 3978 1203 4036 conaretur,
1216 3969 1321 4026 incerto
1330 3969 1430 4042 lepidis
1440 3971 1492 4027 ictu
1502 3986 1671 4042 percussum,
1682 3971 1748 4028 inde
1757 3988 1849 4046 segro·

198 4059 284 4132 Ipsius
307 4059 432 4117 ecclesiec
447 4074 463 4115 tt
476 4075 583 4116 summo
604 4076 692 4131 usque
706 4061 837 4117 deorsum
856 4061 883 4115 in
899 4061 997 4117 melius
1050 4066 1132 4124 tasse,
1150 4066 1176 4113 et
1191 4072 1229 4114 en
1243 4059 1294 4116 hac
1306 4060 1360 4116 rita
1369 4059 1516 4133 migrasse.
1533 4060 1620 4132 Hujus
1631 4059 1767 4132 pontilicis
1777 4069 1849 4118 tern-

200 4149 358 4217 reiormate,
382 4157 410 4206 et
437 4149 589 4206 cleustmm
615 4164 676 4205 curn
695 4148 822 4205 omnibus
833 4148 946 4205 officinis
961 4150 995 4206 de
1011 4144 1035 4208 C
1051 4162 1127 4217 pore,
1144 4146 1300 4219 dlphonsus
1315 4147 1551 4219 Portugaliaedur,
1569 4148 1676 4220 [rietatis
1690 4164 1759 4221 erge
1769 4165 1850 4205 suum

198 4253 271 4295 novo
285 4237 440 4303 oedifisstvil·
456 4243 484 4292 θῑ
498 4244 664 4293 conuentum
680 4236 780 4292 ibidem
797 4237 997 4293 canonicorum
1052 4245 1179 4301 ducatum
1204 4246 1344 4302 constituit
1371 4247 1504 4303 Romame
1519 4246 1653 4304 Ecclesia
1673 4247 1849 4323 vectigalem,

200 4325 379 4399 regularium,
395 4326 454 4382 Deo
474 4333 599 4391 auctore,
620 4325 768 4381 coustituit.
787 4349 799 4374 »
817 4327 894 4383 llunc
909 4334 997 4382 autern
1052 4348 1145 4389 annuo
1159 4349 1243 4390 censu
1258 4334 1398 4390 unciarum
1420 4335 1481 4391 auri
1504 4344 1629 4406 quatuor.
1653 4336 1692 4391 lta
1715 4338 1852 4393 Innocen-

200 4415 365 4488 praeclarum
381 4413 471 4471 virum
492 4430 545 4487 pro
564 4413 674 4471 scientia
694 4422 722 4470 ct
745 4414 807 4472 vitm
822 4432 879 4470 sure
894 4416 998 4471 meritis
1052 4416 1105 4471 tius
1118 4416 1155 4472 llI
1167 4417 1283 4488 epistole
1297 4420 1345 4472 l00
1356 4417 1402 4473 lib.
1420 4418 1624 4490 repistolerum.
1644 4421 1731 4493 litque
1744 4420 1783 4475 ita
1795 4420 1850 4477 Ilo·

200 4527 274 4586 pape
287 4512 462 4569 Innocentius
476 4519 538 4583 post
553 4518 667 4568 mortem
683 4511 830 4569 llainrerici
845 4512 998 4569 concellarii
1052 4515 1138 4571 manis
1150 4515 1277 4571 Itomanae
1293 4515 1423 4571 Ecclesiae
1432 4515 1626 4572 rebellantibus
1640 4525 1667 4573 et
1681 4516 1852 4573 adversanti-

201 4602 299 4658 erctius
310 4600 362 4657 sibi
377 4599 508 4670 astrinxit,
523 4607 550 4656 et
564 4599 757 4657 cancellarium
781 4601 937 4673 apostolice
952 4619 997 4659 sc·
1052 4603 1112 4670 bus,
1128 4603 1265 4675 principes
1279 4602 1361 4673 longe
1377 4604 1456 4676 positi
1475 4604 1600 4660 eamdem
1621 4614 1794 4673 uenerantes,
1811 4606 1851 4663 illi

200 4691 245 4748 dis
255 4689 402 4753 constituit.
414 4696 496 4762 atquc
508 4689 536 4745 in
553 4690 629 4746 obitu
644 4704 704 4756 suo,
721 4697 848 4762 tanquam
860 4690 998 4763 praecipuo
1051 4707 1113 4747 sese
1123 4700 1220 4763 sponte
1234 4691 1389 4762 subjiciunt.
1405 4693 1492 4763 liujus
1511 4693 1647 4764 pontilicis
1660 4694 1770 4762 diebus,
1785 4696 1851 4753 scri·

200 4797 227 4845 ct
241 4787 358 4865 digniori
374 4786 499 4844 ecclesiae
513 4787 648 4854 membro,
662 4788 735 4844 bona
749 4788 876 4845 ecclesie
890 4789 998 4845 commi·
1052 4788 1089 4844 bit
1100 4787 1163 4845 Otm
1174 4788 1404 4861 Frisiugensislle
1415 4789 1500 4862 gestis
1513 4789 1644 4846 Friderici
1655 4790 1702 4847 lib.
1713 4807 1733 4858 r,
1742 4805 1804 4862 cep.
1815 4792 1850 4849 27

201 4880 244 4936 sit.
261 4878 311 4935 llic
325 4885 454 4950 unquam
470 4876 512 4932 vir
530 4876 649 4949 prodens
669 4884 696 4933 et
717 4875 803 4948 lortis,
828 4877 922 4933 babitu
936 4892 996 4934 cum
1051 4885 1077 4932 et
1093 4880 1136 4933 tu.
1153 4876 1299 4946 mucidus,
1317 4877 1384 4932 alias
1407 4877 1554 4945 Amalune,
1576 4877 1687 4950 quidam
1706 4878 1851 4952 religionis

198 4968 332 5026 Ecclesiae
355 4964 481 5023 fidelibus
505 4965 633 5032 consilio,
660 4974 808 5033 tenuiores,
832 4965 877 5039 qui
901 4975 997 5022 coniri
1051 4975 1172 5032 habitum
1187 4975 1304 5042 habens,
1328 4975 1378 5031 sed
1398 4992 1458 5032 eum
1479 4976 1600 5041 minime,
1623 4980 1654 5033 ut
1673 4992 1710 5032 ex
1724 4975 1850 5033 doctrina

199 5057 409 5131 pt'obibllionem
446 5053 659 5127 plaedeceswt'is
696 5054 737 5110 ⁸¹¹5
763 5070 843 5127 βψω
865 5055 996 5111 Ῑῠθθθῦῑῑί
1050 5064 1111 5134 ejus
1126 5064 1221 5136 patuit,
1247 5080 1415 5128 servans,cx
1427 5064 1605 5122 ecclesiastici
1620 5065 1733 5122 honoris
1747 5065 1851 5121 invidia

199 5147 364 5218 Cupilolium
379 5143 576 5211 0⁰ss⁸001¹d0r02
599 5151 725 5199 ³0⁰⁸l⁰m
740 5143 871 5214 abillis?
886 5145 991 5216 wittil-
1049 5154 1145 5208 urbem
1160 5154 1273 5208 Romam
1288 5153 1449 5225 ingreditur,
1461 5168 1493 5210 ac
1507 5156 1671 5210 senatoriam
1686 5153 1851 5226 dignitatem

198 5243 286 5312 Quas,
301 5259 363 5301 cum
375 5242 494 5314 lingerio
506 5241 604 5299 Siciliae
618 5257 683 5315 rege
693 5241 757 5297 belli
771 5241 892 5299 inducias
907 5241 995 5297 inire-
1048 5252 1258 5316 equestrcmque
1285 5242 1408 5299 ordinem
1424 5257 1555 5298 renovare
1571 5242 1606 5298 sd
1620 5241 1707 5298 instar
1720 5243 1852 5316 antiquo

195 5333 241 5399 ril,
258 5330 359 5389 indical
374 5332 433 5402 ejus
457 5330 571 5403 epislola
596 5345 677 5403 quim
696 5330 732 5387 dd
753 5332 860 5387 Pelium
881 5329 993 5387 Cluilia·
1051 5356 1112 5395 rum
1121 5338 1227 5405 volens,
1236 5347 1318 5396 totam
1329 5356 1402 5411 pene
1414 5340 1517 5398 Urbem
1527 5355 1561 5396 ao
1571 5340 1706 5412 praecipue
1716 5341 1850 5413 populum

194 5445 304 5489 oensem
320 5429 439 5501 scripsit.
458 5452 469 5479 α
488 5430 607 5488 Grarem
622 5445 637 5484 ι
652 5428 757 5487 ciuibus
776 5429 993 5500 persecutionem
1050 5428 1181 5484 adversus
1202 5427 1358 5500 pontificem
1388 5445 1466 5484 suum
1488 5427 1642 5496 concitavit,
1666 5445 1753 5502 caque
1766 5427 1801 5485 de
1818 5446 1852 5491 re

195 5535 306 5594 passus,
317 5519 355 5575 ait
365 5517 552 5594 Frisingensis
566 5518 614 5575 lib.
632 5534 682 5588 vn,
694 5534 754 5591 cap.
769 5518 817 5596 dl,
828 5518 944 5576 humiles
958 5518 994 5574 ad
1009 5507 1033 5571 D
1047 5517 1166 5585 litteras,
1181 5533 1250 5590 ques
1264 5517 1338 5575 idem
1354 5518 1417 5576 Otto
1440 5517 1502 5576 loco
1525 5518 1683 5590 supradicto
1703 5518 1797 5586 refert,
1810 5520 1849 5575 ed

194 5625 291 5685 regen
301 5606 464 5679 comtum,
476 5613 532 5666 tarn
542 5622 620 5666 suam
629 5606 839 5683 oppressionem
853 5606 993 5668 continen-
1045 5606 1200 5666 &madum
1213 5605 1408 5680 imperatorem
1421 5605 1569 5666 dederunt.
1592 5605 1749 5667 Sectsmres
1763 5606 1849 5678 buius
