3772 6006
132 264 209 324 teet

574 261 769 324 WlLLllllel
792 255 1166 323 Matmussbflttactsts
1188 255 1364 320 MONACHl

1767 261 1838 327 rece
1875 234 1878 279 ³

130 397 344 454 tentamentum
370 412 426 453 non
451 399 624 467 assurgeret,
642 411 674 451 ae
688 398 786 451 tamen
802 409 853 466 pro
869 408 946 448 reve·
963 391 1067 463 Ajam
1084 391 1129 446 bis
1145 407 1162 447 a
1176 395 1235 447 toto
1249 390 1406 462 auglorum
1421 389 1545 447 concilio
1562 392 1710 449 damnato
1727 402 1839 466 propter

39 552 45 563 ,
130 485 224 543 rentia
235 486 405 543 Britbwaldi
417 485 626 558 archiepiscopi
638 502 696 541 non
707 485 870 552 delaturos,
883 483 952 555 quin

28 588 32 597 “
130 576 228 632 omnia
243 593 294 650 per
318 575 447 632 ordinem
473 576 664 643 discuterent,
681 575 849 645 tactumque
863 581 906 629 est
921 576 953 628 ut

129 669 255 736 quatuor
283 665 445 735 mensibus,
475 682 527 721 uxr
557 663 751 721 conciliabula
783 667 882 720 coacta
908 661 950 718 vel

128 763 243 825 propter
258 754 311 810 hoc
325 753 421 810 solum
435 755 478 810 vel
490 755 544 811 boc
555 753 733 826 precipuum
746 753 832 808 linem
845 750 950 825 glorio-

128 857 195 898 sum
214 842 356 912 Willrido,
367 842 592 916 ignominiosum
605 842 825 899 accusatoribus
840 841 949 897 habuc·

128 931 198 999 rint,
208 932 345 989 Romanis
357 932 485 989 maxima
499 933 633 1005 impensa
643 931 818 988 mirantibus
833 929 950 987 illorum

18 1024 21 1035 “
128 1020 352 1094 impudentiam,
365 1023 442 1079 illius
457 1024 662 1095 eloquentiam,
674 1024 744 1078 dum
757 1021 896 1094 quidquid
907 1038 952 1077 ac-

128 1110 312 1186 cusationum
330 1113 518 1183 objecissent,
534 1112 583 1169 ille
598 1112 678 1168 nullo
703 1111 865 1184 excogitato
890 1125 950 1167 rea·

1008 479 1147 552 quelibet
1162 479 1322 552 apostolica
1336 479 1445 552 scripta
1465 481 1702 538 communicare.
1718 482 1775 539 Sed
1792 500 1838 541 nec

1007 569 1070 642 ipse
1085 568 1178 626 multo
1201 577 1263 642 post
1280 569 1308 625 in
1324 568 1382 625 vita
1407 573 1534 626 moratus
1554 575 1600 627 eet
1617 574 1767 644 tempore.
1781 578 1836 631 Sta·

1009 660 1062 715 tim
1078 659 1155 715 enim
1172 659 1231 715 illis
1246 658 1421 715 abeuntibus
1436 659 1538 717 uuerbe
1554 665 1716 733 correptus
1730 661 1837 720 valetu-

1007 751 1074 806 dine
1089 752 1125 806 ad
1142 755 1264 807 mortem
1279 750 1494 819 emercabatur,
1510 753 1683 809 amaritudo
1702 758 1836 812 tormenti

1007 843 1147 899 rationem
1172 842 1242 900 olim
1258 844 1289 899 in
1304 842 1401 899 animo
1423 843 1513 917 regali
1528 846 1663 916 sopitam
1688 845 1798 916 elicuit,
1812 854 1835 906 et

1006 934 1167 989 secundum
1184 934 1356 1005 prophetam
1369 948 1376 988 :
1391 956 1405 985 a
1421 933 1541 990 Vexatio
1556 934 1643 991 dedit
1657 934 1833 994 intellectum

1007 1021 1119 1078 auditui
1137 1022 1200 1094 (lac.
1217 1022 1325 1094 xxvm).
1344 1042 1358 1071 »
1374 1021 1542 1095 intelligens
1566 1023 1652 1078 enim
1679 1040 1714 1081 se
1741 1028 1832 1082 meritc

1006 1109 1035 1167 iu
1052 1110 1222 1166 obedientie
1238 1108 1366 1183 plexum,
1380 1111 1647 1182 promisitomcem
1659 1115 1833 1172 emendatio-

34 1240 38 1247 ,
128 1202 289 1271 panso,sed
300 1200 350 1258 Dei
362 1201 623 1259 etveritatislultus
634 1201 845 1274 auxilio,qussi
857 1217 951 1257 casses
1006 1216 1070 1257 nem
1086 1200 1152 1256 lacti
1167 1198 1303 1256 Wiltrido
1318 1199 1525 1257 exhibiturum.
1538 1201 1568 1257 Si
1584 1201 1648 1257 sibi
1665 1203 1776 1260 viventi
1791 1206 1831 1261 ed·

127 1303 300 1347 aranearum
317 1290 411 1362 primo
427 1296 506 1346 motu
523 1291 665 1346 labiorum
676 1291 832 1347 discuteret
843 1292 950 1346 etanb·
1006 1289 1072 1347 duci
1088 1290 1241 1362 potuisset,
1254 1305 1305 1345 uec
1325 1291 1449 1346 cessavit
1467 1293 1615 1362 quantum
1631 1296 1704 1348 ente
1722 1295 1832 1365 preclu-

79 1380 81 1385 '
127 1384 234 1449 rueret,
247 1379 302 1436 hcc
313 1381 435 1451 pronius
451 1379 578 1450 episcopi
594 1378 777 1435 mirabantur
791 1379 948 1436 causidico·
1005 1396 1069 1435 sam
1085 1395 1185 1436 vocem
1201 1377 1280 1451 loqui
1294 1379 1394 1447 potuit,
1407 1379 1483 1436 idem
1499 1382 1690 1451 promittere,
1704 1385 1770 1438 etsi
1783 1383 1832 1455 ipsc

128 1469 366 1539 rumaudaciam,
377 1470 522 1541 quomodo
533 1468 792 1526 ecclesiasticorum
805 1471 949 1542 graduum
1004 1468 1063 1525 voti
1079 1469 1181 1524 ellectu
1197 1475 1317 1536 careret,
1333 1469 1477 1524 baeredem
1495 1485 1582 1526 suum
1601 1479 1636 1525 ut
1653 1471 1769 1528 laceret
1790 1474 1833 1528 ad·

128 1555 275 1614 immunes
294 1558 363 1628 (uisi
388 1559 465 1630 quod
487 1576 564 1615 unus
584 1575 684 1615 eorum
706 1558 847 1615 diaconus
861 1561 949 1634 esset)
1000 1559 1118 1630 Jurare;
1131 1556 1216 1613 stille
1228 1557 1342 1628 quidem
1355 1561 1469 1614 mature
1481 1559 1646 1615 defunctus
1663 1559 1833 1632 apostolicas

126 1655 334 1716 presumerent
350 1664 487 1705 accusare
503 1651 699 1706 venerandum
711 1666 809 1707 senem
828 1668 879 1707 cxx
894 1668 947 1708 an·
1005 1649 1117 1704 litteras
1133 1663 1164 1705 se
1179 1648 1322 1720 sprevisse
1346 1663 1408 1704 sero
1433 1647 1571 1716 indoluit,
1588 1666 1730 1722 quarum
1748 1653 1833 1710 minae

127 1748 233 1789 norum
250 1735 427 1808 pontificem,
443 1743 600 1795 torrentem
620 1738 813 1812 eloquentite3
829 1741 903 1797 inter
918 1758 949 1798 se
966 1714 987 1780 fl
1003 1737 1127 1808 effugere
1146 1754 1204 1793 non
1229 1737 1345 1804 meruit,
1362 1737 1518 1810 quosquis
1534 1739 1642 1797 crebro
1658 1757 1833 1799 commeme

127 1837 196 1895 ergo
205 1825 331 1881 multum
342 1827 451 1899 diuque
460 1827 663 1898 Graecizantes,
672 1831 788 1886 taudem
800 1831 836 1885 ad
848 1837 948 1886 nostra

126 1912 215 1968 verbe
229 1915 360 1973 conversi
376 1917 552 1974 damnarunt
577 1917 684 1975 missas
703 1919 808 1991 dignos
823 1935 947 1991 carcere,

127 2000 281 2060 missorem
297 2011 456 2078 arguerunt
479 2007 618 2077 stultitiis,
633 2008 803 2066 Willridum
819 2027 949 2082 pronun·

18 2094 20 2099 '
126 2089 240 2149 tiarunt
254 2103 396 2153 exsortem
412 2097 447 2152 ab
465 2098 543 2155 omni
559 2097 688 2154 crimine.

163 2181 213 2237 llic
228 2183 403 2254 subjicerem
421 2191 564 2258 quantum
582 2187 772 2245 emolumenti
797 2205 890 2244 cause
912 2188 946 2242 il-

18 2248 40 2281 ”
125 2269 183 2327 lius
197 2271 326 2329 attulerit
341 2275 472 2346 synodus
487 2276 646 2347 Agathonis
662 2294 742 2350 papa
759 2279 842 2345 lecta,
855 2278 904 2333 sed
920 2282 949 2334 et

87 2436 89 2441 s
124 2358 210 2431 illud,
226 2363 305 2434 quod
319 2363 349 2419 in
372 2363 476 2422 Meldis
501 2365 616 2422 civitate
636 2367 763 2423 Francis
783 2368 819 2423 ab
839 2368 948 2424 oriente

33 2446 36 2451 '
53 2502 56 2507 ,
125 2447 226 2506 Parisii
242 2453 338 2523 posita
353 2468 418 2510 oum
435 2455 553 2511 domum
571 2456 676 2513 rediret
687 2456 857 2513 infirmitate
872 2473 947 2529 pres·

125 2553 188 2607 sus,
197 2539 308 2598 visione
324 2547 443 2598 sanatus
455 2543 493 2599 ait
504 2544 635 2617 angelica
648 2562 654 2611 ;
668 2544 724 2601 uisi
740 2544 818 2601 Reda
828 2561 948 2603 renere-

18 2630 23 2667 :
124 2626 192 2683 bilis
207 2627 363 2687 historicus
379 2631 485 2704 dignus
498 2650 548 2705 pro
560 2651 728 2691 sermonum
740 2636 891 2692 sobrietate
900 2636 947 2692 cui

124 2715 229 2773 debeat
239 2719 327 2787 credi,
340 2722 537 2777 narrationem
552 2727 755 2794 praevertisset.
768 2727 824 2782 Nos
834 2725 869 2782 ab
883 2726 946 2798 ipso

124 2807 235 2863 omissa
259 2807 413 2879 Scripturae
442 2813 595 2881 perstricte
619 2815 786 2872 inserimus.
810 2815 947 2878 Quamvis

123 2894 211 2967 igitur
234 2898 356 2955 antistes
380 2915 441 2956 rem
466 2902 653 2973 obtinuisset,
677 2904 825 2959 ambiebat
849 2911 946 2960 tamen

1005 1827 1073 1896 ravi,
1090 1827 1137 1882 bic
1152 1825 1333 1882 abbreviatas
1349 1842 1454 1896 ponere
1470 1827 1526 1883 tort
1542 1829 1679 1896 animus,
1696 1839 1730 1886 ut
1746 1832 1831 1903 palen

1004 1915 1042 1972 sit
1057 1921 1166 1987 quante
1182 1915 1299 1971 miseria
1314 1914 1442 1972 involvet
1458 1916 1607 1984 mortales,
1620 1920 1708 1990 qnod
1721 1918 1765 1976 illi
1776 1920 1831 1988 riri,

1003 2022 1075 2077 quos
1090 2004 1291 2061 sanctissimos
1306 2004 1434 2060 celebrat
1457 2005 1632 2079 antiquitas,
1648 2009 1830 2080 Theodorus,

1002 2093 1197 2162 bertwaldus,
1208 2095 1344 2163 loannes,
1356 2096 1439 2166 Boea,
1452 2112 1504 2153 nec
1519 2113 1575 2152 uon
1595 2101 1625 2153 et
1640 2099 1736 2156 Hilde
1751 2102 1830 2157 ebba·

1003 2185 1075 2241 tissa
1090 2183 1270 2255 digladiabili
1287 2183 1351 2239 odio
1368 2183 1546 2257 impetierint
1557 2186 1760 2246 Wilsriadurn
1771 2190 1829 2256 lleo,

1002 2281 1033 2329 ut
1049 2290 1083 2329 ex
1098 2277 1165 2330 ante
1180 2273 1267 2329 dictis
1283 2273 1433 2344 probatur,
1449 2275 1712 2347 acceptissimum.

1038 2363 1200 2420 «Dominis
1224 2362 1465 2420 eminentissimis
1487 2369 1658 2422 bressenco
1683 2368 1748 2441 regi
1764 2369 1829 2425 bler-

1001 2457 1125 2522 eiorum,
1142 2458 1170 2510 et
1184 2455 1311 2509 Arsame
1331 2454 1390 2527 regi
1407 2453 1557 2511 Deirorum
1573 2460 1604 2512 et
1620 2456 1829 2525 Berniciorum,

1000 2549 1128 2602 lomnes
1140 2560 1225 2617 papa.

1037 2635 1221 2690 «barastra
1238 2633 1356 2705 quidem
1373 2632 1521 2704 religionis
1543 2635 1719 2694 accessibus
1743 2638 1831 2710 gretia

1003 2725 1052 2781 Dei
1067 2728 1239 2795 cooperante
1256 2723 1426 2793 gaudemus,
1439 2722 1576 2780 fervorem
1593 2724 1663 2781 lldei
1681 2737 1831 2784 cernentes

1001 2812 1032 2869 in
1045 2813 1139 2883 vobis,
1152 2829 1237 2885 quem
1254 2828 1288 2869 ex
1304 2812 1508 2885 predicatione
1522 2812 1670 2887 principis
1687 2817 1831 2888 apostola·

1002 2920 1066 2960 rum
1084 2902 1141 2959 Deo
1165 2911 1274 2958 vestros
1294 2902 1409 2958 animos
1434 2902 1621 2962 illuminante
1648 2908 1830 2980 percepistis,

60 3026 65 3033 ,
123 2981 945 3063 Romeremanere,senilemspiritumeubdcmincrum
1001 2991 1503 3058 ctelllcacitertenetis,etutinam
1529 2993 1678 3064 gaudium
1701 3001 1829 3053 nostrum

123 3072 350 3145 apostolicorum
376 3079 499 3149 pedibus
515 3080 670 3137 effusurus.
687 3083 804 3138 Restitit
818 3083 864 3154 pio
879 3088 945 3138 voto

123 3161 270 3233 pontilicis
290 3165 412 3223 ioannis
432 3170 516 3236 ratio,
534 3187 590 3241 qua
614 3171 722 3228 diceret
745 3186 811 3229 eum
836 3171 948 3257 Anglim

122 3253 332 3326 necessarium,
344 3255 468 3330 ideoque
477 3260 579 3330 jussit,
591 3265 624 3317 ut
639 3261 716 3332 quad
732 3267 882 3332 supererat
896 3261 947 3316 aevl

1003 3080 1157 3137 meliorum
1182 3096 1315 3136 excessua
1337 3079 1507 3152 amplificet,
1524 3082 1744 3144 inextricabilis
1771 3102 1830 3142 vero

1004 3174 1199 3244 quorumdam
1213 3171 1357 3227 dissentio
1372 3176 1487 3228 nostros
1503 3174 1617 3229 animos
1633 3175 1732 3231 elficit
1748 3193 1830 3250 quem

1004 3265 1116 3333 oportet
1127 3260 1241 3333 corrigi,
1254 3277 1288 3316 ne
1299 3260 1523 3332 apostolicorum
1534 3270 1753 3334 praceptorum
1768 3284 1831 3339 pre·

83 3348 86 3361 ¹
123 3341 228 3397 nonin
251 3346 411 3416 peregrinis
440 3349 520 3404 auris
549 3353 748 3416 consumeret,
774 3349 825 3407 sed
850 3350 947 3422 patrie
1000 3353 1175 3407 varicatores
1190 3352 1241 3406 sed
1257 3351 1392 3407 custodes
1408 3367 1470 3407 esse
1485 3351 1829 3413 inveniaminillludum

28 3430 60 3515 Ἰ
123 3432 285 3487 commodis
303 3433 492 3505 impenderet.
510 3436 607 3493 liediit
626 3437 758 3510 igituret
774 3439 947 3511 apostolicas
1002 3441 1829 3519 enimsubapostolicaememorioetlgathonepapa,cum

18 3558 20 3563 -
122 3517 261 3589 epistolas
276 3521 336 3594 regi
353 3523 525 3581 Mereiorum
539 3527 601 3596 jam
626 3527 768 3586 monacho
793 3528 947 3585 Etbclredo
985 3520 1158 3587 'Willridus
1182 3531 1419 3603 episcopus,pro
1442 3546 1496 3586 sua
1519 3548 1606 3587 causa
1631 3535 1734 3590 sedern
1760 3536 1830 3592 banc

121 3606 228 3678 attulit,
245 3609 398 3669 humiliter
412 3614 453 3669 illi
465 3622 493 3672 et
503 3632 579 3688 genu
594 3617 665 3674 llexo
686 3619 882 3691 dignationem
899 3637 946 3676 sa-
1001 3620 1187 3693 appellasset,
1200 3625 1227 3676 et
1238 3628 1421 3677 accusatores
1437 3619 1614 3678 aTbeodoro
1630 3630 1745 3683 sancire
1762 3627 1830 3683 Cau·

122 3696 275 3757 lutetionis
291 3703 455 3773 apostolice
480 3708 617 3779 suscepit,
633 3713 661 3763 et
676 3707 810 3780 perlectis
826 3709 946 3778 chartis,
1001 3711 1161 3768 ruariorum
1182 3709 1313 3766 Ecclesia
1338 3709 1554 3782 archiepiscopo
1572 3710 1642 3769 binc
1659 3713 1735 3772 illue
1751 3733 1831 3771 man·

123 3788 199 3860 quod
224 3797 306 3848 tenor
329 3809 429 3850 earnm
451 3796 574 3866 jubebat
589 3815 606 3854 a
621 3798 753 3856 Kcnredo
774 3800 832 3858 filio
849 3800 947 3857 tratrie
1002 3803 1078 3870 dato,
1091 3800 1164 3858 etab
1176 3800 1259 3857 Hilda
1272 3801 1409 3872 religiose
1426 3800 1571 3857 memoriae
1583 3803 1830 3862 abbatissamissi

122 3877 359 3951 Wiilarii,quem
374 3884 431 3939 eibi
446 3901 544 3958 regem
559 3887 721 3955 suffecerat,
734 3890 873 3962 compleri
887 3907 946 3948 non
1000 3890 1160 3959 venissent,
1178 3889 1305 3962 episcopi
1333 3896 1402 3946 tnnc
1425 3889 1472 3945 hic
1491 3890 1526 3945 da
1548 3890 1675 3948 dirersis
1700 3895 1831 3965 partibus

123 3970 459 4039 gravateobtiuuit.llrat
469 3976 548 4031 euim
560 3981 587 4033 et
599 3976 647 4033 ille
658 3979 758 4035 timore
772 3981 818 4035 Dei
831 3981 946 4052 plenus,
1000 3979 1168 4053 congregati
1194 3995 1253 4035 rem
1282 3978 1453 4050 regulariter
1468 3978 1659 4051 quesierunt,
1679 3987 1710 4038 et
1726 3984 1832 4039 delini-

123 4054 201 4113 sicut
213 4063 279 4130 post
292 4061 520 4132 quadriennium
531 4066 694 4123 voluntaria
705 4067 787 4139 regni
802 4069 945 4127 abrenun·
1000 4072 1096 4139 erunt,
1106 4069 1300 4140 eamdemque
1311 4068 1487 4125 sententiam
1499 4085 1687 4126 successores
1697 4071 1831 4142 ejusdem

24 4166 30 4173 ·
123 4144 241 4205 tiatioue
264 4151 372 4207 mundo
398 4153 550 4224 probatum
573 4162 627 4224 est,
644 4173 696 4212 nec
712 4157 831 4229 segnius
847 4159 945 4214 Brith-
1000 4160 1147 4234 pontificis
1158 4161 1384 4232 predecessores
1396 4160 1485 4215 nostri
1498 4164 1728 4229 tenuerunt,aed
1742 4179 1833 4236 neque

27 4252 52 4273 -·
122 4232 238 4292 waldus
253 4239 490 4314 archiepiscopus
501 4260 600 4316 pacem
613 4261 670 4301 non
682 4256 867 4318 aspernanter
882 4265 943 4304 am·
999 4252 1168 4309 Theodorus
1198 4250 1436 4324 archiepiscopus
1472 4251 1604 4307 obviasse
1633 4254 1832 4322 cognoscitur,

26 4398 29 4404 Ι
122 4321 205 4380 biens
216 4326 245 4383 in
258 4331 477 4390 unanimitatem
491 4335 623 4392 fraterna
634 4336 793 4392 concordiae
809 4337 943 4393 accurrit.
960 4363 982 4428 D
999 4342 1049 4414 qui
1066 4358 1218 4414 nunquam
1238 4342 1426 4413 postmodum
1442 4340 1570 4411 aliquam
1586 4339 1646 4396 buc
1663 4345 1834 4400 accusatio-

66 4444 74 4453 ‚
122 4412 298 4474 Exterritum
328 4421 416 4478 minis
442 4425 607 4495 apostolicae
631 4427 709 4483 sodis
732 4429 825 4496 aiunt,
840 4427 944 4500 legatis

122 4503 339 4565 damnationem
355 4527 440 4568 suam
455 4515 591 4586 gravibus
603 4517 791 4587 querimoniis
803 4535 945 4592 aggeren-

121 4595 214 4666 tibus,
229 4602 362 4671 quamvis
379 4604 532 4662 Willridus
548 4624 596 4662 eos
608 4609 668 4678 jam
685 4610 869 4681 adjudicatos
892 4628 945 4666 ex-

100 4720 103 4724 ·
120 4687 249 4745 emisset.
267 4689 352 4747 Solus
366 4693 508 4752 Allritbus
521 4713 570 4752 rex
584 4698 877 4757 Nortbanimbrorum
893 4701 944 4757 ob·

123 4776 283 4836 stinatioris
303 4782 393 4839 animi
418 4786 592 4843 sententiam
609 4788 658 4859 [cl.
675 4788 820 4863 semitam]
837 4800 944 4858 torena,

121 4869 313 4940 pervicaciam
339 4875 442 4932 tenuit.
458 4875 576 4934 Nuntiis
599 4880 677 4935 enim
702 4882 739 4936 ad
763 4898 794 4937 ee
816 4897 848 4937 er
864 4888 945 4954 parte

120 4957 251 5019 Willridi
262 4963 532 5034 directis,serenum
545 4970 638 5041 primo
651 4987 824 5043 responsum
834 4971 944 5040 retulit,

122 5052 173 5110 aed
188 5054 361 5126 depravatus
373 5060 416 5128 (ut
426 5058 567 5131 creditur)
581 5061 786 5119 nralevolorum
802 5063 944 5129 consiliis,

122 5141 230 5214 quibus
245 5150 326 5203 extra
345 5164 430 5204 auam
457 5149 625 5220 dignitatem
651 5152 738 5209 uiurle
762 5153 944 5225 indulgebat,

1000 4447 1066 4487 nem
1083 4430 1286 4487 demandavit:
1304 4446 1383 4486 nunc
1406 4445 1524 4501 quoque
1547 4445 1649 4485 eorum
1667 4434 1833 4491 accusatio·

1000 4537 1062 4587 nes,
1078 4520 1127 4592 qui
1143 4523 1246 4576 contra
1261 4519 1428 4577 Willridum
1454 4518 1623 4590 episcopum
1649 4518 1712 4575 huc
1728 4524 1767 4578 de
1782 4523 1834 4578 Bri·

999 4610 1099 4666 tannia
1114 4610 1306 4678 advenerunt,
1321 4614 1350 4664 et
1365 4609 1428 4680 ejus
1444 4608 1650 4664 excusationes
1669 4612 1752 4680 apud
1769 4629 1833 4669 con·

998 4704 1118 4758 ventum
1143 4698 1452 4755 reverendissimorum
1477 4697 1699 4770 episcoporum,
1718 4701 1774 4771 qui
1791 4700 1833 4756 bic

998 4787 1108 4846 inventi
1130 4794 1200 4846 eunt
1215 4806 1266 4861 per
1288 4790 1350 4845 dies
1372 4786 1483 4859 aliquot
1506 4785 1569 4842 lieri
1593 4790 1831 4857 procuravimus,

998 4887 1059 4939 tarn
1071 4884 1106 4942 de
1116 4882 1246 4956 epistolis
1255 4881 1448 4938 anterioribus
1458 4885 1486 4937 et
1498 4879 1658 4947 modernis,
1667 4896 1761 4952 quam
1773 4899 1832 4956 que

998 4973 1165 5030 verbialiter
1180 4977 1274 5044 partes
1291 4972 1467 5039 detulerunt,
1483 4971 1553 5025 dum
1567 4967 1753 5040 principales
1770 4988 1832 5044 per-

1000 5080 1088 5133 sonae,
1099 5064 1133 5119 de
1145 5063 1252 5135 quibus
1264 5061 1411 5119 contentio
1423 5060 1519 5116 omnis
1531 5063 1630 5116 exorta
1642 5062 1699 5129 est,
1712 5058 1831 5117 hicnon

999 5153 1166 5210 adfuerint:
1189 5169 1263 5224 quas
1288 5166 1404 5207 necesse
1428 5153 1482 5218 est,
1509 5156 1540 5203 ut
1564 5145 1716 5205 eontentio
1744 5150 1831 5205 tinem

122 5232 278 5291 redeuntes
293 5237 328 5291 ad
346 5253 376 5294 se
392 5238 437 5294 dia
454 5240 587 5296 condicto
608 5241 659 5297 tali
674 5243 820 5299 sententia
836 5242 943 5299 contri·
999 5242 1133 5314 accipiat,
1144 5242 1291 5298 advenire.
1304 5241 1413 5296 Idcirco
1424 5252 1645 5296 commonemus
1663 5236 1830 5295 Berthwal·

122 5319 227 5378 stavit:
240 5339 272 5380 se
287 5324 403 5395 quidem
420 5327 582 5401 legatorum
599 5331 742 5402 personis,
755 5332 832 5402 quod
847 5336 945 5388 esseut
998 5332 1069 5388 dum
1086 5330 1340 5403 archiepiscopum
1357 5328 1474 5385 tratrem
1490 5332 1623 5384 nostrum
1635 5334 1668 5382 ut
1678 5329 1830 5398 synodum

122 5410 224 5467 ctvita
246 5429 347 5482 graves
362 5422 389 5470 et
408 5424 528 5489 aspectu
545 5419 741 5487 honorabiles,
757 5421 898 5478 bonorem
915 5425 946 5477 ut
997 5424 1136 5479 convocet
1161 5437 1220 5476 uua
1244 5435 1310 5475 cum
1335 5417 1470 5474 Wilirido
1494 5417 1642 5489 episcopo,
1667 5417 1698 5471 et
1722 5420 1830 5474 Bosem

122 5500 423 5571 parentibusdelerre,
432 5510 566 5564 ceterum
576 5525 731 5566 assensum
741 5509 876 5583 legationi
886 5527 945 5567 om·
998 5514 1087 5584 atque
1097 5509 1240 5568 loannem
1256 5508 1286 5564 in
1299 5507 1442 5580 synodum
1455 5505 1540 5562 iaciat
1551 5502 1717 5575 convenire,
1731 5520 1831 5563 voces-

122 5589 192 5648 uino
206 5590 345 5664 abnuere,
361 5595 438 5666 quod
455 5601 533 5654 esset
546 5607 646 5658 contra
665 5590 808 5660 rationem
832 5600 944 5659 bomini
997 5615 1053 5674 que
1069 5599 1197 5674 partium
1210 5597 1318 5660 audiat.
1331 5599 1359 5654 et
1371 5595 1534 5655 consideret
1544 5593 1615 5668 quid
1629 5592 1686 5650 sibi
1696 5592 1828 5655 invicem
