3750 6000
130 197 180 254 131

747 190 984 254 monemus
1001 192 1027 251 11
1045 194 1154 252 111111.

129 334 189 376 mm
204 316 390 392 apostolorum
405 316 479 374 l’etri
488 323 515 373 et
525 315 616 383 Pauli,
627 323 655 373 et
667 323 790 375 nontam
801 332 833 376 se
843 332 927 376 nove·
940 322 969 386 Α
981 318 1035 375 bns
1049 320 1109 378 nec
1128 319 1247 393 propriis
1274 321 1431 380 nominitant
1455 323 1608 383 adnomnda
1635 324 1783 397 sumussi-

131 408 166 464 rit
180 408 364 466 incursurum.
383 409 481 475 llmen,
497 422 589 474 amen,
605 422 700 464 amen.

164 509 226 582 Ego
238 508 412 565 Innocentius
426 505 573 562 Catholicae
588 506 719 562 Ecclesiae
729 505 876 578 episcopus
887 520 926 563 ss.

163 597 225 669 Ego
239 595 402 652 Guillelmus
418 594 602 652 Praenestinus
617 595 765 666 episcopus
780 611 818 650 ss.

163 687 225 760 Ego
239 686 379 742 Gerardns
393 685 538 756 presbyter
558 684 703 741 cardinalis
726 683 795 739 tituli
819 684 926 740 Sanctae

129 775 224 833 Crucis
238 776 264 830 in
279 774 432 831 Jerusalem
448 789 486 830 ss.

163 875 224 948 Ego
239 872 388 929 Anselmus
399 871 543 945 presbyter
557 870 706 929 cardinalis
727 871 770 926 tit.
799 870 829 927 S.
852 870 925 926 bau-

128 962 208 1020 rentii
223 962 252 1017 in
266 961 368 1019 Lucina
384 977 425 1018 ss.

164 1053 225 1125 Ego
237 1052 328 1109 Lucas
341 1050 485 1124 presbyter
499 1050 579 1108 card.
599 1049 640 1105 tit.
671 1048 724 1105 SS.
757 1046 870 1105 loannis
898 1053 927 1105 et

130 1141 369 1304 Ptglatoasfflm
382 1228 529 1301 presbyter
543 1227 691 1286 cardinalis
705 1227 747 1284 tit.
763 1225 855 1282 Sancti
866 1224 927 1282 Ste-

127 1320 210 1394 pbcni
225 1319 251 1375 in
265 1318 348 1376 caelio
363 1319 453 1374 llonte
469 1334 512 1375 ss.

160 1419 222 1491 Ego
235 1419 293 1474 Ano
307 1415 454 1489 presbyter
468 1414 614 1474 cardinalis
629 1413 700 1471 tituli
713 1414 821 1471 Sanotae
845 1415 917 1467 Ana-

125 1509 217 1564 staslae
232 1525 273 1563 ss.

162 1599 222 1674 Ego
248 1595 401 1668 Gregorius
429 1595 562 1652 diaconus
588 1592 734 1651 cardinalis
762 1591 923 1648 Sanctorum

126 1687 218 1760 Sergii
232 1695 260 1744 et
272 1685 372 1743 Bacchi
385 1701 423 1741 ss.

160 1785 222 1861 Ego
234 1784 393 1857 Stephanus
406 1784 537 1840 diaconus
560 1779 706 1837 cardinalis
733 1779 844 1836 Sanctae
870 1778 922 1834 Lu·

125 1876 175 1934 oiae
188 1875 217 1930 in
231 1872 341 1945 Orphea
356 1888 395 1928 ss.

160 1965 220 2037 Ego
230 1961 310 2020 Oddo
319 1961 451 2018 diaconus
460 1956 608 2016 cardinalis
617 1955 646 2014 S.
657 1954 771 2028 Georgii
781 1953 816 2010 ad
825 1954 921 2011 Velurn

123 2053 249 2110 Aureum
264 2068 303 2107 ss.

158 2150 220 2224 Ego
233 2148 323 2206 Guido
337 2147 468 2205 diaconus
480 2141 631 2204 cardinalis
641 2142 802 2200 Sanctorum
813 2138 920 2197 Cosmae

122 2248 151 2300 et
162 2238 288 2297 Danriani
302 2255 346 2295 ss.

154 2330 217 2404 Ego
238 2328 328 2385 Guido
355 2325 488 2384 diaconus
513 2321 661 2381 cardinalis
685 2319 779 2378 Sancti
804 2315 919 2376 lldriani

121 2419 283 2492 subscripsi.

154 2519 217 2593 Ego
230 2516 339 2575 Boetius
353 2515 485 2572 diaconus
499 2508 649 2570 cardinalis
660 2507 751 2564 Sancti
775 2505 829 2563 Viti
852 2506 917 2562 sub·

118 2624 353 2771 8011οἑ801011ιιιι11ιιε
368 2692 503 2750 diaconus
517 2685 667 2747 cardinalis
695 2685 789 2743 Sancti
815 2685 914 2741 Eusta-

44 2838 48 2848 .
121 2786 174 2844 obii
190 2802 231 2841 ss.

154 2874 254 2930 Datum
269 2871 340 2929 Pisis
355 2886 405 2943 per
417 2883 528 2924 manum
542 2862 685 2938 Apmcrici
699 2870 801 2920 sanctae
815 2863 915 2920 Roma·

118 2980 161 3021 nte
175 2960 307 3020 Ecclesiae
321 2958 429 3016 diaconi
443 2955 600 3023 oardInalis,
626 2963 654 3012 et
674 2952 842 3022 cancellarii,
872 2968 913 3009 vu

981 432 1042 474 mus
1058 437 1064 474 :
1080 419 1110 472 ln
1125 417 1184 489 Ipsa
1199 418 1264 474 villa
1278 419 1445 479 tunsettensi
1460 422 1594 480 ecclesias
1607 423 1641 481 S.
1670 422 1778 490 Felicis,

981 507 1010 563 S.
1024 507 1163 563 Michaelis
1173 507 1234 563 etS.
1255 510 1404 565 Saturnini.
1415 511 1445 567 ln
1455 511 1601 568 Biterrensi
1618 510 1781 584 episcopatu

980 595 1125 652 ecclesiam
1140 597 1169 654 S.
1182 597 1295 653 loannis
1309 598 1344 654 de
1357 598 1450 666 Silius,
1461 599 1608 658 eeclesiam
1622 601 1651 658 S.
1664 601 1736 657 Petri
1746 601 1782 658 de

980 685 1145 755 liovinaoco,
1160 686 1308 743 ecclesiam
1323 688 1351 744 S.
1369 689 1474 744 llartini
1491 689 1527 745 dc
1553 689 1665 757 Arena,
1688 690 1780 747 eccle-

978 780 1046 837 siam
1062 781 1090 837 S.
1108 783 1199 840 llariae
1213 783 1249 840 de
1263 783 1406 848 titiniano.
1433 785 1578 842 ecclesiam
1603 784 1632 843 S.
1651 785 1780 843 balmstii

978 872 1013 928 de
1028 872 1174 943 Telnodaa,
1190 873 1334 931 ecelesiam
1350 874 1382 931 S.
1400 874 1550 932 Salvatoris
1564 876 1599 932 de
1623 878 1715 934 Itonos
1737 891 1780 934 ro·

979 960 1073 1029 lunda,
1090 961 1234 1018 ecclesiam
1248 963 1274 1019 S.
1292 963 1407 1030 Nicolai,
1424 964 1572 1022 ecclesiam
1587 965 1616 1023 S.
1640 964 1778 1022 Saturnini

979 1047 1014 1106 de
1027 1049 1183 1119 Ganaonss,
1197 1051 1344 1109 eeclesiam
1360 1053 1379 1110 S
1404 1051 1602 1112 Bartholomtei
1625 1054 1663 1111 de
1687 1058 1778 1112 Arno·

979 1138 1028 1208 sia,
1039 1138 1185 1196 ecclesiam
1201 1140 1231 1198 8.
1245 1141 1347 1197 Jullsni
1362 1142 1397 1198 de
1418 1141 1547 1212 Fellisras,
1572 1142 1720 1201 ecclesiam
1748 1144 1777 1201 S.

978 1234 1050 1292 Petri
1064 1236 1099 1293 de
1113 1236 1301 1312 Dranstlnilag,
1313 1237 1457 1296 ecclesiam
1469 1238 1497 1296 S.
1514 1239 1606 1297 Marias
1627 1240 1662 1297 de
1685 1241 1777 1309 ltniss,

978 1325 1123 1384 ecclesiam
1139 1326 1168 1383 8.
1184 1325 1315 1400 Stephani
1327 1327 1361 1385 de
1372 1327 1472 1397 biano,
1492 1328 1638 1386 ecclesiam
1656 1329 1686 1388 8.
1705 1330 1777 1388 Uricl

978 1414 1012 1471 do
1026 1416 1116 1483 bezet,
1132 1415 1276 1472 ecclesiam
1292 1416 1320 1473 S.
1336 1416 1428 1474 llariae
1450 1419 1487 1474 de
1509 1418 1664 1493 Frangolis,
1690 1420 1778 1477 eccle·

977 1504 1047 1561 siam
1062 1505 1091 1562 S.
1107 1505 1178 1562 Petri
1193 1506 1228 1562 de
1243 1506 1368 1573 bruculo,
1393 1506 1537 1564 ecclesiam
1563 1507 1595 1564 S.
1625 1507 1776 1566 Salvatoris

976 1594 1012 1651 de
1028 1593 1123 1660 Podio,
1140 1594 1286 1652 ecclesiam
1302 1596 1331 1652 S.
1346 1595 1479 1653 Suasnnoe
1490 1597 1525 1653 de
1539 1598 1655 1654 Barnac.
1676 1598 1706 1654 In
1721 1597 1776 1655 llu-

934 1684 961 1746 B
976 1691 1081 1749 tenensi
1096 1693 1254 1765 episcopatu
1271 1691 1415 1751 ecclesiam
1429 1692 1461 1750 S.
1478 1692 1584 1750 Martini
1601 1694 1635 1751 de
1661 1695 1773 1763 Cansls,

975 1781 1122 1839 ecclesiam
1135 1782 1163 1838 S.
1181 1781 1280 1838 Iuliani
1295 1782 1330 1839 de
1344 1783 1483 1850 lloleiras,
1499 1783 1645 1841 eeclesiam
1657 1784 1686 1841 S.
1696 1783 1774 1841 Chri·

976 1870 1097 1944 stopbori
1112 1871 1146 1927 de
1161 1872 1268 1940 Druria,
1295 1871 1439 1929 ecelesiam
1463 1872 1495 1930 S.
1526 1872 1616 1930 llarire
1644 1873 1678 1929 de
1700 1872 1774 1929 'lan-

975 1961 1058 2017 riaco.
1074 1964 1105 2016 In
1117 1961 1268 2033 Agathcnsi
1280 1960 1440 2034 episcopatu
1455 1961 1601 2019 ecelesiam
1627 1962 1657 2020 8.
1682 1962 1774 2019 Itane

974 2051 1008 2107 de
1022 2050 1175 2117 Nataliono,
1191 2050 1339 2108 ecclesiam
1354 2050 1383 2107 S.
1399 2050 1509 2108 eecttie
1529 2051 1564 2107 de
1587 2051 1718 2123 Lopisno.
1743 2052 1774 2107 ln

973 2140 1129 2213 episcopatu
1144 2139 1289 2197 lutevensi
1303 2140 1451 2198 ecclesiam
1473 2140 1501 2197 S.
1527 2140 1620 2197 llariae
1641 2140 1676 2197 de
1703 2141 1771 2197 Prn-

973 2243 1049 2293 neto.
1068 2235 1195 2292 Decimus
1212 2252 1279 2293 sane
1293 2243 1320 2293 et
1333 2236 1472 2308 alisiana,
1488 2252 1550 2310 quae
1562 2252 1650 2310 usque
1664 2237 1700 2293 ad
1711 2236 1772 2295 baec

973 2333 1098 2398 tempora
1128 2324 1218 2398 quiete
1245 2339 1278 2383 ac
1305 2324 1428 2398 legitime
1456 2325 1593 2394 tenuistis,
1632 2325 1720 2384 libere
1746 2334 1773 2383 et

972 2415 1077 2488 absque
1098 2413 1213 2484 alicuius
1240 2412 1456 2471 contradictione
1484 2414 1564 2471 vobis
1589 2414 1715 2471 habenda
1744 2422 1772 2471 et

970 2504 1138 2579 possidenda
1152 2512 1285 2576 perpetuo
1295 2505 1361 2575 jure
1375 2503 1553 2561 concedimus
1567 2512 1594 2560 et
1617 2502 1768 2571 firmamus,

971 2600 999 2650 et
1012 2603 1041 2649 ut
1054 2606 1143 2664 neque
1156 2594 1192 2649 ab
1206 2592 1348 2666 episcopo,
1365 2609 1455 2667 neque
1470 2594 1505 2650 ab
1534 2593 1589 2651 alio
1616 2608 1702 2666 super
1728 2593 1770 2649 his

971 2682 1097 2755 quaelibet
1111 2682 1190 2739 robis
1217 2681 1372 2739 imminutio
1399 2690 1445 2739 aut
1465 2683 1594 2740 violentia
1622 2683 1767 2749 inseratur,

969 2772 1119 2844 apostolica
1133 2771 1293 2828 auctoritate
1307 2773 1457 2829 sancimus.
1487 2772 1615 2830 Obennta
1644 2785 1714 2828 vcro
1742 2779 1770 2830 te

969 2877 1041 2919 nunc
1056 2860 1179 2933 eiusdem
1195 2861 1248 2919 loci
1262 2861 1370 2928 abbate,
1386 2863 1429 2918 uel
1444 2870 1552 2919 tuorum
1572 2861 1694 2935 quolibet
1707 2878 1769 2920 suc·

968 2975 1119 3029 cesscmm,
1135 2959 1227 3016 nullus
1242 2958 1309 3016 inibi
1323 2957 1446 3033 qualibet
1460 2959 1646 3032 subreptionis
1664 2960 1767 3018 astutia

117 3052 183 3111 Idus
196 3051 278 3119 Junii,
294 3050 441 3106 indictione
467 3046 574 3103 decima
603 3053 680 3101 tertia
707 3042 774 3117 [leg.
807 3041 915 3099 decima
930 3049 953 3114 c
968 3067 1017 3106 seu
1032 3050 1160 3106 violanda
1174 3058 1360 3122 praeponatur,
1377 3048 1429 3104 nisi
1451 3065 1531 3123 quem
1556 3048 1655 3106 iratres
1683 3065 1769 3108 oom-

117 3141 235 3217 quartal,
253 3139 447 3197 incarnationis
462 3136 612 3193 bominice
627 3149 700 3191 anno
715 3136 795 3200 1136,
820 3131 913 3203 ponti-

117 3230 215 3292 boatus
229 3246 299 3288 aero
314 3227 408 3286 domni
420 3225 573 3283 innocentii
588 3224 613 3280 ll
628 3238 706 3296 pepae
720 3236 796 3278 anno
810 3235 858 3278 ιιι.

427 3323 601 3382 CLXXXIII.

276 3426 359 3483 Bullc
372 3439 422 3497 pro
437 3422 550 3480 cbbctic
564 3418 751 3478 Juncettenri.

357 3521 447 3592 (Anno
463 3522 542 3586 ttao,
557 3518 620 3574 Jun.
637 3516 676 3580 8.)

258 3619 347 3694 [cett.
368 3617 471 3676 curtes.
489 3616 533 3687 Vl,
548 3615 673 3671 lustrum.
692 3613 770 3686 Its]

149 3720 344 3778 Iurtocnurtus
368 3715 525 3787 opiscopus,
553 3728 652 3769 servus
679 3726 821 3769 sertorum
848 3709 910 3780 Dei,

114 3811 214 3868 dilecto
229 3806 284 3863 lilio
303 3807 480 3861 Bannataro
496 3803 588 3858 abbati
602 3800 760 3858 monasterii
779 3801 814 3855 B.
837 3798 911 3856 Petri

106 3896 296 3957 tuneeltansts
308 3897 423 3966 ejusque
437 3893 644 3950 successoribus
658 3890 824 3966 regulariter
845 3891 910 3946 sub·

114 3985 258 4047 stituendis
272 3984 300 4040 in
315 3992 487 4056 perpetuum.

148 4086 220 4143 Cum
234 4082 365 4141 omnibus
380 4080 512 4138 lioclesiis
522 4087 550 4135 et
564 4078 758 4136 ecclesiasticis
783 4077 909 4151 personis

113 4175 253 4234 debitores
267 4189 301 4230 ex
314 4172 437 4242 iujuncto
450 4168 530 4225 nobis
545 4169 632 4226 aDeo
642 4169 809 4239 apostolatus
818 4165 909 4224 ollioio

113 4264 272 4329 existamus,
288 4261 340 4316 illis
355 4268 446 4315 tamen
460 4257 633 4330 propensiori
647 4273 712 4313 cura
733 4271 784 4313 nos
807 4271 908 4313 conre-

111 4352 151 4409 nit
165 4351 317 4418 imminere,
333 4365 393 4421 quae
407 4347 500 4416 adjus
514 4346 547 4400 B.
566 4345 638 4401 Petri
651 4345 797 4417 speoIaIius
820 4346 908 4417 perti·

111 4456 179 4497 nere
193 4445 352 4496 noscuntur.
369 4435 550 4507 Quapropter,
565 4434 664 4491 dilecte
680 4433 708 4489 iu
728 4433 846 4490 Domino
869 4432 908 4490 lili

110 4526 261 4599 berengari
275 4525 370 4589 abbas,
385 4523 439 4579 tuis
449 4523 530 4593 iustis
543 4522 773 4595 postulationibus
785 4523 908 4580 clemen·

111 4624 154 4676 ter
168 4615 323 4681 annuimus,
338 4622 367 4669 et
390 4611 564 4668 Iunccllense
588 4611 661 4667 beati
689 4611 762 4669 Petri
790 4613 908 4684 apostoli

109 4705 307 4766 monasterium
322 4702 357 4759 ad
371 4700 527 4772 exemplum
541 4701 773 4772 predecessorum
792 4713 906 4760 nostro·

970 3140 1044 3196 muni
1057 3154 1194 3197 consensu
1209 3138 1251 3197 vel
1268 3153 1331 3210 pars
1345 3138 1452 3196 consilii
1467 3137 1595 3205 sanioris,
1617 3138 1769 3196 secundum

968 3228 1019 3287 Dei
1033 3229 1161 3286 timorem
1173 3236 1200 3285 et
1209 3228 1239 3283 B.
1252 3228 1390 3285 Benedicti
1402 3227 1535 3303 llegultm
1547 3228 1584 3285 de
1597 3228 1693 3285 eadem
1702 3242 1769 3286 oon·

968 3318 1140 3393 gregatione,
1157 3317 1181 3373 si
1196 3318 1312 3375 idoneus
1331 3317 1459 3375 inventus
1482 3316 1575 3384 luerit,
1598 3317 1769 3389 providerint

969 3406 1132 3480 eligendum.
1150 3406 1230 3478 Quod
1244 3407 1268 3463 si
1279 3406 1308 3464 in
1323 3408 1421 3464 eodem
1441 3406 1566 3465 coenobio
1589 3422 1709 3480 persons
1731 3406 1768 3464 ad

967 3505 1020 3562 boo
1035 3505 1157 3577 regimen
1169 3504 1378 3578 exsequendum
1393 3503 1560 3562 conveniens
1574 3503 1689 3561 inveniri
1710 3518 1767 3563 non

966 3595 1098 3667 potuerit,
1114 3595 1194 3652 liceat
1206 3593 1344 3667 pretinm
1360 3595 1489 3650 tratribus
1503 3592 1538 3650 de
1557 3592 1610 3651 alio
1624 3602 1766 3652 monaste-

965 3682 1007 3740 rio
1020 3683 1071 3739 sibi
1081 3684 1208 3740 abbatem
1220 3683 1332 3753 eligere.
1344 3683 1455 3739 Electus
1469 3693 1589 3740 autema
1608 3683 1766 3741 ditecessno

966 3783 1142 3830 consueretur
1156 3773 1298 3845 episcopo,
1313 3772 1337 3828 si
1351 3772 1461 3845 quidem
1477 3773 1528 3829 boc
1549 3772 1638 3843 ipsum
1661 3772 1766 3846 absque

964 3863 1099 3935 pravitate
1110 3870 1137 3918 et
1147 3861 1290 3918 exactione
1299 3860 1516 3933 aliquasoluerit
1524 3861 1675 3927 exhibere:
1697 3852 1768 3919 ‘alio-

966 3951 1030 4024 quin
1045 3951 1223 4018 catholicum,
1240 3966 1324 4022 quern
1338 3949 1500 4017 malueritis,
1526 3949 1632 4006 adeatis
1654 3950 1766 4007 antisti·

965 4055 1030 4111 tem,
1047 4048 1092 4123 qui
1107 4044 1233 4103 nlmirum
1249 4048 1332 4104 tultus
1346 4048 1508 4104 anctoritate
1533 4047 1608 4104 sedis
1627 4048 1764 4120 spostoli-

964 4152 1014 4208 ιω,
1031 4138 1103 4211 quod
1119 4137 1271 4209 postulatur
1293 4136 1445 4211 indulgeat.
1474 4136 1533 4194 lloc
1560 4152 1670 4210 quoque
1695 4153 1766 4209 praa·

964 4226 1033 4282 senti
1050 4226 1169 4298 capitulo
1191 4226 1319 4282 duximus
1338 4226 1505 4292 addendum,
1521 4233 1551 4281 ut
1563 4227 1651 4297 Ipsum
1665 4241 1763 4284 mona·

964 4315 1089 4383 sterium,
1106 4323 1133 4372 et
1146 4315 1272 4384 abbates,
1288 4315 1332 4371 rel
1348 4315 1475 4372 monacbi
1488 4315 1523 4370 sb
1546 4314 1620 4372 omni
1648 4315 1763 4373 saecula-

921 4413 948 4477 ῃ
962 4404 1001 4460 ris
1013 4404 1118 4462 servitii
1130 4405 1184 4460 sint
1197 4403 1372 4461 inleststione
1397 4403 1497 4472 securi,
1515 4405 1646 4478 omnique
1663 4418 1763 4477 grara-

964 4493 1036 4550 mina
1050 4494 1197 4550 mundaum
1210 4493 1399 4566 oppressionis
1414 4493 1521 4562 remoti,
1539 4493 1568 4550 in
1581 4501 1674 4550 sanos
1697 4510 1763 4551 oon·

962 4591 1120 4648 versatione
1142 4600 1169 4647 et
1190 4590 1333 4663 religionis
1357 4590 1534 4648 observantia
1556 4591 1673 4648 Domino
1696 4608 1760 4649 ser-

961 4679 1078 4737 vientes.
1094 4679 1174 4751 Quod
1188 4679 1212 4735 si
1226 4679 1325 4753 aliquis
1340 4681 1540 4752 cpiscoporum,
1556 4696 1605 4736 seu
1628 4680 1760 4754 quaelibet

107 4814 170 4856 rum
185 4793 314 4869 Gregorii
329 4791 376 4848 tlt
391 4798 417 4849 at
433 4791 571 4847 Psscbslis
585 4791 608 4845 ll
623 4789 777 4848 recolendae
798 4807 906 4849 memo·
961 4767 1337 4870 0101111010011100111111110
1351 4784 1468 4870 11011001
1487 4771 1681 4826 0100111011οΜ
1706 4785 1759 4828 10·

109 4889 159 4944 riae
174 4887 360 4943 Romanorum
374 4879 542 4953 pontificum,
572 4879 622 4935 sub
648 4879 805 4951 apostolicae
831 4883 905 4937 sedis
958 4861 1516 4960 11101111111101101111101101111111110
1544 4861 1756 4932 1111111111111·

108 4976 194 5033 tutela
208 4983 234 5030 ot
249 4972 416 5046 proiectione
430 4970 606 5042 suscipimus,
622 4979 649 5026 et
670 4971 813 5041 praesentis
833 4971 905 5029 scri·
959 4947 1086 5005 1001101
1106 4950 1204 5005 1111101
1232 4949 1356 5039 0111111011
1384 4947 1438 5004 1001
1463 4948 1552 5049 110011
1578 4951 1758 5051 1100001111

108 5064 149 5140 9„
165 5063 264 5134 min,
279 5059 487 5127 ,ommunimug
504 5067 655 5118 „memes
671 5069 699 5115 nt
726 5076 905 5134 qmscunque
959 5037 1054 5093 sedern
1069 5037 1219 5109 appellent.
1236 5038 1308 5096 Nulli
1320 5048 1508 5112 crgoomntno
1518 5038 1657 5093 bominum
1668 5039 1710 5094 las
1723 5048 1758 5097 stt

106 5149 576 5226 possessionesquaecunquebons
604 5149 679 5204 idem
706 5159 903 5208 monasrefflm
958 5133 1389 5207 praelatumcoenobiumtemera
1416 5136 1589 5208 perturbare,
1619 5142 1665 5192 aut
1692 5137 1756 5209 ejus

104 5238 351 5313 impresentiarum
363 5237 438 5309 juste
452 5246 478 5293 et
500 5238 621 5311 legitime
644 5239 775 5310 possidet,
802 5249 848 5296 aut
875 5242 904 5298 in
957 5230 1151 5301 1108111310118
1165 5229 1284 5297 auterre,
1300 5229 1344 5287 101
1358 5230 1465 5286 8118118
1472 5230 1600 5296 relinere·
1616 5231 1754 5302 minum»

104 5329 229 5389 luturunr
244 5325 424 5382 concessione
438 5326 604 5397 pontificum,
622 5327 781 5385 lioorslitate
804 5346 902 5404 regum
955 5332 1002 5382 aut
1013 5326 1075 5383 aliis
1089 5326 1157 5383 locis
1172 5328 1248 5400 quasi
1263 5328 1317 5399 piis
1338 5326 1373 5385 dc
1399 5326 1491 5384 causis
1513 5327 1680 5397 concedere,
1704 5329 1755 5388 sod

102 5419 148 5479 rel
162 5416 326 5491 principum,
342 5413 480 5471 oblatione
495 5413 626 5487 bdelium,
655 5433 705 5474 seu
732 5419 795 5476 aliis
818 5420 901 5491 justis
955 5419 1047 5474 omnia
1061 5418 1170 5493 integre
1198 5427 1395 5476 conserventur
1421 5435 1527 5488 eorum,
1556 5434 1608 5493 pro
1635 5436 1753 5494 quorum

102 5506 195 5567 modis
210 5512 356 5580 prestante
371 5503 487 5560 Domino
500 5505 601 5576 poterit
614 5505 737 5579 adipisci,
753 5506 828 5566 lirma
852 5511 900 5568 tibi
953 5507 1152 5582 gnbematIona
1167 5515 1195 5565 et
1207 5509 1407 5568 sustentatione
1421 5524 1554 5568 concessa
1568 5516 1641 5582 sunt,
1656 5508 1753 5568 usibus

100 5598 211 5674 tuisque
225 5592 431 5654 successoribus
446 5602 473 5651 et
484 5592 586 5651 illibata
600 5600 899 5674 permancantinqui-
952 5606 1117 5669 omnimodis
1130 5607 1282 5683 protutura.
1296 5608 1339 5667 ld
1353 5607 1486 5670 indicium
1500 5617 1592 5670 sutem
1608 5617 1750 5686 percepta
