3750 6000
90 261 160 325 rate
356 259 469 323 aasre
488 211 613 323 neuun
631 259 838 328 mesenus.
858 284 893 310 κ
906 259 978 322 urs.
995 260 1048 321 ur.
1069 282 1105 305 -·
1123 257 1171 321 ott
1188 256 1272 323 scr.
1295 255 1456 319 naemu.
1672 250 1743 314 tsts

89 384 142 454 ris,
158 399 224 443 cave
239 401 272 443 ne
287 383 398 441 ulterius
410 382 462 442 bec
476 397 520 439 me
534 381 634 454 itioris
657 397 799 458 expungas
822 384 889 455 (id).
904 388 933 451 Α
948 397 1021 457 saepe
1053 380 1132 447 risit;
1152 380 1187 438 ds
1200 379 1277 450 cujus
1302 378 1449 437 verborum
1474 377 1633 434 certitudine
1660 373 1743 432 dubi·

89 474 222 532 Dominus
236 489 314 530 maus
327 473 407 529 lesus
421 471 489 543 (tt).
513 470 653 543 speciosus
670 471 717 529 ille
738 486 796 544 prm
825 470 889 529 filiis
941 479 1043 529 tentem
1058 469 1147 527 omnis
1155 470 1267 543 Europa
1275 467 1409 536 confutet,
1418 482 1479 538 qum
1489 465 1629 539 religionis
1638 463 1743 523 Clunia·

90 560 242 631 hominum,
273 560 497 636 postulationibus
525 560 593 616 mais
618 559 759 617 visibiliter
773 560 888 625 astabat,
943 560 1033 617 censis
1048 575 1193 615 numerum
1209 574 1260 631 per
1275 573 1338 614 eum
1360 563 1563 630 augmentatum
1578 569 1633 609 non
1647 555 1742 610 nescii.

88 651 235 708 intendens
249 650 338 718 dictis,
354 659 381 705 et
399 650 504 706 serenis
529 648 624 705 larena
638 649 743 713 oeulis;
762 651 820 717 sed,
837 658 889 705 ture
977 657 1067 729 paee,
1083 655 1239 712 ,tingendi-0
1253 670 1320 727 sigo
1333 654 1472 718 deiungit),
1500 651 1632 707 sumit
1653 649 1742 706 mide.

89 739 222 796 orationis
252 739 378 796 addictus
403 737 544 804 violentia,
575 753 621 794 mc
653 737 782 802 deseruit.
804 737 840 793 ad
863 746 890 793 te
943 745 1063 802 amadus
1077 746 1133 816 (sl)
1148 743 1298 816 Gregorius
1315 742 1446 815 septimus
1459 739 1573 811 dictus).
1606 735 1744 809 ilicqaod

89 842 257 887 conversus:
287 835 352 898 puto
379 824 453 898 quod
471 834 500 882 tu
521 826 581 898 ipse
595 841 650 882 uou
663 823 819 883 diffiteberis
830 841 890 883 esea
944 833 989 891 ciii
1003 833 1211 890 mussitaverant
1229 832 1286 903 (aa)
1310 831 1400 902 pelam
1423 829 1527 896 acutii,
1557 826 1745 885 excommuni-

88 934 180 993 genus
194 916 298 989 injuria
313 915 334 971 si
348 914 436 972 emico
448 915 696 987 eripiasauctorem
710 914 806 971 salutis
820 929 887 972 sum.
943 937 1009 979 cens
1022 921 1125 980 electos
1145 919 1191 994 qui
1206 920 1384 977 insecuturae
1405 919 1581 976 ecclesiarum
1598 916 1633 972 da
1662 930 1745 972 manu

90 1005 221 1062 Praeterea
248 1005 415 1078 praenoreris
447 1003 640 1060 mortalitatem
677 1003 830 1073 bominum,
863 1012 890 1062 et
943 1011 1005 1069 isici
1030 1024 1080 1084 per
1110 1009 1242 1066 annulum
1266 1017 1293 1066 at
1313 1007 1441 1066 baculum
1464 1006 1638 1078 acciperent;
1658 1004 1744 1075 445

88 1094 152 1151 hilii
180 1094 245 1151 ¹0⁰⁰
271 1092 413 1149 imminere
437 1091 592 1159 militumi
621 1091 700 1162 ⁰⁰j⁰⁸
727 1094 891 1163 wssiffliiifae
944 1099 1017 1157 unda
1043 1098 1180 1156 liodricus
1207 1099 1357 1169 imperator
1380 1097 1591 1154 Alamannorum
1618 1093 1746 1160 fremens,

87 1182 197 1256 signum
212 1180 311 1252 babeo,
328 1179 401 1253 qued
416 1178 545 1255 angeium
559 1178 670 1237 Domini
698 1197 780 1253 super
805 1181 890 1238 altare
944 1188 1017 1260 quod
1029 1187 1091 1245 sine
1105 1198 1156 1243 aus
1170 1185 1336 1243 conscientia
1357 1185 1458 1243 eiectus
1481 1185 1538 1256 (iit)
1558 1183 1621 1239 ieiia
1638 1193 1745 1254 praesa·

87 1279 203 1327 sentem
218 1269 273 1329 vidi
288 1270 463 1345 erumnarum
486 1268 608 1343 gustum
636 1266 781 1343 stringere,
797 1272 825 1325 ct
837 1271 891 1327 truc
942 1283 1041 1342 meret,
1057 1275 1142 1342 titan,
1157 1274 1200 1347 (ut
1213 1273 1340 1346 prestun
1353 1273 1550 1346 portuensem
1561 1269 1746 1328 amoenans

87 1356 210 1432 titusque
241 1368 340 1417 rosere.
374 1356 483 1415 Futura
515 1355 601 1414 cladis
633 1357 777 1414 notabilius
803 1357 891 1415 habeo
943 1351 1560 1429 decurtarit.outnertctuducto.'ttacmutro
1578 1355 1747 1432 persistunt

88 1445 231 1512 indicium,
256 1444 399 1520 quodiam
424 1447 526 1520 spissus
555 1454 581 1502 et
606 1446 754 1502 nebulosus
768 1461 815 1503 aer
824 1462 891 1519 pro·
945 1470 1017 1526 pepe
1031 1452 1126 1511 morbo
1139 1452 1220 1520 ictus,
1236 1465 1292 1524 quc
1305 1462 1335 1507 se
1349 1451 1507 1506 meriturum
1518 1465 1572 1505 non
1582 1447 1746 1520 ambigerat,

88 1535 208 1593 vinciam
231 1533 311 1592 istam
339 1532 531 1600 circumvolet,
560 1542 589 1590 ut
616 1534 703 1592 vides.
728 1535 892 1592 blaturcmus
945 1549 1155 1615 ingelmerus
1182 1539 1366 1597 cardinalibus
1390 1546 1420 1594 ut
1442 1552 1541 1608 papam
1558 1536 1744 1603 constitueret,

89 1639 159 1699 ergo
173 1621 342 1696 profugium,
358 1622 409 1680 nisi
423 1639 486 1680 cum
501 1622 561 1679 aliis
575 1621 690 1681 velimus
713 1622 806 1680 subire
828 1623 891 1679 exi·
945 1631 1020 1688 besti
1044 1629 1117 1687 Petri
1137 1630 1294 1701 exemplum
1328 1625 1594 1696 selei-entibus,t1ui,
1622 1622 1747 1680 iactantis
1853 1672 1857 1683 .

90 1712 167 1769 filim·
187 1737 198 1762 ⁹
215 1711 264 1769 Ηῑὸ
278 1710 356 1770 dictis
372 1711 538 1770 ῑῦῑῐθθῦΰῑθὸ
553 1710 742 1781 diielffliium·
755 1711 892 1769 idcufflm
907 1733 934 1796 Β
948 1719 1072 1778 acclesiae
1085 1718 1257 1784 rudimentis,
1273 1717 1368 1773 vivens
1386 1715 1552 1772 Cletnentem
1577 1712 1745 1785 pretereat.

88 1802 212 1874 corporis
227 1802 371 1871 assederat
397 1800 583 1872 continuoque
601 1800 718 1873 datibus
746 1800 890 1873 uppusun,
945 1809 1065 1881 negavit
1080 1807 1164 1864 rusie
1179 1822 1208 1863 ss
1228 1807 1286 1876 tes)
1308 1805 1461 1876 exemptum
1490 1798 1747 1874 secerneremur

90 1899 204 1948 exortus
227 1888 255 1945 in
286 1890 369 1947 domo
400 1887 489 1947 tuctus
521 1887 680 1945 ariditatem
711 1889 891 1947 esurientium
946 1897 1105 1967 abantiquo
1122 1894 1246 1953 conciliis
1268 1901 1340 1951 esset
1362 1893 1492 1949 vetitum:
1518 1890 1660 1947 comitiam
1683 1901 1748 1946 rere

88 1978 221 2051 repressit
245 1976 378 2052 siquidem
408 1975 608 2044 untrsetalter,
624 1985 651 2033 et
672 1993 736 2034 mox
769 1978 892 2050 plureee
945 1984 1084 2054 diturum,
1105 1984 1128 2040 si
1151 1983 1252 2041 vellent
1275 1982 1457 2039 neminemid
1479 1980 1570 2036 seculo
1598 1986 1746 2051 potentem,

91 2064 205 2135 lamiiia,
221 2066 334 2123 dubium
350 2083 403 2140 qua
417 2064 537 2139 pernicie
549 2066 771 2138 interceptiiiii),
785 2066 892 2123 animes
945 2074 1079 2148 eligerent
1114 2071 1284 2128 Desiderium
1311 2070 1439 2126 abbatem
1465 2068 1654 2125 cassinensem
1678 2064 1745 2137 (aii),

89 2154 179 2212 subito
193 2156 316 2212 amisere.
333 2154 400 2211 Tum
416 2156 513 2212 eadem
527 2160 606 2227 peste
620 2171 670 2227 per
684 2155 790 2212 vicinas
816 2157 892 2211 redes
947 2164 993 2235 qui
1008 2161 1186 2218 mtuorirerct
1201 2160 1228 2214 in
1243 2168 1367 2230 tempore
1386 2170 1498 2213 numere
1514 2156 1622 2210 uitiari
1645 2154 1747 2210 rietes·

90 2245 374 2319 praesternens
399 2243 481 2299 mulis
508 2238 663 2315 diffugiunt,
692 2242 891 2300 recreationem
945 2252 1011 2307 rtem
1043 2248 1167 2306 Gutoero
1194 2248 1376 2320 intringeram
1409 2246 1452 2301 sm
1482 2243 1694 2301 ecclesiasticum
1719 2246 1749 2298 et

89 2332 142 2391 t'iae
160 2332 275 2389 stimulis
292 2331 395 2388 iimoris
410 2334 454 2403 19)
475 2331 667 2389 deceleidnies.
946 2338 1129 2410 eloquentem,
1145 2336 1303 2408 ”piperem
1316 2335 1474 2406 episcopum
1484 2333 1653 2388 Hogijengem
1670 2329 1747 2388 Odo-

186 2437 222 2477 ΒΕ
237 2434 370 2478 Brtscoro
386 2437 439 2477 enit
455 2435 592 2477 sitio-titii
608 2434 796 2476 tmottttcto·
945 2444 1019 2484 nem.
1037 2428 1076 2482 ita
1090 2425 1157 2482 obiit
1172 2425 1294 2497 airapud
1307 2424 1393 2480 Deum
1408 2422 1499 2479 ieiieis
1514 2421 1620 2494 gratiae,
1636 2427 1664 2476 et
1672 2419 1746 2490 apud

126 2509 217 2584 3263.
235 2510 264 2566 in
279 2510 368 2567 Gallia
396 2509 527 2581 vicepapa
555 2510 612 2580 (20)
636 2509 802 2581 ptaestdettti
823 2524 891 2566 cott-
945 2516 1069 2572 homines
1084 2513 1246 2570 austeritatis
1261 2512 1385 2569 fortassis
1403 2511 1503 2566 nirniae.
1520 2510 1646 2582 Denique
1666 2506 1750 2565 lemur

91 2598 171 2665 cilio;
193 2597 230 2654 ibi
258 2598 351 2671 piures
376 2597 510 2670 episcopi,
538 2597 603 2653 oiim
625 2613 675 2669 per
698 2597 840 2654 simoniam
864 2597 892 2653 in
946 2604 1029 2677 quud,
1060 2603 1131 2660 inter
1149 2617 1213 2659 eum
1234 2609 1263 2656 et
1285 2603 1478 2672 imperatorem
1507 2597 1587 2670 primi
1618 2596 1748 2653 tumultus

91 2686 178 2757 444
203 2686 334 2743 ecelesias
367 2687 521 2752 introducti,
555 2685 706 2758 degradati,
742 2685 893 2757 potioribus
945 2691 1194 2764 rusticissimam
1210 2689 1385 2760 nudipedem,
1405 2686 1640 2759 etiorcipsscum
1656 2685 1748 2756 scopis

92 2773 181 2832 iocum
197 2775 309 2832 dedere.
326 2777 401 2832 Unus
416 2782 474 2831 erat
489 2790 570 2845 quem
585 2771 706 2846 suspicio
722 2774 799 2829 terius
823 2790 892 2846 epo·
945 2788 1107 2853 portantem.
1124 2795 1175 2836 nee
1189 2779 1272 2834 eriam
1288 2777 1391 2834 teribus
1403 2776 1545 2832 admiserit
1555 2774 1747 2839 redanimatus

91 2863 184 2919 siasiae
212 2864 397 2931 insimulabat,
415 2861 462 2919 scd
487 2861 568 2918 nuliis
580 2863 693 2917 testibus
708 2862 796 2936 argui,
813 2862 893 2919 nullis
946 2870 1096 2936 hominem,
1122 2867 1283 2940 sacrilegum
1304 2866 1372 2938 iii),
1389 2871 1416 2922 ei
1428 2864 1524 2921 sororii
1545 2863 1643 2918 incesti
1660 2875 1745 2918 reum.

91 2955 260 3026 argumentis
289 2953 420 3009 corriutari
449 2959 580 3025 poterat:
601 2966 681 3022 quem
702 2964 761 3007 cum
783 2959 892 3023 putares
946 2957 1084 3015 abscessit
1100 2957 1189 3013 Cacsar
1204 2955 1339 3021 exclusus,
1356 2952 1494 3025 repulsum
1509 2952 1581 3009 illam
1597 2951 1748 3006 'muitarum

91 3042 269 3097 constrictum
285 3042 411 3112 maxime,
436 3055 511 3096 more
535 3039 632 3112 anguis
650 3038 745 3096 lubrici
768 3040 892 3112 elapsum
948 3046 1024 3103 necis
1054 3046 1166 3102 caumm'
1198 3050 1360 3116 protestans.
1399 3040 1548 3112 Statimque
1580 3053 1749 3110 quaecunque

92 3130 246 3199 mirareris;
274 3130 309 3185 ite
338 3129 446 3186 dicendi
475 3137 531 3184 arte
552 3125 670 3185 callebat
683 3136 711 3183 ut
723 3143 818 3185 omncs
833 3126 894 3186 eiu·
950 3131 1227 3206 possetincommods
1241 3129 1444 3188 iinmenaesedi
1458 3129 1593 3201 iniligens,
1608 3143 1624 3183 e
1639 3126 1748 3183 divorso

92 3216 510 3274 deret.Teucerclridieconus:
530 3240 539 3263 r
557 3212 652 3271 Cessat
676 3213 816 3272 hominum
837 3216 895 3276 elo·
949 3223 1066 3278 lautores
1087 3236 1167 3292 pepte
1185 3219 1212 3274 in
1237 3219 1407 3292 tyrannidem
1436 3217 1580 3284 excitarim
1610 3214 1750 3286 siquidem
1850 3264 1853 3269 .

93 3306 196 3378 utrium,
214 3305 384 3375 producatur
398 3305 425 3360 in
440 3302 559 3361 medium
587 3301 709 3360 divinum
737 3302 892 3363 oraculum:
948 3310 1097 3367 rebellante
1111 3307 1229 3382 quodam
1245 3307 1371 3373 liedulfo,
1392 3305 1470 3376 jussu
1490 3304 1575 3377 ipsius
1593 3301 1746 3374 apostolici,

91 3395 191 3449 scimus
205 3392 325 3465 proiecto
340 3394 412 3465 quod
427 3392 592 3465 episcopalis
605 3390 698 3466 gratia
713 3391 806 3449 Sancti
830 3394 894 3470 Spi·
949 3399 995 3472 qui
1008 3398 1034 3455 ei
1047 3412 1176 3454 coronam
1189 3397 1277 3468 440
1293 3412 1328 3451 ex
1342 3403 1418 3468 perte
1430 3393 1613 3467 apostulorum
1629 3391 1746 3456 mimrut,

91 3482 157 3537 ritus
171 3497 267 3536 munus
283 3487 341 3536 esi:
362 3489 388 3535 et
399 3481 522 3553 quisquis
541 3481 728 3553 episcopatum
745 3485 893 3552 mercatur,
948 3487 1084 3544 bellorum
1100 3485 1256 3558 tergoribus
1282 3485 1402 3556 undique
1422 3483 1593 3540 conflictatus
1607 3488 1671 3537 est:
1697 3478 1748 3535 scd

93 3568 209 3641 Spiritus
230 3569 321 3625 Sancti
348 3569 450 3625 donum
479 3584 558 3640 possa
591 3570 745 3640 comparari
778 3571 895 3641 pecunia
948 3574 1004 3642 iila,
1021 3590 1130 3645 semper
1145 3574 1265 3628 adversis
1289 3574 1423 3644 superior,
1445 3579 1472 3626 et
1496 3571 1568 3626 ilium
1591 3577 1619 3624 et
1638 3576 1750 3624 caeteros

91 3659 229 3730 opinetur.
246 3658 343 3714 Coram
368 3659 446 3712 nobis
480 3673 558 3730 ergo,
593 3658 639 3728 qui
668 3656 770 3727 judicio
802 3658 895 3717 Sancti
949 3662 1073 3732 improbe
1093 3671 1265 3734 assurgentes
1293 3663 1403 3716 tandem
1431 3660 1575 3730 oppressit.
1609 3660 1750 3712 Postremo

91 3747 210 3820 Spiritus
225 3747 387 3820 congregati
402 3763 506 3814 sunrus,
522 3745 595 3801 dicat
606 3744 666 3812 iste,
681 3768 692 3794 a
706 3745 801 3802 Gloria
810 3748 893 3818 Patri,
948 3767 1003 3809 non
1026 3751 1139 3806 aliorum
1155 3751 1267 3822 impetu,
1294 3749 1341 3806 seri
1362 3748 1512 3804 domestico
1535 3746 1582 3802 iiiii
1605 3746 1663 3817 (dd)
1685 3744 1748 3801 odio

93 3844 120 3906 et
135 3835 219 3901 Filio,
236 3845 262 3890 et
282 3836 391 3907 Spiritui
408 3834 507 3891 Sancto
525 3852 558 3897 ;r
585 3834 657 3906 quod
681 3834 705 3890 si
720 3851 853 3904 expirasse
867 3845 896 3894 et
948 3849 1071 3896 extrusus
1087 3838 1214 3910 imperio,
1240 3836 1423 3892 miserabilem
1444 3837 1506 3892 vitae
1530 3834 1673 3891 terminum
1694 3835 1749 3888 lra-

94 3926 153 3981 sine
169 3924 308 3979 titubantia
324 3924 432 3990 diret-ii,
449 3921 582 3980 constabit
596 3922 667 3995 apud
682 3938 725 3979 me
749 3938 803 3979 non
817 3923 893 3982 ilium
949 3930 1016 3985 buit.
1032 3926 1170 3985 Successit
1182 3925 1367 3982 Hildebreudo
1383 3924 1537 3980 Desiderius
1547 3926 1592 3989 (Α.
1607 3924 1641 3978 D.
1655 3922 1746 3992 tosa),

94 4013 234 4079 venaliter,
253 4013 300 4068 sed
316 4012 446 4086 legitime,
458 4010 603 4083 praesulatu
620 4008 774 4068 iunctum.»
794 4010 893 4071 Libens
949 4017 1039 4075 Victor
1053 4014 1221 4087 appeliatum
1236 4015 1285 4072 sed
1299 4015 1335 4071 sd
1350 4014 1464 4086 primam
1480 4012 1600 4068 missam.
1612 4012 1746 4067 incertum

94 4104 166 4157 hano
191 4101 376 4157 conditionem
404 4100 449 4155 iiie
477 4102 591 4172 aceepit,
623 4098 688 4154 niirii
707 4100 796 4156 minus
810 4118 892 4175 quam
946 4121 1000 4179 quo
1014 4105 1178 4172 discrimine,
1198 4101 1576 4167 ceciditexanimatue,ooiice
1589 4101 1621 4170 isi
1634 4101 1746 4170 iignum

95 4189 346 4245 irorumt·crborrtrn
358 4187 543 4246 rlilircuituiem
554 4196 640 4258 ratus,
653 4195 761 4246 sicarie
775 4213 785 4237 r
799 4188 893 4247 Gloria
946 4204 987 4251 ast
1001 4193 1121 4263 cretiana)
1149 4206 1256 4249 veneno
1278 4190 1389 4248 iniecto.
1407 4190 1481 4246 Tune
1500 4190 1525 4243 iu
1550 4189 1674 4244 Odorem
1693 4184 1745 4242 de·

94 4277 180 4345 Petri,
196 4284 223 4331 et
238 4274 305 4341 Filo,
321 4300 330 4325 t
359 4277 464 4349 integra
492 4275 613 4348 protulit,
641 4274 689 4332 aad
718 4275 745 4332 in
763 4299 774 4326 r
792 4275 892 4349 Spiritu
945 4281 1054 4340 alluerit
1072 4279 1184 4337 eiectio:
1200 4279 1222 4336 is
1241 4279 1354 4336 natione
1368 4276 1474 4344 Gallus,
1496 4276 1612 4348 primum
1632 4274 1745 4331 liemon·

94 4365 195 4422 Sancto
208 4388 218 4412 n
237 4364 323 4420 iroeeit.
349 4363 483 4420 suscitato
497 4371 656 4421 cunctorum
676 4362 799 4436 strepitu,
815 4363 892 4423 nulio
946 4368 983 4428 sis
996 4366 1211 4437 archidiaconus,
1225 4365 1288 4423 inde
1303 4365 1378 4440 prior
1401 4361 1587 4423 cluniacensis
1604 4361 1660 4436 (di)
1680 4373 1745 4417 mox

93 4458 202 4521 conatu,
220 4452 262 4508 vei
278 4461 341 4508 turre
356 4451 398 4509 rei
414 4451 441 4507 in
455 4451 516 4510 rite
531 4449 636 4524 reliquo
649 4450 746 4525 spatio,
762 4450 891 4524 Spiritum
904 4447 932 4513 D
945 4457 1087 4531 epiecopus
1114 4453 1226 4525 lioetie,
1255 4452 1350 4512 ultimo
1384 4466 1456 4525 pape
1488 4450 1592 4520 Roma,
1622 4449 1745 4506 Urbanus

94 4539 220 4598 Sanctum
236 4540 378 4598 nominare
391 4539 488 4611 potuit.
505 4539 589 4610 ilujus
602 4538 726 4596 miraculi
745 4540 821 4596 testis
843 4539 894 4597 tuit
947 4551 1056 4602 uocatus
1070 4543 1161 4613 esi(d.
1178 4543 1212 4599 li.
1229 4539 1322 4606 rotat

94 4628 178 4685 abbae
203 4644 276 4701 saepe
300 4630 465 4698 nominatus,
489 4628 545 4698 qui,
568 4626 704 4697 dejectum
734 4628 892 4700 episcopum
982 4632 1073 4705 giiii.
1090 4631 1225 4686 Hactenus
1240 4627 1438 4702 circumvagari
1453 4626 1567 4692 licuerit,
1584 4624 1648 4681 dum
1664 4639 1744 4681 ocea-

94 4718 213 4789 perloca
246 4733 337 4771 secum
368 4716 480 4782 ducens,
510 4715 582 4770 iliius
606 4715 644 4771 rei
679 4715 893 4786 experimentum
946 4720 1173 4790 sionegestorum
1189 4716 1324 4775 Wiilelmi
1339 4717 1464 4790 quaedem
1476 4712 1668 4772 succurrebant
1686 4727 1746 4783 qua

130 4923 186 4990 (itt)
201 4921 362 4995 &lividat-
379 4936 405 4975 ⁸·
422 4938 447 4977 θ·
463 4919 491 4975 il·
504 4937 529 4974 θ·
546 4920 576 4984 ln
593 4936 629 4975 Μ
649 4936 747 4992 opnor,
764 4937 788 4976 ⁸·
977 4929 1035 4998 ise)
1052 4924 1135 4982 illttm
1149 4923 1219 4980 nudi
1240 4924 1397 4989 secernere,
1414 4915 1690 4987 ObservatSitttrpius
1703 4913 1746 4970 itis

129 4995 189 5060 (Π)
202 4994 292 5056 lesui.
310 5008 335 5048 t·
352 5009 376 5048 θ·
392 4993 421 5046 d·
439 5008 466 5047 e·
486 4992 517 5058 ln
529 4936 764 5074 lulliginum,
780 5008 806 5049 t·
947 4988 1031 5065 signis
1052 4996 1173 5051 innuisse
1191 4940 1398 5049 submissionem
1409 4989 1610 5073 omnimodum·
1624 4986 1745 5057 nuliique

128 5068 185 5135 titi
200 5064 363 5135 interrepti,
380 5079 407 5117 a.
427 5079 454 5116 c.
470 5062 500 5116 d.
515 5078 543 5116 e.
558 5061 595 5128 i.,
610 5064 786 5142 interempti,
803 5081 825 5119 s.
947 5080 1003 5123 non
1015 5075 1141 5151 paratum
1157 5065 1328 5136 suscipiendo
1345 5070 1509 5134 prirnrteutrre
1519 5074 1622 5184 generi.
1635 5056 1744 5113 Exaom·

127 5137 173 5273 ἕω
204 5135 331 5201 i'imoris,
344 5150 368 5187 a.
385 5150 406 5187 s.
424 5148 448 5190 c.
466 5133 496 5186 d.
516 5136 573 5188 ed.
590 5131 619 5196 i.,
637 5139 713 5195 omri,
730 5139 760 5188 tn
776 5150 790 5187 e
808 5138 836 5190 l.
947 5136 1074 5193 manicati
1097 5138 1243 5209 aliquando
1268 5135 1361 5190 lunam
1391 5134 1460 5188 cirea
1484 5146 1517 5186 co
1531 5134 1584 5183 inm
1610 5127 1743 5196 terebant,

140 5149 186 5275 *ili
208 5206 350 5276 Vicepapu,
368 5220 392 5260 θ·
410 5221 437 5258 ⁰·
458 5204 618 5275 vicepapa,
636 5217 660 5259 a·
677 5218 698 5258 t·
717 5203 744 5257 si·
761 5205 781 5258 l·
948 5205 1187 5280 aiiurrendeettam
1210 5203 1391 5261 tondebantur
1408 5216 1451 5257 arrt
1470 5201 1553 5272 virgis
1571 5199 1745 5255 cedebantur

140 5277 186 5343 ai)
216 5275 366 5345 Gregorius
389 5275 526 5347 reprimas
548 5277 650 5329 dictes.
678 5274 786 5332 Electus
804 5278 893 5331 caiti
948 5279 1103 5351 priusquam
1134 5276 1330 5331 absolutionem
1351 5273 1510 5344 reciperent.
1540 5268 1607 5323 i'irle
1629 5270 1741 5341 dasaeg.

90 5343 178 5417 April.
196 5346 265 5400 ‘luto
278 5352 304 5399 el
319 5345 435 5401 caritati
450 5344 511 5398 binii
531 5343 606 5399 tosti.
948 5350 1026 5417 prat.
1042 5349 1069 5402 in
1084 5346 1231 5410 Cenisittm,
1245 5359 1291 5417 pp.
1308 5344 1352 5407 eti,
1369 5346 1412 5399 70.

138 5415 184 5488 di)
199 5412 440 5481 Musaitnrerertt,
453 5429 477 5470 a.
491 5429 513 5469 c.
527 5413 554 5468 d.
568 5427 582 5471 e
594 5415 624 5481 i.,
637 5413 859 5482 iarrrttormmrt,
869 5429 890 5466 s.
983 5419 1039 5489 (at)
1057 5415 1245 5487 Sacrilegum,
1264 5429 1288 5467 e.
1301 5430 1323 5469 s.
1339 5430 1363 5471 c.
1374 5430 1398 5465 a.
1411 5413 1440 5476 i.,
1452 5410 1618 5480 irretierunt
1632 5411 1663 5461 ai
1674 5408 1744 5477 seraa

141 5489 173 5540 dd
199 5487 321 5553 Electus,
339 5501 361 5540 c.
379 5486 409 5541 d.
426 5501 450 5538 e.
469 5487 486 5548 i.
503 5486 591 5541 omitt.
607 5486 633 5536 tn
649 5498 673 5535 a.
689 5499 711 5536 s.
947 5482 1031 5544 lotar
1056 5486 1083 5543 d.

127 5490 187 5695 ,dii
202 5556 231 5612 id
246 5571 284 5622 se,
300 5571 326 5611 c.
343 5556 370 5609 d.
388 5568 413 5610 e.
430 5553 461 5624 i.,
478 5552 562 5620 idem,
577 5566 603 5607 a.
618 5567 640 5607 e.
994 5556 1028 5611 sd
1056 5553 1131 5621 lilii,
1149 5566 1174 5609 e.
1190 5566 1214 5605 o.
1229 5549 1257 5604 d.
1274 5567 1299 5605 e.
1316 5549 1498 5675 [μανψ.
1520 5564 1541 5603 a.

140 5629 185 5693 stit
200 5625 405 5683 cassinensem.
420 5635 445 5680 a.
462 5637 485 5677 e.
502 5621 529 5676 d.
545 5636 570 5675 e.
589 5621 620 5686 i.,
637 5620 852 5691 dorcestrensem,
865 5636 890 5679 c.
993 5623 1027 5687 ii
1052 5623 1348 5690 discusserimus.
1373 5620 1430 5677 ai.
1448 5612 1753 5707 i.,ortrrt‘cemsirms,
