3750 6000
88 281 118 334 ,3
780 241 1052 313 rnounnourtta.
1266 206 1269 215 ’
1487 216 1489 220 ’
1711 250 1744 312 st

88 408 157 455 stare
172 395 361 470 presumpsit.
381 391 499 450 Sublatis
513 396 601 444 autem
629 384 765 450 omnibns,
786 359 826 436 ad*
839 397 892 449 pa·
907 382 933 441 A
948 386 1017 433 statu
1032 377 1159 432 Ecclesiae
1170 383 1249 444 atque
1262 374 1369 446 imperii
1383 374 1486 429 habuit.
1511 375 1651 433 arscessat
1664 377 1746 451 igitar

92 488 254 544 biarchiam
287 487 376 540 Beatae
402 480 493 536 ttariae
507 479 547 546 (8)
567 476 687 543 accessit,
702 481 728 529 et
753 470 894 526 ecclesiam

90 588 178 658 ipsam
213 585 300 639 multo
333 581 438 651 majore
457 580 580 632 thesauro
612 573 723 627 ditatam
744 567 895 639 exspoliare

91 683 271 738 nibilominus
286 678 435 735 attentavit.
453 674 493 729 nd
522 673 588 728 alias
607 677 737 741 preterea
750 665 829 723 Urbis
847 679 895 718 ec·

93 773 188 826 clesias
199 786 300 824 manus
314 766 472 830 extendens,
488 759 617 831 quidquid
645 758 673 811 in
697 757 735 810 eis
749 754 895 824 pretiosum

94 860 207 925 invenit,
224 857 351 913 similiter
364 854 453 924 rapuit
480 860 506 905 et
520 847 677 920 asportavit.
706 843 817 899 Talibus
831 855 896 912 ergo

95 974 125 1012 ac-
151 957 235 1010 tantis
263 954 399 1009 mercibus
432 948 551 1018 undique
577 947 617 1009 (tlt
637 944 746 1006 ditatus,
764 939 896 1008 majorem

96 1045 198 1100 renatis
214 1044 295 1100 Urbis
305 1050 408 1113 partem
424 1052 515 1093 emere
528 1034 628 1089 studuit
649 1044 825 1098 corrumpens
841 1042 897 1081 ma·

94 1131 176 1199 iores,
194 1136 222 1183 et
236 1127 355 1182 minores
370 1124 539 1195 opprimens.
572 1119 675 1189 Vulgus
689 1115 770 1171 etiam
796 1112 833 1167 ita
846 1109 898 1165 sibi

98 1216 233 1282 astrinxit,
269 1223 297 1268 ut
328 1221 428 1284 praeter
455 1211 673 1281 Frangepanum,
700 1212 728 1260 et
753 1201 898 1279 Cursorem

98 1306 262 1361 munitiones
288 1317 359 1374 pape
373 1299 545 1357 innocentius
558 1295 661 1351 nullum
675 1294 702 1347 in
718 1291 790 1348 Urbe
808 1289 899 1344 subsi-

99 1396 171 1449 dium
186 1393 312 1449 babenet.
328 1390 396 1447 Cum
411 1388 494 1462 igitur
512 1384 632 1458 pontifex
647 1384 704 1454 ipso
732 1379 850 1447 undique
863 1377 899 1430 ita

99 1492 168 1539 esset
195 1481 334 1544 obsessas,
354 1487 384 1533 ut
410 1491 491 1532 nemo
519 1473 553 1529 ad
568 1473 627 1544 ejus
646 1471 815 1542 praesentiam
842 1465 899 1519 sine

101 1581 220 1654 periculo
249 1581 313 1635 ritae
347 1583 438 1647 posset
467 1571 605 1636 accedere,
639 1567 781 1623 consilium
809 1562 902 1619 habuit

101 1669 218 1725 exeundi
244 1667 328 1734 Urbe,
357 1673 383 1720 ct
402 1659 556 1719 transeundi
574 1659 609 1714 ad
627 1664 716 1727 partes
734 1653 896 1709 Galliarum.

948 482 1040 538 regem
1056 464 1188 537 pontifex,
1201 472 1227 518 et
1241 479 1291 532 per
1305 471 1424 518 montem
1434 462 1565 519 Burdenis
1579 465 1606 518 iu
1621 466 1743 523 Tusciam

949 555 1090 617 transiens
1118 568 1241 607 reversus
1263 560 1302 606 est
1327 552 1409 617 Pisas,
1440 551 1486 607 ubi
1513 555 1667 609 convocatis
1703 555 1746 612 fa·

949 641 1107 708 auensibus,
1124 652 1149 695 et
1163 640 1277 712 receptis
1292 640 1326 697 ab
1340 647 1452 710 utraque
1471 640 1577 696 civitate
1591 640 1747 700 sufficienti·

948 739 1000 793 bus
1011 738 1181 808 juramentis,
1198 737 1268 808 quod
1284 736 1318 792 de
1331 754 1429 809 guerra
1443 755 1503 807 quae
1515 738 1585 793 inter
1599 738 1671 811 ipsas
1684 741 1748 797 civi·
1818 791 1822 808 ,

950 836 1018 882 tates
1050 827 1189 893 excitatur,
1214 841 1264 881 sno
1282 825 1411 881 deberent
1437 834 1508 881 stare
1535 826 1592 880 sine
1611 829 1749 886 conbadi-

950 917 1039 971 ctione
1070 914 1208 982 mandato,
1242 914 1370 985 precepit
1398 914 1534 984 utriusque
1556 924 1583 970 nt
1602 932 1696 987 pacem
1717 917 1752 975 de

951 1012 1048 1059 caetero
1081 1005 1149 1059 inter
1172 1020 1200 1057 se
1232 1000 1336 1058 firmam
1367 1011 1487 1057 acuerent
1519 1012 1544 1058 et
1569 1005 1745 1061 custodirent.

951 1100 1097 1156 attendens
1111 1115 1176 1171 ergo
1191 1099 1286 1154 beatus
1300 1098 1423 1168 pontifex
1444 1097 1552 1154 filialem
1568 1100 1750 1173 devotionem,

952 1196 979 1244 et
992 1189 1108 1260 plurinra
1123 1195 1274 1259 opportuna
1288 1186 1418 1257 obsequia
1437 1188 1536 1258 quein
1552 1190 1642 1245 multis
1656 1191 1751 1248 Eccle-

952 1278 1000 1334 siae
1020 1275 1221 1333 necessitatibus
1238 1276 1372 1347 praedictae
1399 1276 1521 1331 civitates
1534 1277 1662 1334 Romanis
1680 1294 1752 1351 pon-

954 1364 1068 1421 tificibus
1082 1364 1166 1437 gratis
1179 1364 1368 1432 extimuerunt,
1389 1371 1415 1418 et
1430 1381 1476 1420 eas
1494 1366 1626 1421 bonorare
1640 1367 1752 1440 dignum

954 1464 1039 1530 duxit,
1056 1470 1082 1518 et
1108 1461 1218 1532 speciali
1233 1461 1411 1532 praemgativa
1429 1461 1556 1517 exaltare.
1573 1464 1612 1519 De
1626 1473 1752 1520 consueta

954 1552 1036 1625 igitur
1050 1550 1286 1622 apostolicaesedis
1314 1550 1472 1606 liberalitate
1497 1552 1640 1622 primatum
1657 1552 1753 1609 Eccle-

954 1641 1002 1695 siae
1017 1640 1119 1694 Pisanae
1134 1639 1263 1693 noncessit
1292 1654 1373 1708 super
1395 1637 1527 1693 Sardiniae
1547 1640 1672 1708 insulam,
1691 1639 1754 1695 sub

102 1758 230 1815 Agendi,
257 1755 365 1828 &305ss
380 1748 659 1823 duabusgapeigcum
675 1729 1051 1799 omnibusfmpj.ssjicions
1080 1727 1105 1783 ci
1135 1726 1357 1797 Populonienscnr
1379 1727 1535 1798 episcopum
1568 1734 1595 1783 et
1614 1732 1666 1783 tres
1687 1729 1755 1785 alios

104 1850 152 1903 bus
181 1847 229 1917 qui
249 1860 343 1900 secum
371 1847 510 1903 steterant,
532 1843 628 1909 praeter
654 1830 808 1889 Conrndum
828 1827 905 1884 Sabi-

105 1952 217 1991 nensem
232 1934 402 2005 episcopum,
413 1945 491 1999 quem
508 1925 636 1981 vicarium
652 1922 680 1976 iu
693 1920 765 1977 Urbe
775 1918 882 1987 reliquit
898 1930 905 1986 ;

107 2043 131 2089 et
145 2034 267 2089 faucium
296 2029 400 2085 Tiberis
413 2024 568 2082 difficultate
598 2030 751 2076 transcensa
765 2017 799 2072 ad
813 2014 906 2071 cirita-

107 2133 158 2180 tem
175 2122 301 2177 Pisonem
318 2135 379 2174 cum
393 2114 570 2187 prosperitate
583 2109 700 2166 Domino
721 2114 830 2163 auctore
844 2118 907 2175 per-

109 2213 193 2267 venit.
229 2209 327 2278 ibique
341 2204 497 2275 aliquandiu
524 2217 627 2256 moram
653 2198 763 2260 furiens,
779 2195 813 2249 de
831 2191 909 2265 gravi

108 2315 205 2373 guerra
234 2296 380 2368 quainter
407 2293 518 2348 Pisanos
533 2296 559 2344 et
585 2291 732 2343 fanuenses
746 2282 907 2356 agitabatur,

110 2388 215 2443 innam
230 2395 353 2457 treguam
370 2381 486 2437 Domino
497 2384 658 2449 cooperante
669 2372 830 2443 composuit.
846 2369 910 2439 Qni-

111 2477 161 2532 bus
173 2477 224 2530 rite
238 2472 356 2546 peractis
369 2471 466 2525 iterum
482 2483 557 2522 mare
571 2464 689 2533 intravit,
699 2471 725 2518 et
739 2477 788 2531 pcr
797 2459 909 2515 Janunm

112 2576 250 2637 cansiens,
266 2570 339 2644 apud
371 2569 498 2626 Sanctum
528 2564 660 2637 AEgidiunr
676 2576 804 2634 prospere
820 2557 910 2630 appli-

112 2664 190 2718 cavit.
219 2659 372 2717 Procedens
386 2664 476 2712 autem
505 2671 553 2726 per
567 2652 703 2708 Vivarium
732 2657 758 2703 et
777 2646 910 2707 Anicium,

114 2751 243 2807 alvernie.
264 2747 331 2803 fines
349 2745 467 2812 intrarit,
498 2751 525 2798 ct
538 2741 608 2813 apud
637 2740 837 2794 Clammontcm
852 2733 910 2803 pri-

114 2857 185 2894 mum
201 2837 347 2893 concilium
362 2834 520 2890 solemniter
547 2827 693 2886 celebravit
709 2842 715 2895 ;
731 2824 822 2893 ibique
835 2838 911 2876 reco-

115 2937 165 3007 ptis
179 2935 281 2990 nuntiis
298 2931 416 2988 bethurii
445 2927 602 2985 Theotonici
629 2925 710 2997 regis,
738 2929 764 2977 et
778 2917 913 2989 dispositis

114 3026 173 3080 aliis
199 3041 262 3094 quae
279 3022 313 3077 ad
332 3021 460 3076 Ecclesiae
487 3025 583 3072 statum
602 3021 723 3087 spectare
743 3009 910 3074 videbantur,

116 3116 165 3169 iter
177 3129 257 3167 suum
272 3127 365 3166 rersus
380 3115 470 3180 partes
497 3105 617 3162 Francia·
644 3100 754 3157 direxit.
779 3096 854 3155 Unde
873 3080 956 3150 fn-C

117 3220 187 3266 ctum
203 3209 329 3279 estquod
355 3207 507 3262 Ludovicus
520 3219 567 3259 rex
594 3202 757 3257 Francorum
772 3195 843 3266 apud
858 3198 915 3248 du-

118 3301 259 3363 relianum,
271 3305 297 3351 et
308 3296 438 3350 Henricus
452 3310 500 3348 rex
520 3291 668 3361 anglorum
689 3285 760 3356 apud
772 3286 915 3339 Carnotnm

119 3387 243 3442 eumdem
259 3400 358 3456 papam
371 3382 555 3439 Innocentium
585 3395 646 3434 cum
661 3375 749 3449 gloria
776 3380 801 3428 ot
816 3375 918 3427 bonore

121 3477 208 3531 debito
236 3480 424 3544 susceperunt.
453 3467 626 3525 Postmodum
642 3481 706 3522 roro
732 3464 759 3517 in
774 3460 917 3518 Lotltnrin·

121 3572 192 3645 mam
207 3571 349 3627 transitum
376 3568 440 3623 fecit
454 3574 479 3622 et
493 3566 517 3621 ei
546 3564 616 3637 apud
632 3561 761 3618 Leodium
778 3558 920 3632 praedictus

123 3678 169 3716 rex
183 3659 400 3715 terinaneum
420 3654 555 3729 episcopis
582 3661 608 3707 ct
622 3652 681 3707 aliis
709 3649 784 3722 regni
800 3649 919 3704 Theolo-

124 3751 173 3805 nici
188 3748 306 3820 prelatis
324 3744 461 3801 occurrit:
492 3742 581 3812 ibique
597 3748 656 3813 post
680 3737 828 3811 jucundam
845 3750 921 3790 rece-

126 3849 243 3919 ptionem
258 3843 343 3915 ipsius
371 3839 505 3914 pontificis
529 3855 575 3896 rex
590 3839 649 3909 ipse
676 3853 736 3893 cum
757 3831 923 3906 principibus

125 3945 177 3999 sais
189 3941 304 3999 consilio
320 3939 412 3995 lrsbito
436 3935 635 4007 expeditionem
664 3932 698 3989 ad
719 3931 820 3989 Urbem
832 3929 923 4000 jurare

127 4033 196 4100 iecit,
226 4039 254 4087 ot
279 4028 406 4085 eumdem
435 4023 588 4099 pontificem
608 4025 636 4079 in
663 4020 781 4079 seeundo
799 4032 871 4076 anno
890 4014 924 4072 ad

128 4122 216 4179 wem
230 4119 305 4176 beati
321 4117 388 4172 Petri
402 4114 531 4172 reducere
544 4112 699 4186 spopondit.
715 4111 789 4167 Tunc
803 4106 924 4180 pontifex

960 1827 1101 1898 episcopos
1127 1823 1259 1879 ininsula
1283 1823 1407 1888 Corsicae,
1427 1823 1591 1879 aleriensem
1619 1825 1754 1895 videlicet,

959 1918 1121 1970 anetensem
1138 1952 1394 1967 ...............
1427 1911 1586 1967 Januensem
1612 1929 1676 1970 rero
1695 1915 1755 1986 epi-

959 2018 1071 2074 scopum
1099 2017 1115 2056 a
1143 1999 1311 2070 subjectione
1337 1999 1543 2055 Mediolanensis
1562 2001 1757 2075 archiepiscopi

961 2089 1150 2161 emancipavit,
1166 2097 1193 2144 et
1219 2088 1364 2160 specialem
1379 2088 1412 2142 de
1437 2102 1506 2143 novo
1520 2090 1674 2160 apostalicae
1688 2091 1759 2148 sedis

961 2186 1197 2256 metropolitanum
1226 2185 1371 2248 constituit,
1405 2185 1446 2239 eui
1471 2185 1630 2242 Bobiensem
1650 2188 1759 2259 episco-

963 2291 1037 2347 pum,
1058 2281 1084 2328 ot
1102 2273 1307 2327 pruniacensem
1323 2272 1460 2338 abbatem,
1481 2290 1560 2342 quem
1583 2276 1683 2331 creavit
1702 2277 1759 2349 epi·

961 2379 1084 2434 scopum,
1100 2361 1210 2417 obedire
1225 2360 1365 2432 precepit.
1385 2362 1416 2415 ln
1439 2359 1533 2415 eadem
1554 2377 1661 2432 qnoque
1674 2363 1760 2419 insula

963 2451 1081 2509 Corsicae
1096 2459 1148 2505 tres
1162 2450 1304 2521 episcopos
1322 2449 1496 2504 nihilominus
1510 2449 1534 2504 ei
1548 2451 1689 2507 coacessit.

999 2576 1082 2630 Porro
1094 2573 1158 2629 dum
1179 2576 1236 2629 boec
1250 2581 1403 2646 agerentur,
1423 2590 1472 2629 rex
1491 2574 1631 2630 Lotlrarius
1659 2576 1686 2629 in
1704 2576 1761 2630 Tu·

963 2665 1047 2721 sciam
1063 2664 1145 2731 venit,
1159 2670 1186 2718 et
1200 2662 1272 2734 apud
1286 2662 1464 2717 Calcinariam
1478 2661 1505 2716 ia
1522 2663 1654 2719 territorio
1665 2663 1762 2720 Pisano

964 2770 1026 2809 curn
1042 2753 1138 2809 eodem
1154 2767 1225 2822 papa
1239 2750 1403 2820 colloquium
1419 2750 1514 2805 iterum
1530 2750 1633 2808 habuit.
1648 2753 1765 2809 Concor-

965 2850 1059 2906 dantes
1085 2850 1166 2919 igitur
1184 2857 1212 2903 ut
1240 2847 1273 2902 ad
1289 2846 1388 2904 Urbem
1416 2847 1544 2904 festinam
1558 2849 1697 2918 deberent,
1716 2867 1765 2906 rex

965 2955 1014 3010 per
1039 2946 1147 2993 stratam
1173 2936 1317 3008 publicam,
1336 2943 1363 2991 et
1386 2935 1507 3007 pontifex
1526 2953 1575 3009 per
1592 2937 1764 3006 maritimam,

965 3044 1048 3098 usqam
1065 3026 1211 3082 viterbium
1226 3033 1425 3097 processerunt.
1458 3028 1552 3096 ltaque
1566 3027 1665 3096 pariter
1683 3028 1767 3083 collo·

971 3124 1082 3186 quantes
1097 3121 1297 3186 processsemat
1323 3112 1433 3168 insimul
1447 3130 1497 3183 per
1523 3112 1627 3184 Ortum,
1643 3123 1671 3170 et
1684 3114 1766 3171 Sabi-

969 3231 1062 3282 neuse,
1078 3223 1105 3269 et
1119 3209 1245 3269 Farfense
1266 3212 1427 3268 territorium
1444 3228 1450 3281 ;
1482 3222 1508 3269 et
1522 3214 1769 3284 appropinquantes

971 3305 1064 3360 itamar
1075 3303 1154 3373 juxta
1168 3302 1309 3357 ecclesiam
1326 3302 1432 3357 Sanctae
1460 3301 1571 3374 Agnetis
1590 3302 1770 3359 cnsanmemt

971 3402 1042 3449 suut.
1058 3392 1269 3449 Occurrentibus
1282 3398 1371 3446 autern
1387 3391 1425 3446 eis
1439 3389 1595 3447 Theobaldo
1609 3390 1689 3448 Urbis
1702 3407 1771 3464 pres·

974 3482 1053 3551 fecto,
1065 3498 1096 3537 ae
1111 3482 1189 3537 Petro
1204 3479 1335 3548 Lenonis,
1351 3495 1412 3536 cum
1428 3478 1488 3535 aliis
1517 3478 1653 3536 nobilibus
1667 3481 1770 3538 Rorna-

973 3584 1024 3647 nis,
1060 3588 1086 3635 et
1117 3576 1334 3648 transtiberinis,
1369 3579 1536 3636 intraverunt
1568 3578 1673 3635 flamen
1701 3594 1772 3636 auno

975 3670 1082 3726 Domini
1099 3670 1177 3724 llssf.
1195 3668 1227 3722 Et
1254 3667 1377 3740 pontifex
1391 3667 1499 3738 quidem
1523 3668 1551 3722 in
1578 3669 1677 3736 palatio
1691 3669 1773 3724 Late·

975 3759 1080 3815 rancnsi
1096 3757 1254 3829 hospitatur,
1271 3765 1297 3813 ct
1311 3773 1358 3811 rex
1372 3756 1512 3812 lotharius
1535 3757 1564 3810 in
1578 3757 1667 3812 bioute
1681 3759 1773 3814 Areu-

976 3856 1032 3910 tino
1060 3853 1174 3909 tentoria
1203 3852 1275 3908 lixit.
1310 3853 1385 3908 Tunc
1403 3853 1492 3908 Pisani
1525 3861 1552 3908 et
1569 3854 1717 3910 innuenses
1747 3856 1775 3911 in

977 3943 1107 4000 auxilium
1123 3957 1200 4013 pape
1220 3940 1367 3996 innocentii
1388 3957 1450 3995 cum
1470 3942 1558 3998 navali
1577 3943 1696 4000 exercitu
1716 3943 1774 4000 llo·

977 4049 1051 4088 mam
1066 4030 1212 4097 venientes,
1228 4029 1363 4084 civitatem
1382 4035 1512 4097 veterem,
1542 4032 1634 4086 turrim
1661 4031 1696 4087 de
1711 4031 1775 4087 Pul·

979 4121 1082 4192 rerejo,
1098 4126 1123 4174 et
1143 4125 1226 4174 totam
1239 4117 1428 4172 lllarmoratam
1443 4116 1533 4172 eidem
1565 4118 1685 4187 pontifici
1708 4118 1776 4174 sub-

130 4220 162 4274 ad
176 4234 293 4292 regnum
309 4215 429 4271 anciae
455 4213 543 4278 rediit,
569 4220 595 4267 ct
612 4209 732 4284 generali
751 4206 865 4265 concilio
891 4203 925 4260 tle
977 4211 1119 4282 jugarent.
1139 4207 1288 4262 Coronatus
1302 4213 1341 4261 est
1355 4211 1444 4261 autem
1460 4204 1532 4261 idem
1551 4221 1599 4260 rea
1612 4206 1641 4261 iu
1656 4207 1777 4279 impera-

132 4310 248 4380 quinqne
263 4304 356 4378 reguis
371 4309 520 4358 convocato
533 4299 636 4367 flemis,
652 4297 788 4353 mediante
800 4294 926 4365 Quadra·
981 4308 1066 4355 torem
1095 4300 1243 4368 Augustam
1272 4295 1306 4349 ab
1336 4293 1431 4349 eodem
1459 4293 1585 4366 pontifice
1611 4295 1639 4350 iu
1666 4295 1780 4354 ecclesia

132 4393 388 4493 fffiifflassfflfflfiaffl
399 4381 929 4463 Umidumoelssbfflvlf·0uib¹1⁸0¹ll¹⁰fi⁵
982 4393 1164 4462 Lateraneusi,
1186 4408 1206 4446 u
1218 4394 1310 4448 Nonas
1334 4392 1427 4456 Junii;
1449 4401 1475 4448 et
1492 4391 1589 4448 exinde
1608 4393 1642 4448 ad
1661 4402 1780 4450 montem

134 4487 165 4542 ad
179 4482 389 4582 Urbisrcdrtum
416 4479 583 4543 Ssstfsslssxif.
613 4485 640 4532 θῑ
654 4475 785 4531 Ulsssiens
799 4489 847 4546 Per
862 4472 928 4528 3⁸¹¹·
941 4457 968 4518 D
983 4484 1145 4543 aventinum
1169 4482 1292 4551 utrinque
1311 4496 1372 4536 cum
1386 4480 1487 4551 gaudio
1516 4481 1615 4554 pariter
1627 4482 1775 4538 redierunt.

136 4584 202 4631 clam
216 4572 366 4646 AEgidrnm,
381 4577 408 4625 θῑ
422 4585 471 4642 Per
493 4569 610 4624 M⁰¹¹²⁰¹1¹
625 4565 728 4634 Jfssuoer
756 4562 824 4618 fines
846 4564 929 4618 1*οΜ-
984 4575 1025 4631 Eo
1039 4581 1129 4630 autem
1144 4579 1265 4642 tempore
1279 4569 1398 4625 maxims
1412 4585 1474 4638 pars
1487 4568 1617 4626 lfomanae
1632 4571 1705 4626 urbis
1719 4587 1782 4627 oon·

137 4673 234 4729 bardiae
249 4669 368 4735 intrarit,
392 4675 472 4738 atque
487 4665 559 4738 apud
573 4667 665 4720 Astam
692 4661 861 4719 solemnitate
874 4659 932 4715 lle·

139 4759 308 4818 surrectionis
323 4757 473 4814 flaminicae
499 4754 643 4821 celebrata,
659 4753 732 4808 venit
754 4750 931 4818 Placentiam,

139 4850 226 4921 ibique
254 4844 427 4919 congregatis
454 4843 587 4914 episcopis
615 4848 641 4897 et
668 4840 727 4896 eliis
755 4838 934 4898 Ecclesiarum

141 4946 266 5020 praelatis,
282 4953 337 5001 tam
352 4942 387 4998 de
401 4939 564 4997 tombamtn
579 4955 660 5010 quam
688 4938 721 4994 de
735 4936 934 4993 llat'eanatensi

139 5037 287 5110 provincia,
312 5041 339 5089 et
365 5029 500 5087 inferioris
527 5028 652 5084 biarchiae
677 5026 806 5096 partibus,
829 5026 934 5081 tertiam

140 5127 282 5183 concilium
297 5120 455 5179 celebrarit.

175 5227 280 5280 Interea
292 5237 340 5276 rex
355 5216 507 5282 bothanias,
527 5215 593 5270 sieut
616 5214 784 5284 promisemt,
812 5214 840 5267 in
855 5213 937 5268 Lom-

142 5313 261 5370 bartliam
279 5326 341 5366 cum
361 5306 482 5363 exercitu
504 5304 585 5369 venit,
615 5311 642 5358 et
669 5304 697 5357 iu
725 5302 859 5357 lloncaliis
876 5317 937 5356 cum

143 5403 235 5459 eodem
254 5415 325 5471 papa
344 5405 371 5453 et
390 5392 550 5451 bombardis
568 5391 693 5465 generale
717 5390 881 5460 colloquium
905 5389 939 5444 de

179 5568 216 5627 itt
235 5563 273 5617 il.
304 5559 372 5633 legit
391 5559 419 5612 iu
449 5554 572 5625 nrargine
590 5552 687 5608 coelem
706 5553 859 5607 charactere
878 5552 941 5607 scri-

144 5661 220 5726 ptum
237 5672 243 5707 :
265 5651 326 5709 tuti
341 5649 438 5706 dicere
453 5643 609 5699 Ecclesium
626 5644 654 5698 a.
672 5642 709 5698 ff.
728 5642 762 5698 de
778 5642 854 5699 Urbe.

986 4685 1064 4728 versa
1092 4676 1131 4725 est
1163 4667 1196 4723 nd
1217 4667 1403 4723 Innocentium
1436 4682 1546 4738 papam,
1580 4675 1606 4723 et
1624 4668 1695 4724 vires
1715 4669 1784 4724 Petri

987 4759 1085 4817 Leonis
1111 4757 1190 4815 ratde
1217 4765 1278 4811 snnt
1313 4756 1433 4810 minntae.
1463 4752 1533 4823 Quia
1562 4770 1625 4811 vern
1661 4756 1784 4812 estivam

987 4863 1084 4905 cauma
1100 4853 1161 4901 tune
1175 4844 1342 4908 imminebat,
1356 4851 1383 4898 et
1392 4842 1506 4897 Romani
1516 4845 1585 4898 aeris
1599 4842 1785 4914 intemperiem

990 4942 1128 5003 Teutonici
1160 4959 1213 4999 non
1246 4942 1352 4997 modice
1384 4938 1575 5006 formidabant,
1595 4939 1731 5010 dispositis
1759 4943 1785 4998 in

993 5036 1065 5092 Urbe
1094 5034 1126 5087 iis
1145 5047 1204 5101 qnae
1224 5029 1371 5085 necessaria
1391 5027 1553 5083 videbantur
1569 5026 1694 5086 fidelibus
1711 5030 1787 5099 ejus-

992 5125 1053 5179 dem
1069 5118 1212 5192 pontificis,
1228 5119 1373 5189 imperator
1387 5115 1422 5171 ad
1446 5117 1555 5187 propria
1577 5117 1665 5188 rediit,
1681 5126 1708 5175 et
1720 5134 1788 5189 pon·

993 5213 1057 5268 tifex
1092 5211 1186 5264 iterum
1221 5207 1255 5262 ad
1287 5206 1424 5262 civitatem
1451 5205 1575 5260 Pisanum
1603 5213 1712 5263 auctore
1735 5208 1789 5264 Do-

992 5302 1066 5357 mino
1082 5296 1221 5354 remearit.
1249 5296 1290 5351 Eo
1310 5303 1399 5350 autem
1428 5310 1498 5350 anno
1513 5294 1540 5348 iu
1563 5295 1660 5365 majori
1677 5295 1790 5353 ecclesis

992 5391 1099 5455 Pisana,
1114 5386 1268 5444 convocatis
1282 5384 1406 5440 omnibus
1431 5383 1607 5440 Ecclesiamm
1623 5384 1741 5457 pretatis
1756 5385 1790 5443 de

1031 5554 1069 5621 (a)
1084 5552 1128 5620 a,
1144 5548 1250 5619 inique.
