3750 6000
90 205 168 267 resa
490 201 541 262 nn
561 196 827 271 aurtoutraru
848 196 1159 264 ouasrorrunsta
1181 198 1401 267 acunusta,
1557 174 1560 179 ’
1721 212 1815 279 resa

89 340 245 409 dictorum,
262 354 326 414 que
340 336 559 412 proposuimus,
574 333 767 409 plurimorum
784 331 907 391 vencia-
924 332 1104 405 lateran
1120 331 1222 395 nuttta
1232 334 1388 409 discipulis
1413 338 1548 412 Patricio,
1573 342 1719 415 indracto,
1735 344 1794 403 Be·

89 431 232 486 simorum
247 427 401 486 bominum
415 443 467 500 pro
482 440 620 484 successu
635 419 910 484 annorumiulciuot
964 420 1065 495 aiano,
1096 438 1163 484 cum
1187 424 1249 483 suis
1277 425 1377 494 sociis,
1404 428 1490 485 (tilde
1517 431 1659 503 sapiente,
1687 436 1789 491 sancto

90 517 265 576 testimonis.
964 511 1056 571 llavld
1074 513 1253 582 Menevense,
1276 516 1306 572 et
1330 515 1408 583 aliis,
1431 533 1504 589 quos
1521 521 1697 581 venerabilis
1718 521 1789 581 ttea

283 609 321 665 tta
333 609 427 664 scnels
440 602 563 662 Paulino
578 604 713 676 episcopo.
964 600 1088 659 retertur
1113 600 1184 661 illuc
1199 607 1344 677 portasse,
1360 605 1516 664 selendum
1527 610 1604 679 quod
1620 610 1681 668 illic
1702 626 1789 673 vese-

123 697 179 754 Sed
196 704 227 754 ut
238 697 274 754 ad
287 696 468 770 propositum
479 694 607 766 redeam,
621 690 843 751 senctiPatricii
854 707 909 749 ns·
964 688 1035 749 citer
1050 689 1187 751 dicuntur
1211 691 1394 764 requiescere
1412 699 1531 754 sanctus
1559 697 1697 759 Paulinus
1715 699 1789 761 Nor·

88 786 271 858 licitaeque
283 783 528 843 annuDomlnice
540 780 753 841 incarnationis
769 781 820 839 cot
843 779 908 850 luit,
964 779 1203 839 ibenimbrorum
1232 780 1482 856 arcniaptaacpua,
1502 786 1559 844 duo
1584 786 1788 849 innocentes·

89 876 243 935 aduectum
259 875 336 935 beati
355 872 511 949 Augustini
525 873 556 930 in
571 871 753 929 Britanniam
774 870 909 928 ducentis
965 868 1214 945 piorerattdgaro
1225 869 1657 947 deBethleemiliuetranslsti,
1668 882 1788 938 sauctus

88 965 209 1038 triginta
223 981 274 1022 ses
292 963 377 1021 annis
400 962 560 1038 precessit.
584 962 674 1033 Culus
692 958 909 1034 predicationis
965 962 1135 1021 numianus
1161 958 1246 1021 Peter
1261 960 1445 1033 rosselione,
1462 963 1546 1035 cujus
1561 965 1786 1027 translationem

88 1055 317 1117 commilitonem
333 1053 500 1126 Paulinum,
516 1067 551 1109 ex
565 1049 783 1124 archiepiscopo
801 1049 910 1107 Ebora·
965 1048 1157 1108 acantnaria
1185 1049 1222 1107 ad
1246 1048 1432 1109 Glastonism
1461 1053 1688 1127 subjungemus.
1712 1056 1786 1115 item

89 1144 170 1203 censi
184 1143 335 1201 liniensem
351 1140 532 1217 episcopum,
547 1140 652 1198 asserit
675 1142 792 1215 patrum
816 1137 909 1197 tradi·
965 1142 1084 1199 mactus
1098 1139 1207 1199 ldsnus
1221 1139 1389 1213 episcopus,
1407 1145 1436 1200 et
1449 1150 1567 1203 sanctus
1583 1144 1706 1205 Uitauus
1721 1147 1789 1221 epl·
1830 1182 1833 1201 .

89 1233 142 1303 tio,
158 1232 283 1295 ecclesie
298 1235 467 1293 contextum
495 1228 620 1301 dudum,
635 1233 669 1287 ut
683 1227 823 1301 diximus,
852 1228 910 1283 vir·
964 1243 1082 1301 scopus,
1098 1228 1188 1286 irater
1201 1227 1279 1290 besti
1301 1229 1413 1298 Fursei,
1433 1232 1517 1304 cuius
1543 1239 1624 1307 gesta
1655 1237 1788 1294 miranda

89 1338 152 1397 geu,
169 1322 265 1397 ligneo
279 1319 412 1379 tabulatu
426 1319 567 1386 induisse,
582 1322 612 1376 et
627 1317 748 1394 plumbo
761 1334 778 1374 s
792 1331 910 1375 summo
964 1317 1113 1390 leguntur.
1142 1316 1203 1378 tttia
1221 1320 1250 1375 et
1277 1326 1399 1379 concion
1427 1319 1508 1379 lltnit
1532 1321 1608 1380 inter
1634 1322 1789 1382 Wslenees

89 1427 184 1486 usque
192 1411 328 1469 deorsum
339 1409 534 1484 cooperuisse.
545 1407 611 1481 Egit
622 1405 911 1481 nimirumprasdica·
965 1406 1193 1475 intensissimus,
1216 1410 1245 1464 et
1263 1414 1384 1467 sanctus
1400 1408 1523 1469 Basilius
1537 1410 1568 1468 in
1583 1415 1667 1470 etate
1686 1417 1789 1473 tenere

89 1499 158 1560 bilia
172 1501 226 1561 viri
253 1498 383 1568 solertis,
398 1503 430 1558 ut
445 1497 518 1556 nihil
543 1496 695 1556 decederet
709 1495 868 1567 sanctitati,
884 1502 912 1551 et
965 1497 1190 1570 martyrisatus:
1221 1495 1291 1555 item
1317 1496 1447 1570 reliquie
1462 1499 1557 1560 asueti
1576 1500 1686 1560 Urbani
1701 1518 1785 1577 pape

89 1588 251 1664 plurimum
267 1586 418 1649 accederet
437 1586 562 1647 ornatui.
578 1586 615 1645 tat
638 1589 714 1647 certe
734 1582 910 1644 euleteccle·
965 1591 994 1647 et
1008 1584 1157 1659 metipsis,
1182 1600 1251 1647 ossa
1279 1584 1372 1645 uncti
1386 1587 1534 1647 anastasii
1549 1591 1696 1663 martyris,
1719 1606 1787 1650 osse

89 1679 201 1741 siarum
226 1680 324 1738 cultus
339 1677 487 1749 augustior
502 1675 648 1749 quaelibet
673 1674 773 1732 brutas
797 1678 910 1733 mentes
926 1639 951 1713 Β
965 1673 1059 1737 saneti
1074 1671 1191 1735 Gessrii
1213 1673 1360 1745 marteris,
1379 1689 1447 1737 csse
1461 1676 1556 1736 sancti
1571 1677 1693 1751 Beulgni
1708 1695 1788 1737 mar·

88 1769 125 1828 ed
140 1768 285 1829 orandum
309 1767 431 1836 illicere,
443 1765 607 1840 quemlibet
618 1763 850 1826 cervicositatem
874 1764 910 1823 ed
966 1764 1048 1839 tyris,
1078 1779 1147 1825 osse
1175 1762 1270 1821 sancti
1298 1761 1405 1822 Melani
1433 1763 1562 1839 episcopi
1590 1770 1620 1824 st
1640 1767 1788 1840 martyris.

89 1857 318 1934 supplicandum
334 1857 493 1915 inflectere.
966 1851 1010 1913 lbi
1038 1852 1127 1912 etiam
1147 1851 1305 1923 requiescit
1333 1856 1437 1912 sancia
1464 1852 1594 1913 lialtleda
1617 1855 1728 1929 regius¹
1757 1860 1787 1914 et

173 1948 211 2005 lls
224 1947 410 2005 transtatione
424 1943 545 2004 indracti
558 1959 591 2000 ur
604 1943 741 2001 sociorum
756 1943 826 2014 eius.
966 1947 1069 2005 saucia
1083 1940 1232 2014 Galrgitba
1258 1940 1352 2014 virgm
1377 1948 1435 2001 tote
1459 1942 1574 2015 integra
1595 1944 1626 2004 in
1645 1960 1732 2003 sarae
1759 1949 1788 2002 et

124 2036 292 2113 Aliquantis
302 2041 400 2095 autem
411 2035 496 2093 annis
507 2034 625 2106 elapsis.
642 2050 694 2107 par
706 2032 801 2092 Yaam
812 2049 911 2108 regem
967 2049 1045 2101 csso,
1057 2031 1135 2092 sicut
1152 2034 1299 2091 testantur
1313 2029 1364 2103 qui
1375 2030 1594 2105 aamvidaruat,
1609 2048 1677 2091 cnm
1692 2033 1788 2094 cilicie

92 2128 321 2184 westsaxonum
338 2123 441 2181 divine
456 2122 576 2183 visionis
590 2127 764 2194 compotem,
776 2121 914 2197 martyris
967 2125 996 2181 et
1010 2138 1093 2183 sacro
1104 2119 1258 2188 solamine,
1275 2135 1333 2179 noc
1345 2121 1527 2193 putrefactis.
1543 2120 1606 2181 litio
1617 2122 1703 2181 etiam
1718 2127 1790 2181 suut

87 2215 256 2276 iudractiet
269 2213 416 2273 sociorum
432 2212 496 2287 ejus
511 2228 631 2284 corpora
645 2210 757 2269 deloco
779 2211 913 2287 martyrii
969 2227 1035 2273 osse
1061 2213 1170 2271 sancte
1185 2209 1309 2272 batildis
1323 2209 1441 2283 msice,
1456 2213 1486 2271 el
1511 2226 1579 2269 oses
1601 2214 1709 2270 sancte
1730 2212 1792 2271 iia·

87 2305 276 2373 translatari
286 2304 316 2360 iu
330 2302 426 2359 eadem
438 2299 561 2361 ecclesia
575 2298 807 2358 tumulatasunt.
817 2298 913 2373 ipsius
969 2300 1055 2359 mille
1071 2298 1194 2372 virgime
1206 2315 1214 2368 ;
1224 2298 1474 2371 insupercorpcrs
1487 2303 1657 2361 cercurum
1668 2300 1790 2372 Ursule,

89 2390 378 2468 quideminlapidea
401 2388 552 2467 pyramide
567 2388 605 2445 ad
620 2387 773 2446 sinistrum
799 2386 911 2461 alteris,
969 2389 1071 2459 Duriae,
1086 2387 1227 2457 crisante,
1257 2387 1370 2459 Udilie,
1399 2388 1506 2461 uarie,
1532 2389 1662 2459 liertiae,
1687 2389 1790 2460 Lucio,

89 2485 261 2541 ceterorum
276 2480 305 2537 in
323 2478 498 2554 parimento,
514 2480 600 2553 prout
612 2477 656 2534 sel
672 2492 757 2535 caena
773 2476 853 2546 tuttt,
868 2477 911 2537 vel
968 2478 1065 2549 bucei,
1087 2476 1282 2544 waleburbe,
1297 2476 1478 2548 Geretrude,
1494 2481 1523 2535 st
1536 2478 1658 2550 Gecllie,
1673 2482 1702 2536 et
1716 2495 1791 2552 pres·

90 2569 236 2628 industria
251 2568 365 2625 locavit.
967 2575 1011 2629 ter
1021 2571 1139 2629 sanctos
1150 2571 1336 2627 enumeratos
1346 2567 1454 2627 ibidem
1465 2572 1536 2626 suut
1550 2573 1719 2628 sanctorum
1727 2568 1792 2627 reli·

90 2667 267 2742 dereliquite
281 2685 299 2724 c
314 2675 394 2725 terra
409 2667 688 2727 ltorttcaimtrorum
702 2681 786 2741 usque
806 2666 913 2727 Glusio·
969 2659 1040 2731 qut&
1053 2655 1293 2726 ininitiabilis,
1308 2657 1345 2713 de
1370 2657 1447 2714 dono
1475 2673 1590 2729 regunt,
1609 2657 1789 2731 principum,

378 2740 456 2797 niam
473 2739 628 2795 tramittit·
969 2747 1151 2822 pontitlcum,
1166 2750 1195 2803 et
1208 2743 1332 2807 aliorum
1349 2745 1503 2815 nobilium,
1515 2762 1640 2819 quorum
1655 2748 1788 2819 quadarn

127 2839 200 2897 ltem
216 2837 309 2897 mutto
336 2842 402 2913 post
431 2836 800 2910 tempore‚inieatsutlbua
823 2836 914 2897 nanta
969 2837 1090 2899 nomine
1118 2835 1149 2894 in
1164 2833 1294 2907 antiquis
1322 2834 1453 2895 eoeleste
1480 2833 1564 2893 libris
1585 2836 1789 2896 adnotentur:

91 2926 374 2996 Nortbauimbriam,
389 2925 459 2983 'itae
481 2938 582 2982 esrum
598 2925 726 2998 partium
739 2925 842 2998 abbas,
858 2925 912 2983 snb
928 2967 954 3037 0
969 2928 1069 2989 multas
1083 2928 1171 2988 etiam
1187 2927 1317 2999 reliquie
1337 2927 1373 2984 da
1392 2930 1470 2985 terra
1481 2925 1790 2995 Nortbaulmbrorum,

89 3015 209 3075 obtentu
226 3015 306 3089 pacis
321 3032 339 3073 s
352 3014 440 3073 borea
455 3012 485 3071 in
505 3013 682 3072 occidentem
702 3015 912 3088 commigrans,
968 3014 1791 3092 sampnrsguarreaiaunanimitatemunatttatnsupas
1826 3030 1831 3037 '

90 3104 273 3163 Glastoniam
285 3104 440 3174 coemerit,
452 3103 643 3175 eamdemque
653 3102 806 3162 ecclesiam
823 3104 914 3162 abba·
967 3115 1096 3180 tempore
1110 3122 1168 3165 sue
1183 3103 1395 3178 persecutionis
1410 3104 1446 3161 ad
1461 3103 1744 3177 Glsstoniem,quasi
1754 3104 1790 3162 ad

89 3195 128 3253 tis
143 3193 205 3265 lure
232 3210 309 3252 anuo
337 3193 495 3251 Dominice
518 3193 733 3252 iucarnationis
757 3193 810 3249 ⁷54
824 3194 911 3253 rasit.
967 3200 1134 3257 sanctorum
1150 3193 1386 3263 reconditorium,
1402 3200 1470 3251 sunt
1483 3193 1596 3255 delate.
1611 3192 1790 3266 litqusmrls

91 3280 194 3341 Multis
208 3296 275 3340 saro
290 3283 376 3340 annis
390 3281 571 3357 aquilonaris
585 3283 664 3355 ragio
679 3281 842 3356 piratarum
860 3299 912 3357 pa·
967 3286 1044 3360 apud
1059 3301 1113 3345 cos
1141 3299 1200 3343 non
1224 3282 1265 3342 sit
1287 3299 1387 3342 eorum
1411 3282 1498 3356 plens
1525 3282 1664 3356 cognitio,
1692 3281 1792 3355 cogol-

90 3371 147 3431 tuit
161 3370 274 3447 prede,
290 3385 358 3430 cum
384 3370 502 3429 interim
517 3371 580 3428 alia
602 3374 700 3445 partes
713 3370 824 3447 nuptia
840 3371 914 3433 ntuit
966 3377 1046 3437 tione
1061 3380 1159 3436 emen
1171 3373 1269 3433 diuina
1282 3377 1312 3433 et
1325 3372 1572 3446 mntemplatiuue
1590 3372 1709 3447 plenius
1722 3386 1789 3446 per·

91 3460 278 3536 suspicarent
296 3457 413 3516 hostile.
432 3458 538 3517 attulit
553 3475 622 3519 sane
637 3475 738 3519 secum
754 3460 914 3534 locupletas
966 3467 1116 3527 fruuntur.

89 3547 235 3606 inuolatus
251 3548 296 3607 sui
313 3546 441 3615 obsides,
458 3547 597 3626 reliquias
609 3547 833 3607 scilicetliidani
845 3549 913 3607 bin·
1002 3573 1039 3629 ῃ,
1059 3570 1242 3628 „mum
1261 3571 1351 3627 ‚mu
1364 3571 1503 3628 „ungrani
1515 3586 1535 3627 α
1550 3569 1701 3627 pamma
1716 3567 1752 3626 ,a

88 3637 284 3699 disiarneusis
299 3637 440 3711 episcopi,
450 3654 570 3711 corpora
584 3643 754 3699 sanctorum
765 3638 913 3715 ceolfridi,
1289 3641 1472 3699 clastrataar.

89 3726 251 3797 Benedicti,
283 3727 440 3800 listrepiui,
456 3726 598 3800 lietberti,
626 3726 761 3802 Selgiridi
781 3727 913 3788 Wioren·
1002 3729 1789 3804 tanquiadeatttsaaaartamartianamtacimus,na·

90 3816 169 3877 sium
196 3817 350 3888 abbatum,
370 3816 451 3876 Bede
476 3817 648 3892 presbyteri,
678 3817 795 3887 Hebbe,
818 3818 912 3893 uage,
966 3825 1037 3886 dnm
1053 3820 1254 3883 translationis
1282 3820 1377 3879 sancti
1405 3820 1549 3879 [innatant
1564 3822 1788 3895 subjungemus.

88 3905 191 3966 corriti
208 3932 216 3975 r
231 3906 302 3966 itam
327 3923 435 3980 corpur
452 3907 554 3977 ttttde,
569 3907 726 3966 annatiaaa
742 3908 913 3968 monasterti
965 3917 1048 3975 Anao
1059 3911 1790 3987 abtnaaraattaaattantattota,ernanetttuatrt

90 3996 169 4069 quod
185 3996 565 4069 quondanssraneataatn‚
582 4014 661 4057 nuno
669 3996 787 4074 witeby
798 4013 913 4059 nuncc-
966 4001 1790 4078 regaeadmundo,paratattaguattranastdeanaaupata,

89 4092 187 4161 petar.
204 4088 269 4147 ttaa
284 4088 375 4163 igitur
388 4106 479 4164 supra
494 4088 584 4149 altere
595 4088 697 4149 locata
709 4089 839 4165 reliquie
854 4107 912 4151 noc
968 4095 1155 4153 aduenientes
1165 4092 1277 4151 ilsniln
1290 4091 1444 4150 orientales
1455 4092 1563 4165 Augila
1575 4092 1687 4166 plagas,
1698 4092 1791 4150 totius

89 4193 191 4249 parum
208 4178 373 4234 reverentie
390 4178 452 4236 loco
467 4179 611 4252 adjecere.
627 4179 708 4237 ldem
730 4194 816 4253 porro
830 4180 913 4251 Tica,
968 4185 1073 4247 cantia
1088 4184 1161 4243 finer
1175 4183 1206 4240 tn
1222 4197 1305 4242 suern
1317 4182 1489 4256 redigebant
1496 4185 1676 4256 potestatem,
1693 4182 1789 4254 squi-

89 4279 157 4320 cum
174 4264 355 4324 valeieeiesei
376 4267 451 4337 vite,
473 4266 503 4325 in
528 4267 647 4326 dextero
671 4267 778 4341 angulo
794 4267 913 4341 majoris
968 4274 1025 4334 bus
1039 4274 1124 4333 multi
1139 4271 1408 4346 propriadignitete
1425 4270 1539 4344 privati,
1556 4269 1670 4327 multis
1693 4270 1789 4342 patrie

88 4351 228 4422 ecclesie,
241 4352 327 4425 juste
341 4355 497 4413 introitum
511 4360 644 4427 uetustas,
660 4356 816 4414 notabilem
828 4372 912 4415 acee—
966 4362 1121 4434 eliminati,
1137 4359 1434 4419 muilierudelissitne
1444 4364 1514 4419 sunt
1527 4365 1620 4417 morte
1633 4359 1786 4430 trucidatir

88 4439 130 4513 pit
159 4440 348 4512 sepulturam.
365 4443 406 4499 tia
433 4446 614 4503 eetctmcle
641 4450 912 4506 structaraatarta
966 4450 1789 4527 sicqueusqneadcivilatemLondonieneam,neegra·

88 4529 229 4587 celatura
244 4547 302 4588 nou
314 4532 465 4604 ignobilis.
966 4544 1027 4615 dul,
1044 4558 1097 4601 nec
1111 4541 1199 4610 etati,
1214 4540 1260 4598 sei
1275 4540 1357 4598 sexui
1373 4548 1535 4614 paroentes,
1546 4539 1725 4606 homicidiis,
1739 4556 1787 4598 re·

184 4620 222 4676 lie
234 4619 349 4678 dirersis
362 4622 492 4694 reliquiis
507 4621 660 4683 diostcniae
675 4625 812 4698 repositis.
965 4625 1787 4702 pinis,incendiisdivineatquebumenaesterminebant.

124 4707 912 4790 litquonlamlllsstonisinsniamultoruminsiguitur
966 4713 1787 4788 ilinc,utdeeliistaceam,reuerendussrehlepiscepus

87 4796 422 4868 sauctorumeinarlbue,
433 4808 832 4874 preteraupraencmerstos,
841 4803 912 4863 libet
964 4809 1083 4881 liliaque
1097 4805 1219 4879 propria
1234 4804 1387 4878 dignitatis
1400 4803 1521 4863 esteede
1534 4803 1704 4948 propftlsus,
1715 4818 1786 4876 pre·

87 4904 248 4961 paucorum
269 4905 304 4946 as
331 4891 433 4950 multis
461 4894 602 4951 adnotare
629 4895 760 4967 uomina,
785 4912 911 4970 quornm
965 4898 1014 4957 dia
1029 4898 1228 4962 devastantur,
1248 4893 1449 4969 possessiones
1472 4893 1599 4967 diripiun
1615 4909 1661 4961 ur,
1681 4898 1785 4952 cetere

86 4980 252 5052 corporales
278 4980 398 5039 exuvias
421 4999 473 5055 pro
497 4984 603 5055 melori
631 4987 714 5057 parte
736 4985 844 5043 ibidem
867 5002 911 5046 re·
964 4985 1111 5046 sinetietu
1127 4983 1337 5059 quiereiersti
1354 4983 1430 5041 Proh
1453 4981 1552 5041 dolori
1575 4981 1700 5054 ingressi
1715 4984 1786 5039 sunt

89 5068 239 5140 quiescere
253 5086 311 5128 non
328 5071 508 5129 dubitamus.
532 5072 607 5130 Nam
632 5072 826 5148 particulares
841 5075 911 5133 reli·
964 5069 1784 5146 sceleratissimimetropolitansmltngiorumecclesiam,

88 5156 173 5227 quius
188 5165 357 5217 sanctorum
381 5160 451 5217 illuc
480 5179 497 5218 e
521 5162 639 5235 regibus
668 5166 698 5221 et
727 5166 912 5237 magnatibus
963 5165 995 5222 in
1017 5164 1169 5236 religiosos
1193 5161 1319 5220 tumulos
1348 5161 1456 5219 Christi
1479 5162 1636 5231 irruentes,
1651 5164 1691 5231 et,
1706 5163 1784 5236 quod

87 5243 211 5302 collatas
224 5263 406 5318 enumerare,
424 5251 454 5306 in
478 5250 656 5310 immensum
676 5258 753 5312 esset
772 5254 910 5313 volumen
964 5255 1041 5311 dictu
1056 5253 1236 5311 horrendum
1252 5257 1298 5309 ast
1313 5250 1320 5308 Ι
1337 5252 1454 5308 sdomo
1468 5249 1519 5309 ttst
1535 5249 1665 5322 singulos
1690 5249 1785 5309 etimi-

87 5335 250 5402 astendera,
266 5342 296 5394 et
309 5338 340 5395 in
356 5340 443 5397 textis
472 5341 694 5414 lllvaneliorcm
719 5344 910 5402 adnotantur.
964 5347 1081 5410 nautes,
1095 5341 1253 5414 omniaque
1276 5340 1413 5397 lucendio
1437 5347 1636 5397 consumente.
1655 5337 1786 5412 Contigit

87 5423 296 5481 praetermissis
316 5425 407 5499 igitur
431 5430 706 5503 supramemoratis,
721 5431 854 5489 uidelicet
867 5448 910 5489 sn
965 5432 1070 5489 iisdem
1088 5431 1271 5504 temporibus
1300 5429 1566 5502 pretatcmregem
1593 5427 1784 5486 lldmundum

86 5512 239 5584 discipulis
253 5513 345 5570 sanoti
365 5515 503 5591 Philippi,
519 5520 656 5593 Pbageno
680 5522 711 5578 et
731 5518 910 5591 Deruriano,
967 5519 1146 5579 Glsetonlsm
1169 5520 1334 5589 adventare,
1355 5526 1614 5591 commoratusque
1640 5517 1702 5575 lllia
1728 5517 1782 5574 all·
