3750 6000
109 252 162 309 259

454 375 557 432 CCXV.

164 501 348 573 Prlnlleptam
361 516 412 574 pro
423 503 597 559 munasterio
614 502 853 575 iiileenharpcnsi.

350 625 440 697 (huno
457 628 535 692 il36,
550 627 612 682 lau.
628 627 667 694 θ.)

109 753 194 826 [h'cae
209 749 426 822 liittheiluapen
436 767 488 806 aas
498 751 561 807 dem
578 752 670 808 cantet
695 751 906 808 historiali-Art·

181 823 370 895 liquorischer
385 824 592 895 i'orschanpen,
612 831 633 877 t.
654 823 688 889 il,
704 839 735 893 p.
755 821 830 894 296]

144 924 334 977 inuocanruus
349 921 504 991 episcopus,
522 937 618 976 servus
632 936 774 977 servorum
786 921 846 988 Dei,
861 920 907 975 di-

108 1010 180 1067 lecto
195 1009 249 1066 iiiia
264 1010 420 1065 lausanna
435 1010 701 1083 hilisinneburgensi
715 1009 814 1075 abbati,
831 1010 906 1078 ejus·

109 1117 162 1172 que
176 1100 383 1156 successoribus
399 1098 562 1172 regulariter
576 1099 774 1154 substituendis
789 1098 817 1152 in
839 1114 906 1169 per·

108 1197 234 1260 petuum.

751 250 956 309 thhocttttttt
977 250 1000 309 ii
1017 254 1113 310 Ptli’lii

919 380 947 440 Α
961 379 1091 454 bertrade]
1105 380 1260 452 quindecim
1274 397 1385 439 mansos
1399 390 1427 440 et
1439 381 1592 438 dimidium.
1618 383 1649 438 in
1672 382 1757 439 lieth·

961 479 1106 536 ceneshein
1121 480 1373 554 [bechtenesheim]
1388 496 1499 538 mansos
1514 492 1579 548 tres,
1595 481 1623 537 iu
1647 481 1758 539 liuder-

960 567 1023 624 bike
1037 585 1160 624 mansum
1175 586 1272 635 unum,
1288 570 1484 627 decimationes
1499 586 1608 643 quoque
1622 571 1649 626 in
1664 571 1759 628 Barea-

960 656 1024 713 levo
1038 657 1230 732 [balersleaeh
1241 659 1447 726 iniloresheim,
1456 660 1484 714 in
1493 660 1626 715 Thrubilri
1639 658 1757 735 [Bicheh

960 745 987 800 in
1002 746 1170 813 Aldenrude,
1186 748 1214 801 in
1226 748 1523 821 Thnrwardiggerode,
1540 748 1567 803 in
1583 748 1759 809 Gundetade·

961 835 1027 890 rode
1036 835 1287 909 [Gandradeucdeh
1299 837 1325 891 in
1339 837 1570 910 Ezerdiggerode,
1579 837 1607 891 in
1616 837 1756 894 Vreslevo.

960 935 1076 1003 Insuper
1090 942 1181 989 antem
1197 934 1411 990 decimationem
1427 937 1456 990 in
1470 935 1672 1003 daunenstade,
1689 943 1715 990 et
1730 935 1758 990 in

961 1020 1226 1092 Suthloohtanheim,
1242 1027 1277 1078 ab
1293 1025 1434 1079 ilerrando
1449 1023 1652 1098 [ailcrnhard01
1668 1040 1757 1096 quon·

960 1110 1023 1165 dam
1036 1111 1242 1167 ilbenstadensi
1257 1112 1444 1186 [halberstad]
1459 1113 1588 1184 episcopo
1603 1113 1647 1185 qui
1665 1122 1692 1169 et
1703 1113 1760 1169 Ste-

959 1199 1167 1270 phannsdictus
1197 1209 1248 1269 est,
1278 1203 1443 1258 monasterio
1472 1209 1565 1258 vestro
1592 1217 1753 1258 concessas.

144 1288 189 1343 nd
200 1288 251 1343 hoc
262 1285 423 1341 uniuersalis
433 1284 564 1341 Ecclesia
571 1301 637 1340 cura
647 1284 726 1341 uobis
737 1299 753 1338 a
764 1283 907 1356 provisore
960 1289 1160 1345 decimationes
1175 1290 1255 1345 etiam
1271 1290 1305 1346 de
1318 1290 1463 1346 novalibus
1478 1290 1505 1346 in
1528 1290 1655 1347 omnibus
1677 1290 1755 1357 locis,

107 1376 228 1434 omnium
243 1375 376 1431 bonorum
392 1375 449 1430 Deo
463 1373 610 1430 commissa
636 1380 687 1439 est,
710 1382 740 1428 nt
761 1372 907 1446 religiosas
960 1376 988 1431 in
1002 1378 1099 1449 quibus
1113 1378 1237 1435 decimas
1252 1379 1355 1436 habere
1371 1378 1515 1448 videmini,
1528 1395 1595 1452 quas
1606 1378 1695 1436 felicis
1705 1394 1757 1434 me·

105 1465 432 1537 dllllilfflwilelwssllaei
443 1462 665 1534 beneplacentem
679 1461 906 1534 ⁰0⁰l0¹lssl⁰⁰0m
960 1478 1055 1531 moriae
1069 1475 1242 1532 ileinhardus
1258 1476 1403 1549 episcopus
1414 1485 1508 1533 vestro
1517 1475 1684 1533 monasterio
1695 1492 1759 1533 con·

106 1554 263 1612 studeamus
278 1552 366 1609 modis
377 1551 506 1607 omuibus
520 1567 681 1625 propagare.
693 1551 836 1607 Nouenim
847 1551 906 1607 ileo
959 1562 1148 1637 tuliqsgpetl,
1165 1566 1395 1638 psaediaquoque
1424 1566 1451 1621 in
1475 1567 1643 1637 pgpestorpp
1673 1568 1700 1622 et
1729 1566 1757 1620 jn

105 1652 202 1718 llam
217 1641 364 1714 “fillium
381 1640 525 1696 famulatus
539 1641 716 1716 impendunt,
728 1640 781 1695 ⁰5⁸5
797 1656 830 1696 0¹
843 1641 905 1696 0¹¹⁸·
959 1653 1169 1710 wochkinstide
1181 1663 1242 1711 octo
1256 1653 1418 1712 talentorum
1435 1670 1548 1711 censum
1563 1653 1756 1727 persolventia,

105 1733 191 1789 ritatis
206 1731 296 1787 radice
311 1731 477 1802 procedens,
493 1746 508 1784 a
524 1729 639 1801 puritate
654 1728 797 1798 religionis
822 1728 904 1785 luerit
919 1740 945 1800 Β
961 1758 1022 1814 quae
1036 1759 1085 1814 per
1100 1741 1228 1800 ottonem
1244 1744 1404 1816 episcopum
1433 1758 1485 1815 pro
1514 1742 1703 1799 Godeuhuseu
1730 1751 1758 1799 et

105 1829 292 1880 &interimus-
307 1820 466 1890 E³Pl0i³¹0'2
483 1817 582 1876 ‘¹5¹0ssst
596 1818 625 1874 in
640 1816 807 1874 D0m511⁰fili
822 1818 903 1873 Lam·
958 1830 1083 1887 hbrstide
1098 1839 1189 1888 vestro
1203 1839 1266 1887 sunt
1277 1831 1374 1888 collata
1389 1832 1565 1888 monasterio.
1580 1830 1760 1888 Prohibemus

106 1912 184 1968 berte
199 1910 294 1969 abbas.
311 1907 508 1980 postulationes
523 1916 582 1964 tuas
604 1907 755 1965 clementer
776 1906 904 1962 admitti-

105 2016 176 2065 mus,
194 2007 221 2055 et
240 1997 513 2070 iiiiisiuueburgeusc
541 1997 738 2053 monasterium
766 1995 819 2061 cui,
846 1997 905 2051 Deo

105 2096 229 2154 auctore,
241 2102 343 2159 praesse
351 2084 533 2159 dignosceris,
543 2084 701 2156 apostolicae
712 2083 790 2140 sedis
799 2083 905 2155 privile·

104 2178 151 2251 gio
165 2175 375 2241 communimuS,
389 2182 537 2230 statuentes
564 2180 593 2229 ut
621 2189 791 2246 quaecunque
821 2174 903 2240 bona,

106 2281 284 2340 quascunque
317 2263 522 2336 possessiones,
552 2263 802 2334 impresentiarum
830 2262 904 2317 idem

105 2354 299 2413 monasterium
313 2353 388 2422 juste
403 2360 430 2408 et
444 2352 575 2409 canonice
590 2350 723 2422 possidet,
743 2360 790 2406 aut
810 2350 838 2404 in
858 2349 903 2405 lu-

105 2454 200 2501 turum
217 2442 397 2500 concessione
412 2439 580 2512 pontificum,
593 2440 741 2512 largitione
754 2454 850 2511 regum
860 2439 905 2494 vel

104 2533 267 2605 principum,
287 2530 425 2587 oblatione
439 2528 570 2595 fidelium,
587 2545 636 2583 seu
650 2528 711 2583 aliis
723 2527 903 2597 justismodis

105 2631 204 2694 prante
232 2619 400 2692 [prestante.
429 2617 594 2688 propitiante
608 2615 632 2688 t]
660 2615 777 2672 [lumino
806 2615 905 2686 poterit

104 2709 229 2780 adipisci,
246 2706 328 2762 lirma
343 2706 392 2760 tibi
407 2705 512 2777 tuisque
528 2705 735 2761 successoribus
750 2711 777 2760 et
800 2704 904 2759 illibata

103 2803 288 2870 permaneant.
306 2795 336 2849 in
350 2794 448 2866 quibus
464 2794 523 2849 haec
539 2793 660 2865 propriis
671 2792 828 2849 nominibus
852 2808 902 2848 ex-

104 2884 247 2958 primenda
262 2882 450 2951 subjunximus
467 2897 473 2935 :
492 2897 528 2937 ex
543 2880 616 2937 dono
636 2881 768 2937 videlicet
789 2880 903 2936 einoldi

104 2969 615 3030 bonarecordationisAlberstatensis
634 2967 821 3043 [halberstad]
842 2968 902 3039 epi-

104 3061 191 3134 seopi‚
205 3061 291 3117 vestri
307 3059 464 3115 monasterii
478 3058 639 3130 laudatoris,
654 3059 681 3114 in
707 3058 903 3131 berverdigge-

104 3151 172 3208 rode
182 3165 280 3206 novem
289 3165 410 3217 mansos,
426 3147 564 3204 aumsriva
579 3148 723 3217 adiacente
733 3156 758 3202 ct
776 3147 901 3202 decima-

103 3241 176 3297 tione
190 3238 315 3310 ejusdem
326 3237 399 3294 villae
412 3237 440 3291 in
458 3237 625 3293 Sutherrode
641 3237 713 3291 duos
727 3251 849 3300 mansos,
874 3235 901 3290 in

109 3330 280 3387 Suthseauuo
291 3335 395 3397 septem
407 3341 519 3381 mansos
531 3334 558 3380 et
572 3325 723 3389 dimidium,
750 3340 810 3381 oum
826 3323 904 3379 deri-

103 3417 222 3474 matione
236 3417 322 3487 ipsius
335 3415 418 3476 villae,
435 3415 462 3468 in
479 3414 621 3470 bireslevo
638 3413 766 3470 undecim
789 3428 902 3468 mansos

103 3522 164 3564 cum
179 3504 359 3563 decimatione
374 3503 460 3575 ipsius
476 3502 555 3569 viiia,
582 3502 609 3557 in
641 3503 746 3570 hieran,
777 3518 902 3558 mausum

103 3594 230 3652 nnumin
247 3592 504 3665 Thiedeniggerode
515 3589 683 3664 [Thiedova]‚
699 3599 803 3663 septem
827 3607 902 3645 man·

104 3693 187 3743 soset
197 3680 458 3756 decimes[decimas
471 3681 591 3750 ejusdem
600 3678 675 3753 ioci[.
688 3679 719 3735 iu
734 3679 899 3747 Aidenrode,

106 3782 169 3831 octo
197 3787 317 3840 mensos,
345 3771 372 3825 in
400 3768 538 3826 culisberi
564 3767 728 3843 [detestari]
756 3768 902 3824 dimidium

104 3879 228 3920 mausum
244 3868 270 3917 et
285 3859 408 3917 decimas
422 3859 545 3929 ejusdem
559 3858 613 3915 loci
627 3857 666 3932 [et
685 3859 747 3915 dec.
777 3857 817 3928 ej.
849 3857 903 3916 ioci

104 3950 193 4024 ishltl.
208 3954 240 4006 ln
252 3947 659 4021 Gereneslevo[(leveaesloue[
674 3946 815 4003 dimidium
826 3962 903 4003 man-

105 4055 176 4107 sum,
185 4041 215 4095 in
225 4038 367 4111 Beddigge
376 4038 472 4094 dccem
484 4052 607 4093 mansos.
623 4037 653 4091 ln
669 4035 832 4109 lsiggerode
846 4043 902 4093 tres

104 4144 226 4196 mansos,
243 4128 271 4183 in
284 4127 546 4197 warmeresthorpe
563 4124 846 4199 [warmerestorphe]
854 4141 902 4182 sex

103 4234 226 4286 mensos,
256 4217 284 4272 in
313 4216 533 4286 Thiedeathorpe
561 4211 808 4287 [catecasta-pta]
833 4213 902 4270 duos

104 4322 227 4375 mansos,
244 4305 441 4361 decimationes
456 4319 564 4375 quoque
584 4302 612 4357 in
640 4301 849 4375 Dudiggerode,
874 4301 902 4357 in

101 4394 310 4460 winetherode,
327 4393 355 4447 in
371 4391 571 4459 Brodessende,
595 4390 623 4445 iu
647 4390 902 4465 luntheriggerode

958 1927 1048 1976 autem
1064 1928 1090 1976 et
1101 1921 1230 1977 omnibus
1244 1921 1334 1977 modis
1362 1920 1547 1993 [omnimodis]
1572 1919 1760 1977 interdicimus

959 2026 1005 2074 aut
1017 2033 1108 2091 neque
1120 2018 1178 2088 tibi,
1194 2035 1282 2092 neque
1297 2019 1350 2074 tuis
1365 2017 1625 2076 successoribuslss
1639 2019 1673 2074 sit
1688 2018 1761 2075 bona

959 2123 1008 2163 scu
1023 2107 1219 2179 possessiones
1240 2106 1362 2179 praedicti
1389 2108 1550 2164 monasterii
1579 2107 1758 2175 distrahendi,

957 2203 1003 2251 aut
1018 2196 1077 2251 sine
1092 2196 1230 2252 communi
1245 2213 1359 2252 assensn
1374 2204 1401 2252 et
1411 2197 1549 2253 voluntate
1564 2196 1674 2267 capituli
1687 2212 1761 2269 quc-

958 2284 1024 2340 iibet
1040 2284 1120 2340 modo
1135 2285 1287 2341 alienandi.
1307 2286 1345 2341 Ut
1359 2294 1462 2351 autem,
1479 2302 1538 2352 vos,
1554 2285 1649 2341 iratres
1661 2286 1758 2356 nostrl,

957 2373 1057 2428 divinis
1073 2374 1245 2429 famulatibus
1260 2374 1375 2431 liberius
1387 2375 1498 2431 valeatis
1511 2375 1645 2442 insistere,
1662 2375 1761 2431 immu-

957 2463 1080 2529 nitatem,
1097 2479 1112 2517 ιι
1127 2464 1283 2535 supradicto
1297 2462 1381 2519 fratre
1403 2470 1498 2521 nostro
1520 2463 1678 2520 Bnrchardo
1697 2464 1759 2536 epi-

958 2574 1043 2631 scopo
1057 2560 1228 2617 monasterio
1240 2569 1332 2618 vestro
1347 2561 1501 2619 rationabili
1523 2560 1669 2619 devotione
1695 2577 1759 2619 con·

957 2663 1075 2716 cessam,
1092 2649 1169 2704 vobis
1184 2649 1362 2705 nihilomiuus
1371 2649 1579 2718 confirmamus,
1592 2659 1621 2706 ut
1632 2650 1760 2708 videlicet

957 2753 1048 2810 nequo
1061 2738 1096 2792 ab
1111 2738 1364 2795 hiberstatensibus
1388 2738 1579 2813 [halberstad]
1609 2739 1757 2811 episcopis,

957 2843 1046 2898 neque
1060 2843 1074 2881 a
1089 2827 1257 2898 quibuslibet
1271 2829 1382 2885 clericis
1414 2829 1458 2884 uel
1486 2829 1552 2884 viris
1581 2828 1760 2885 saecularibus

957 2914 1048 2988 aliqua
1064 2915 1224 2987 prejudicio
1241 2916 1300 2972 sive
1321 2917 1492 2989 gravamina,
1522 2935 1570 2973 san
1597 2917 1760 2974 exactiones

957 3005 1073 3076 aliquas,
1091 3005 1237 3077 aliquando
1262 3005 1418 3076 perferatis,
1450 3006 1503 3061 nisi
1534 3005 1600 3063 lorte
1627 3015 1760 3071 ouantum

916 3090 1036 3157 Cvobis
1051 3109 1203 3172 spontanea
1229 3102 1371 3160 voluntate
1397 3103 1465 3175 ipsis
1493 3103 1589 3177 largiri
1615 3103 1758 3174 placuerit,

955 3189 1149 3261 hospitalitatis
1164 3191 1251 3261 gratia
1266 3192 1404 3263 erigente.
1424 3191 1548 3248 Obennte
1563 3207 1629 3249 vero
1643 3200 1669 3248 te
1685 3206 1759 3250 nune

956 3280 1076 3349 ejusdem
1087 3278 1140 3336 loci
1148 3279 1417 3346 abbate,ueltuorum
1427 3280 1758 3353 quolibetsuccessorum,

956 3367 1047 3424 nuilus
1061 3368 1098 3423 ibi
1113 3368 1236 3439 qualibet
1250 3369 1436 3441 subreptionis
1448 3371 1548 3425 astutia
1565 3386 1614 3426 seu
1627 3369 1760 3426 uiolentia

954 3465 1143 3529 praeponatur,
1161 3457 1213 3513 nisi
1228 3474 1311 3531 quem
1339 3459 1438 3515 iratres
1466 3458 1604 3516 eommuni
1630 3474 1756 3528 assensu

955 3547 998 3603 val
1015 3545 1131 3602 lratrum
1147 3563 1214 3618 pars
1228 3546 1337 3603 consilii
1350 3548 1480 3615 sanioris,
1495 3547 1644 3605 secuudum
1668 3548 1757 3604 baum

956 3651 983 3699 et
997 3644 1073 3699 Beati
1088 3644 1226 3700 Benedicti
1241 3645 1377 3717 Regulam
1393 3645 1563 3717 providerint
1578 3644 1753 3718 eligendum.

955 3733 1065 3790 Electus
1080 3741 1172 3789 autem
1184 3734 1262 3803 juxta
1277 3734 1485 3791 Cluuiaaensem
1495 3735 1538 3791 vel
1558 3733 1757 3792 Fructuavien-

956 3837 1023 3888 sem,
1040 3837 1090 3881 seu
1115 3820 1294 3879 Govaiensem
1320 3823 1456 3891 ordinem,
1486 3823 1545 3880 sine
1571 3823 1708 3895 pravitate
1729 3830 1759 3880 et

955 3910 1098 3968 exactione
1112 3911 1201 3983 aliqua
1215 3919 1404 3968 consecretur.
1424 3912 1535 3968 Interim
1550 3920 1642 3968 autem
1657 3911 1685 3967 in
1711 3911 1759 3968 de·

956 3998 1118 4067 scribendis,
1134 3999 1313 4070 providendis
1323 4016 1372 4056 seu
1382 4000 1564 4074 disponendis
1575 4001 1655 4057 rebus
1664 4015 1757 4057 mona·

956 4088 1042 4152 sterii,
1059 4087 1205 4160 episcopus
1219 4089 1376 4145 nullatenus
1391 4106 1422 4146 se
1435 4089 1597 4156 immisceat,
1622 4090 1671 4146 sed
1692 4097 1759 4146 tan-

955 4185 1096 4243 tummodo
1111 4186 1227 4243 electam
1243 4202 1391 4258 personam
1406 4201 1528 4262 congrus
1555 4186 1757 4246 benedictionis

956 4275 1107 4333 reverentia
1123 4276 1265 4348 regiminis
1280 4293 1344 4333 cura
1359 4277 1498 4333 investiat.
1524 4278 1677 4334 Praesevtim
1696 4278 1758 4335 lan·

956 4365 1056 4420 dabilis
1070 4365 1224 4421 honestatis
1236 4373 1262 4422 et
1277 4365 1357 4422 bonae
1373 4366 1592 4423 conversationis
1602 4374 1655 4422 tuve
1669 4367 1756 4423 mani·

104 4479 287 4556 [Luthmqqls
304 4480 330 4534 in
340 4478 539 4552 Boviggemde,
552 4481 579 4533 j„
589 4480 780 4549 gmmenmde,
792 4479 819 4534 [n
831 4480 900 4535 Ges,
915 4451 942 4512 D
958 4461 1015 4508 tom
1030 4454 1213 4524 attendentes,
1229 4454 1263 4509 ed
1279 4455 1412 4510 honorem
1429 4455 1478 4511 ilei
1493 4463 1520 4512 et
1535 4455 1665 4512 Ecclesiae
1687 4462 1753 4524 tuae,

104 4570 291 4633 circumdala
304 4567 540 4640 ilcarzinggerode
551 4566 717 4641 [Eooraipgh
734 4571 760 4622 in
776 4569 900 4624 bachen·

103 4662 182 4727 rode,
199 4659 225 4716 in
241 4657 463 4731 benesiggerode
477 4654 627 4730 [Bensigp[‚
649 4658 677 4713 in
702 4657 893 4729 Waligcrode.

102 4752 239 4808 Praeterea
252 4748 353 4820 praedia
369 4763 430 4819 quoe
453 4747 628 4803 burchardus
652 4747 797 4818 episcopus
822 4747 899 4804 bouae

101 4840 253 4905 memoriae,
267 4837 354 4895 beatis
363 4835 495 4907 apostolis
506 4837 622 4893 Petroet
633 4836 714 4891 Paulo
729 4835 755 4890 iu
773 4835 898 4892 iiilsine·

101 4926 479 4985 burahuoscitnrcontuiisse.
494 4926 521 4980 in
538 4924 898 4982 Adavsmdescilicetcurtim

101 5033 163 5075 cum
179 5017 303 5072 omnibus
315 5014 484 5086 appendiciis
494 5015 561 5081 suis,
575 5012 896 5087 incoherstav01trch],

100 5104 244 5162 duodecim
259 5103 420 5169 mansos,iu
447 5106 571 5177 hierlgge
598 5104 696 5160 decem
723 5119 844 5167 mansos,
873 5103 901 5158 in

100 5192 301 5250 Domeneslevo
315 5207 443 5246 mausum
459 5208 552 5255 unum,
569 5193 596 5246 ia
612 5192 763 5248 badeslevo
788 5207 900 5248 mansos

102 5283 232 5355 quinque,
255 5281 283 5335 in
311 5280 485 5350 scipenstide
513 5279 752 5354 [Scitipeusiedel.
782 5297 899 5336 mansos

102 5379 174 5435 octo,
190 5370 219 5424 in
232 5368 404 5438 bisikentorp
427 5367 660 5444 [bisichentorpe]
686 5385 796 5426 mansos
819 5371 897 5441 duos,

99 5458 129 5515 in
143 5457 283 5515 hueslero
297 5470 408 5512 mansos
424 5466 548 5528 quatuor,
563 5459 591 5514 in
604 5458 801 5516 ilamareslevo
816 5457 898 5532 [ilat-

100 5544 248 5622 mersleoe]
257 5560 369 5604 mensos
378 5544 510 5621 qunque,
523 5547 551 5604 in
565 5546 695 5620 iggelevo
704 5556 897 5618 msusosocto,

99 5651 163 5697 aum
176 5635 357 5697 decimatione
371 5634 493 5706 ejusdem
508 5634 589 5704 villae,
607 5636 634 5692 in
649 5637 813 5696 abbenrode
833 5635 897 5710 [ll-

954 4542 1003 4600 tlbi
1018 4544 1124 4614 tuisque
1139 4542 1359 4610 successoribus,
1375 4559 1454 4598 usum
1482 4541 1680 4615 pontificalium
1708 4560 1755 4601 ve·

954 4631 1036 4688 stium
1048 4630 1197 4701 apostolica
1212 4631 1377 4688 auctoritate
1390 4633 1577 4702 concedimus,
1597 4631 1633 4688 ita
1661 4640 1690 4688 ut
1717 4633 1754 4689 ad

953 4727 1037 4783 divini
1044 4727 1131 4784 cultus
1142 4729 1330 4784 reverentiam
1339 4729 1365 4784 in
1376 4729 1453 4785 omui
1462 4728 1582 4787 ecclesia
1596 4737 1754 4800 pernostrte

953 4816 1167 4889 dispensationis
1182 4815 1416 4875 confirmationem
1430 4818 1457 4873 in
1473 4819 1559 4876 vicem
1576 4817 1698 4891 episcopi
1712 4819 1753 4876 tul

952 4905 1001 4963 tibi
1015 4905 1093 4962 liceat
1107 4905 1299 4977 pontificaliter
1313 4908 1476 4964 succedere.
1496 4907 1593 4963 Nullus
1607 4922 1675 4978 ergo
1704 4909 1754 4965 bo·

951 4995 1054 5051 minum
1068 4995 1140 5050 idem
1154 4994 1309 5052 coenobium
1330 5005 1428 5052 eniteat
1449 5004 1553 5052 temere
1576 4996 1751 5067 perturbare,

955 5082 998 5140 vei
1014 5085 1039 5139 ei
1055 5083 1244 5153 possessiones
1259 5083 1378 5152 auferre,
1391 5084 1679 5153 velablatasretiuere,
1695 5083 1753 5141 vui-

954 5189 1049 5242 nuere,
1067 5190 1115 5230 seu
1131 5174 1295 5246 quibuslibet
1311 5174 1441 5231 molestiis
1456 5175 1580 5247 fatigare,
1593 5174 1641 5231 sed
1660 5173 1753 5232 omnia

953 5271 1060 5344 integra
1074 5281 1277 5329 conserventur
1290 5289 1394 5340 eorum,
1414 5289 1462 5344 pro
1477 5288 1593 5346 quornm
1608 5271 1753 5345 guberna·

952 5360 1027 5418 tiuare
1041 5368 1068 5417 et
1083 5361 1279 5417 sustentatione
1293 5376 1428 5419 concessa
1443 5369 1517 5433 sunt,
1540 5361 1636 5419 usibus
1658 5361 1753 5433 protn-

951 5456 1023 5517 tura,
1035 5449 1114 5507 saiva
1128 5449 1257 5506 nimirum
1270 5450 1403 5509 Ecclesia
1418 5451 1642 5509 Albemtudeusis
1657 5449 1753 5509 debita

952 5537 1119 5598 reverentias
1140 5538 1170 5596 Si
1183 5554 1239 5612 qua
1252 5539 1334 5614 igitur
1347 5540 1376 5596 in
1396 5548 1547 5613 maurun-
1559 5539 1753 5600 meatuum

951 5635 1126 5697 secularisve
1137 5651 1270 5712 persons,
1285 5637 1358 5696 haue
1371 5639 1476 5696 nostre
1488 5636 1688 5697 contemtionis
1699 5651 1750 5710 ps·
