3750 6000
89 181 117 235 il
776 170 1050 231 vaotttttottsttt.
1713 183 1746 241 η

89 300 190 358 nitatis
211 305 368 372 tempestas
400 296 523 362 instaret,
544 295 579 351 de
605 302 668 353 octo
694 298 821 368 personis
855 297 889 353 sd
906 300 932 360 Α
947 297 1167 371 obsequentium,
1184 307 1340 356 consecute
1355 309 1417 358 suot
1435 318 1441 358 ε
1458 304 1586 377 qttemvis
1602 307 1656 363 Leo
1671 307 1748 377 ejus·

88 391 256 449 electionem
269 389 375 454 electis,
392 386 584 451 emaculans,
600 384 774 453 Sabiuensia,
788 388 819 442 B.
832 387 889 443 llu-

88 480 138 544 lus,
155 480 199 534 A.
219 477 413 543 cancellarius,
433 475 558 548 quintum
579 473 744 547 Gregorium
759 475 890 532 cardius·

88 569 141 625 lem
160 570 314 625 diaconum
334 565 428 624 Sancti
447 564 562 638 angeli,
583 564 698 620 invitum
719 573 745 620 et
762 564 892 621 amnibus

88 659 178 715 modis
197 658 381 722 renitentem,
401 671 464 712 cum
487 653 626 726 religiosis
656 654 721 711 viris
741 655 891 725 episcopis,

91 746 281 806 cardinalibus
300 745 480 817 presbyteris,
511 742 674 799 diaconibus
703 743 893 800 etsubdiaco-

92 839 183 902 nibus,
201 837 230 891 ln
246 850 389 890 summum
404 831 559 904 pontificem
574 831 725 903 elegerunt,
742 847 804 888 cum
816 833 894 887 l‘etro

93 925 202 992 leonis,
219 925 339 997 quierat
354 930 481 985 octavus,
499 922 528 976 Ρ.
554 921 650 977 Pisano
674 929 753 977 sexto
772 929 799 977 et
813 921 895 976 Jona-

94 1018 136 1070 tha
151 1013 275 1084 septimo
294 1012 515 1068 remanentibus.
539 1009 618 1080 Quod
635 1026 701 1065 vero
724 1020 895 1082 compertum

96 1113 133 1160 est
148 1104 185 1159 ab
202 1103 257 1166 his,
275 1100 320 1174 qtri
339 1100 430 1156 dolum
446 1101 474 1155 in
488 1098 572 1156 corde
587 1108 782 1170 conceperunt,
798 1107 825 1153 ut
840 1099 895 1154 ini-

97 1194 229 1264 quitstem
244 1198 383 1262 parerent,
400 1204 462 1244 nam
494 1197 521 1243 et
549 1188 607 1258 ipse
636 1189 733 1243 Petrus
754 1187 853 1243 Leonis
879 1203 896 1244 a

96 1282 184 1355 longis
204 1290 280 1336 retro
299 1277 471 1350 temporibus
485 1277 518 1331 ad
534 1277 561 1331 id
581 1276 736 1356 pervenire,
757 1286 896 1333 utavarus

98 1370 321 1434 etsmbitiosus,
347 1366 531 1431 adecmverat,
556 1366 625 1421 sicut
649 1365 742 1421 multis
767 1367 897 1436 probetur

96 1461 211 1523 iudiciis,
228 1458 320 1513 tribus
334 1455 485 1530 generibus
501 1470 649 1511 munerum
664 1469 738 1511 nunc
751 1456 813 1519 hos,
825 1471 897 1510 nunc

96 1550 154 1605 illos
177 1548 231 1603 sibi
259 1546 395 1609 alliciens,
423 1537 609 1616 cougregatis,
640 1559 711 1615 quos
740 1538 905 1615 potuerunt,

948 390 1011 444 dem
1026 388 1099 444 Petri
1115 389 1213 444 Leonis
1229 387 1323 457 irater,
1353 399 1380 447 et
1408 392 1478 449 alter
1509 394 1563 451 Leo
1591 395 1745 467 frangentis

949 494 1058 549 panem.
1074 494 1134 534 cum
1156 479 1263 551 tetrique
1287 479 1437 536 striderent
1459 481 1598 550 dentibus,
1622 483 1690 539 alter
1718 485 1744 538 in

948 568 1073 632 alterum,
1090 576 1234 640 antequam
1246 584 1316 640 papa
1334 569 1447 625 obiisset
1468 553 1630 640 juraverunt
1653 588 1745 628 corum

949 656 1146 719 cardinalibus,
1167 657 1238 728 qtrod
1255 667 1352 713 neuter
1367 674 1463 715 eorum
1479 658 1514 713 de
1529 659 1660 716 electione
1675 678 1746 732 pon·

950 745 1029 801 tilicis
1046 745 1206 801 scandalum
1221 745 1334 815 laceret,
1351 747 1400 802 sed
1416 765 1495 819 quem
1514 747 1636 804 Ecclesia
1658 749 1746 823 elige-

951 843 999 898 ret,
1021 849 1069 905 pro
1094 834 1205 890 domino
1237 844 1438 901 venerarentur,
1467 845 1493 891 et
1524 837 1658 893 colerent.
1690 839 1747 893 Nos

949 931 1038 979 autern
1054 923 1214 979 sententiam
1231 931 1256 978 et
1270 924 1412 981 consilium
1423 924 1612 998 religiosorum
1628 924 1747 982 virorum

951 1012 1153 1068 Cstliolicorum
1170 1021 1196 1067 et
1210 1013 1438 1081 orthodoxorum,
1454 1014 1488 1068 de
1503 1014 1609 1079 Tuscia,
1626 1013 1661 1070 de
1676 1016 1748 1070 Lon-

950 1101 1091 1173 gobardis,
1109 1110 1135 1155 et
1149 1100 1184 1155 de
1196 1101 1410 1157 Ultramontanis
1435 1102 1559 1174 partibus
1583 1103 1748 1174 amplexan-

952 1199 1002 1256 tes,
1024 1190 1211 1261 approbantes
1231 1198 1256 1245 et
1284 1189 1428 1255 imitantes,
1460 1192 1567 1245 l‘etrum
1598 1191 1696 1248 Leonis
1719 1193 1747 1247 in

951 1279 1004 1334 boc
1020 1278 1140 1333 facinore
1155 1286 1184 1332 ut
1209 1277 1424 1343 schismaticum,
1448 1287 1473 1333 et
1508 1279 1638 1350 quoniam
1667 1297 1746 1334 suum

952 1367 1069 1423 schisma
1084 1366 1213 1429 defendit,
1230 1366 1385 1422 baereticmn
1399 1368 1563 1423 unimodis
1578 1368 1748 1430 abdicamus,

952 1457 1376 1512 dominumverolnnocentium
1405 1471 1456 1528 pro
1482 1465 1557 1527 patre
1586 1465 1612 1512 st
1641 1472 1749 1512 summo

952 1545 1079 1616 pontitice
1094 1548 1228 1603 tenemus,
1246 1545 1403 1615 recipimus,
1433 1560 1598 1599 veneramur
1623 1554 1650 1602 et
1679 1546 1750 1601 coli-

98 1637 257 1711 prohdolor
275 1644 281 1691 t
298 1652 359 1692 cum
376 1635 508 1706 episcopo
525 1632 670 1689 Portuensi
699 1632 785 1688 rubea
808 1647 938 1722 cappass
955 1649 1026 1688 mus.
1057 1634 1249 1689 Paternitatem
1279 1640 1399 1688 vestram
1428 1648 1479 1705 pro
1511 1634 1591 1689 uobis
1625 1642 1747 1690 orantem

98 1726 168 1783 illum
192 1726 360 1782 vestierunt.
391 1723 471 1794 Quod
496 1722 594 1779 lactum
632 1722 726 1778 multae
755 1723 897 1795 sauguinis
953 1723 1087 1777 Dominus
1102 1722 1223 1778 amatium
1238 1737 1401 1778 conservare
1415 1721 1556 1794 dignetur.
1573 1723 1614 1778 hie
1630 1722 1665 1778 ad
1690 1738 1749 1778 ser-

99 1814 251 1881 effusioues,
269 1813 502 1868 multaelocorum
528 1812 605 1866 urbis
615 1811 830 1876 destructiones,
842 1818 899 1867 ter·
954 1812 1046 1865 vitium
1071 1815 1174 1867 vestrm
1201 1811 1350 1865 sanctitatis
1378 1809 1542 1867 inconcusso
1575 1811 1637 1877 lide,
1673 1812 1752 1883 quasi

98 1903 187 1958 ribiles
219 1917 363 1959 sacrarum
391 1900 544 1972 imaginum
581 1899 824 1964 decrustationes,
847 1900 899 1955 heu
955 1917 1035 1955 unum
1070 1899 1104 1955 de
1138 1898 1247 1955 famulis
1277 1899 1387 1965 vestris,
1422 1899 1558 1971 deprecor
1588 1907 1617 1956 ut
1659 1900 1752 1956 existi-

99 1991 221 2047 lsciuusl
262 2005 315 2063 pro
338 1989 476 2061 stipendio
503 1990 619 2045 militum
648 2004 761 2045 suorum
789 1988 899 2060 sibique
954 1989 1045 2044 metis.

666 2301 1145 2421 VULGRINI

472 2529 688 2588 sexaussmtt
707 2530 859 2588 SECUNDI
878 2529 1065 2587 BITUlllCUll
1085 2527 1366 2586 ahudttlvtscovt.

715 2710 1123 2816 EPISTOLAE

546 2957 585 3020 tn
599 2971 704 3022 causa
718 2955 910 3022 innocentii
927 2954 955 3018 ll
972 2954 1118 3019 Romani
1134 2954 1319 3037 pontiflcis.

197 3148 338 3221 (Historia
354 3145 534 3205 Patrtarchit
545 3144 730 3201 bituricensis
743 3149 855 3200 auctore
870 3156 1016 3214 anonymo,
1032 3157 1079 3212 ap.
1096 3142 1193 3209 Laesa,
1211 3140 1345 3198 stolicis.
1362 3157 1430 3199 noe.
1450 3158 1518 3198 mss.
1535 3142 1569 3210 ll,
1587 3143 1644 3212 st.)

133 3481 330 3553 &accesimus
346 3477 488 3536 sccundus
502 3479 619 3551 prefuit
633 3477 766 3533 deminus
778 3479 938 3550 l'aiprinus,
951 3480 999 3563 'uir
1014 3478 1125 3545 nobilis,
1142 3479 1249 3563 doctus,
1263 3479 1415 3552 fecundas,
1433 3479 1595 3537 intransitio

100 3623 196 3680 Sancti
211 3622 339 3694 itionum
352 3623 384 3676 in
400 3622 522 3677 mancia
536 3621 661 3675 electum
671 3624 810 3689 praesente
824 3550 1288 3691 Lupogggsppqtgiiegppgguipm

102 3557 128 3610 st
141 3554 218 3610 misni
235 3552 377 3607 uirtutum
393 3551 491 3606 decore
501 3553 632 3604 ornatas.
654 3549 745 3604 lertio
761 3549 858 3620 adepti

1290 3553 1400 3676 presul
1424 3551 1571 3608 danninum
1598 3482 1748 3626 §532ng

1307 3627 1381 3678 utem
1397 3624 1474 3693 apud
1489 3624 1618 3679 camdem
1641 3625 1747 3696 Diony·

102 3698 210 3751 sianom
222 3695 378 3749 abbatiam.
395 3692 509 3746 Interea
525 3705 587 3746 cero
601 3706 667 3747 curn
684 3689 820 3746 dicandus
835 3693 1056 3763 Enpotisntensis
1071 3694 1225 3764 episcopas,
1241 3695 1321 3749 homo
1332 3695 1469 3763 factiosus
1485 3700 1513 3748 et
1536 3696 1746 3762 settismatieus,

101 3767 231 3823 insisti
243 3766 391 3836 antipapae
405 3765 465 3834 torsi
474 3766 560 3817 antea
574 3763 677 3817 Petrus
689 3761 788 3816 Leonis
803 3760 958 3828 dicebatur)
970 3767 1067 3834 partes
1090 3765 1268 3834 defensurus,
1296 3781 1409 3836 protem
1439 3765 1569 3820 Ecclesia
1597 3764 1747 3823 encletice

101 3835 324 3908 persecutionem
339 3838 467 3906 pararet,
478 3837 562 3902 atuuc
577 3831 710 3902 comedam
726 3834 934 3904 episcopocum
949 3835 1113 3889 resistentes
1124 3851 1140 3888 e
1155 3835 1277 3906 propriis
1293 3837 1402 3891 sedibus
1416 3835 1565 3892 deturbare

101 3909 189 3972 sisset,
205 3905 306 3963 centeri
319 3902 470 3961 orthodoxi
479 3904 615 3977 presules
630 3903 841 3974 Aquitanicae
855 3904 1049 3972 patriarcham
1065 3909 1093 3959 ot
1107 3908 1260 3976 primatem
1289 3923 1373 3961 suurn
1399 3905 1547 3962 danninum

1582 3852 1746 3959 praesumit·

1599 3908 1744 3978 uterinam

101 3982 235 4049 tanquam
250 3975 289 4032 ad
302 3977 414 4048 asylum
428 3975 650 4045 seolseiensium
663 3976 793 4029 consulte
808 3974 1002 4040 decreuerunt,
1019 3976 1141 4031 scientes
1156 3992 1220 4030 euin
1235 3992 1294 4031 csse
1306 3981 1422 4031 tanetum
1435 3994 1468 4032 oc
1484 3979 1581 4044 talem,
1594 3983 1627 4035 ut
1641 3983 1670 4034 et
1685 3981 1746 4036 vio·

100 4048 190 4104 lentos
207 4049 350 4103 malorum
364 4050 484 4102 conatus
495 4062 549 4101 sua
562 4045 736 4099 auctoritate
750 4047 838 4116 facile
853 4047 987 4117 impedire
1003 4050 1145 4117 parentet
1160 4047 1243 4118 (estod
1258 4050 1350 4117 mtijus
1365 4050 1419 4115 est)
1434 4049 1745 4118 praecavendumest

96 4120 158 4190 iere
166 4121 314 4192 primatus
326 4117 518 4187 subjectarum
530 4130 600 4189 parc
610 4119 638 4169 et
652 4115 747 4170 salute
763 4118 958 4174 libentercum
973 4117 1099 4185 apostolo
1121 4119 1265 4174 alteritate
1280 4117 1497 4188 superimpendi
1527 4119 1620 4174 uellet.
1644 4121 1745 4176 Plures

98 4186 1363 4262 iciturbnedecausaadeumeptstotasdireeerunt,quasltuicopuscutoinserendas
1393 4203 1452 4243 esse
1480 4190 1511 4243 in
1540 4194 1743 4259 arettmcntum

99 4263 138 4317 rei
149 4265 238 4334 antae
251 4261 426 4318 censuimus.

479 4509 501 4562 l.
907 4517 932 4582 c
946 4523 1006 4578 pos,
1017 4523 1071 4562 non
1080 4508 1247 4564 consecravit
1258 4506 1331 4564 illos.
1344 4507 1475 4564 hbbatem
1487 4525 1596 4582 quoque
1614 4511 1745 4584 angeria·

180 4601 208 4658 l'.
224 4597 414 4656 xantonensis
428 4598 551 4670 episcopi
566 4597 602 4653 ad
621 4597 797 4669 Victorinum.

132 4690 283 4746 inscenso
303 4685 353 4742 bet
371 4685 461 4757 grstia
484 4685 647 4741 bituricensi
675 4682 893 4756 archiepiscopo,

99 4779 206 4836 mnino
220 4792 272 4833 sno
284 4774 457 4841 charissima,
469 4774 521 4830 Vn.
539 4774 726 4832 xantonensis
736 4773 892 4847 episcopus,

99 4869 217 4925 niumm
233 4873 261 4921 et
274 4863 471 4920 obedientiam.

131 4951 273 5013 Sanctitsti
286 4959 387 5009 vestrae
401 4949 589 5025 significamus
604 4952 678 5025 quod
700 4950 831 5008 Girardus
848 4950 894 5008 ille

97 5042 316 5118 sagalassensis
330 5039 486 5098 Ecclesiam
510 5042 559 5098 Dei
588 5042 614 5097 in
642 5041 764 5113 partibus
792 5040 893 5097 nostris

96 5135 166 5191 adeo
179 5131 398 5205 perturbaverat,
417 5138 449 5186 ut
468 5132 522 5201 jam
547 5139 715 5203 quaereretur
742 5131 814 5186 inter
843 5147 894 5185 nos

96 5225 173 5295 cuius
188 5222 254 5296 quis
266 5211 446 5293 protessionis
460 5228 547 5275 esset.
567 5220 602 5274 tit
616 5220 679 5291 quia
700 5220 786 5291 ipsius
806 5235 895 5291 pravae

95 5311 271 5386 pessumam
285 5323 335 5365 nos
346 5317 374 5364 et
387 5307 635 5378 comprovinciales
650 5308 773 5379 episcopi
802 5324 896 5364 assen-

95 5396 896 5464 sacrolateranetttetavensenetLemovicensemtcetus

95 5488 197 5548 sardic
210 5485 344 5562 principis
356 5485 453 5554 nostri
469 5501 486 5540 a
500 5485 614 5541 sedibus
641 5485 700 5541 suis
727 5486 839 5558 expulit,
861 5492 889 5542 et

95 5580 168 5639 alies
179 5575 301 5637 intrusit.
320 5574 377 5633 Sed
392 5574 456 5649 quis
469 5591 525 5632 non
539 5573 645 5633 habere
659 5582 767 5648 poteret
785 5577 894 5647 episco-

256 5674 390 5738 Panos.
404 5673 582 5739 CLXXIX.

946 4610 1058 4652 oensem
1073 4598 1098 4651 in
1114 4605 1204 4653 nostra
1218 4597 1331 4653 diaecesi
1346 4599 1550 4664 existenteme
1576 4602 1742 4656 monasterio

948 4700 998 4740 suo
1013 4702 1064 4756 per
1075 4702 1183 4741 rnattum
1197 4687 1304 4742 comitis
1319 4685 1410 4756 ejecit.
1423 4685 1495 4741 inter
1507 4703 1555 4742 nos
1567 4690 1647 4743 etiarn
1666 4689 1743 4759 prio-

947 4773 1091 4846 cipemque
1106 4783 1227 4830 nostrum
1243 4783 1343 4829 tautam
1355 4775 1501 4830 seminavit
1516 4775 1684 4831 discordiam
1695 4793 1743 4848 pro

949 4878 983 4918 eo
996 4865 1069 4934 quod
1085 4863 1203 4919 intrusos
1218 4881 1282 4920 suos
1290 4878 1464 4930 consecrare,
1475 4863 1530 4918 imo
1541 4879 1685 4919 exsecrare
1696 4882 1744 4920 no·

947 4951 1082 5019 lebamus,
1099 4953 1171 5025 quod
1187 4962 1212 5008 et
1227 4969 1276 5007 nos
1292 4961 1317 5008 et
1332 4950 1457 5008 canonici
1474 4951 1559 5006 nostri
1576 4967 1591 5006 a
1608 4951 1673 5008 sede
1689 4971 1741 5009 no-

948 5049 1043 5106 strast
1057 5044 1090 5095 ab
1105 5043 1174 5098 urbe
1190 5051 1215 5096 et
1232 5041 1351 5097 Ecclesia
1370 5040 1404 5095 ub
1420 5048 1519 5095 metum
1536 5049 1561 5094 et
1573 5041 1659 5096 minus
1669 5044 1744 5114 prin·

951 5130 1019 5201 cipis
1033 5131 1138 5202 egressi
1152 5147 1256 5197 sumus,
1268 5129 1407 5185 derelictis
1416 5129 1542 5184 domibus
1554 5138 1578 5184 et
1589 5133 1745 5202 possessio-

951 5220 1031 5274 nibus
1046 5221 1146 5275 nostris
1151 5218 1264 5288 justitiae
1274 5218 1370 5290 gratia.
1383 5217 1585 5274 deciditautem
1601 5236 1634 5274 en
1646 5221 1745 5277 divinas

952 5318 1078 5379 respectu
1090 5308 1206 5380 piaetatis,
1222 5308 1294 5379 qarod
1309 5308 1361 5362 iste
1373 5317 1428 5363 tum
1439 5307 1573 5362 uelandus
1584 5317 1610 5363 et
1623 5312 1745 5366 scelera-

951 5404 996 5452 tus
1016 5413 1169 5469 precursor
1191 5395 1350 5452 antichristi
1370 5395 1502 5451 Girardus
1523 5396 1746 5469 lingulismeosis

952 5487 1068 5561 qttadam
1083 5487 1127 5542 die
1142 5500 1203 5541 cum
1219 5502 1269 5556 per
1282 5485 1472 5558 episcopatum
1488 5491 1612 5541 nostrum
1627 5487 1746 5542 transis-

952 5582 1003 5644 set,
1019 5576 1052 5630 ab
1067 5575 1179 5631 aimaro
1193 5573 1228 5633 de
1238 5573 1383 5643 archiaco,
1394 5573 1609 5643 militestrenuo,
1622 5576 1748 5650 sororgio

1586 5672 1607 5733 2
1658 5740 1664 5751 .
