3750 6000
566 222 742 287 urtstotd
762 223 805 284 ET
825 216 1039 284 thtvrnuutt.
1574 224 1626 288 tat

69 363 212 437 episcopus
234 376 366 417 consensu
393 357 586 415 canonicorum
614 354 769 409 constituat.
786 348 891 420 Aque,
912 349 1002 407 dilecti
1026 350 1052 406 in
1077 349 1194 406 Domino
1218 349 1281 419 titii,
1306 350 1400 406 restris
1422 351 1627 411 rationabilibus

67 453 126 509 dom
142 453 171 509 S.
186 450 333 514 ilichaelis,
349 456 375 505 et
389 447 508 521 praedia,
533 454 560 501 et
582 443 774 516 possessiones,
829 437 1054 511 postulationibus
1081 439 1229 494 clementer
1256 439 1409 505 annuimus,
1429 448 1455 496 et
1472 441 1625 513 praedeces·

67 542 202 613 episcopus
216 539 389 612 peridoneus
403 544 483 593 testes
498 535 605 609 proprie
620 533 654 588 ad
669 532 775 604 cpisco-
828 543 921 584 serrem
936 535 1087 584 nostrorum
1103 527 1189 584 felicis
1206 527 1344 584 memoria
1363 529 1509 603 Paschapis
1525 538 1552 587 et
1578 534 1625 588 lu-

67 652 71 687 t
103 629 239 703 pertinere
275 627 446 701 probaverit,
477 625 581 697 quiete,
611 619 776 694 pacificeque
828 617 945 673 nocentii
972 617 1156 674 Romanorum
1185 615 1362 687 pontificum,
1392 619 1512 692 vestigiis
1544 620 1626 679 inhae-

67 728 108 777 rat.
129 720 163 775 Et
176 717 239 790 quia
252 716 374 773 canonici
396 716 517 781 domum,
533 713 560 767 in
575 729 628 782 qua
643 711 707 766 elim
722 711 773 764 ha-
828 712 926 771 rentes,
942 705 1083 762 ecclesiam
1099 706 1127 761 S.
1143 706 1264 771 ioannis,
1281 706 1308 761 in
1320 722 1373 777 qua
1399 706 1491 763 divino
1521 709 1626 767 manci·

67 816 131 865 rant
151 807 186 864 ad
201 805 383 877 ampliandam
406 802 551 860 Ecclesiam
576 805 774 866 coemerunt,
828 793 884 863 pati
900 795 963 849 estis
980 793 1121 866 obsequio,
1137 794 1187 850 sub
1202 795 1274 851 beati
1292 796 1361 851 Petri
1387 803 1415 853 et
1441 803 1531 854 nostra
1558 814 1627 870 pro·

67 914 88 953 n
115 897 145 952 in
173 912 227 967 qua
253 893 335 950 modo
355 892 485 959 habitant,
501 891 563 945 licet
573 889 642 960 juris
656 886 775 959 episcopi
829 882 944 939 tectione
964 882 1125 953 suscipimus
1138 891 1163 940 et
1178 884 1317 957 praesentis
1328 885 1420 958 scripti
1433 886 1535 959 pagina
1549 902 1626 943 com·

84 1002 134 1059 pro
158 983 303 1041 concordia
323 990 411 1038 tamen
436 989 464 1036 et
485 980 624 1047 charitate,
647 977 775 1049 deinceps
828 971 974 1041 munimus,
1003 979 1148 1028 statuentes
1176 981 1204 1029 ut
1232 988 1406 1046 quascunque
1434 974 1626 1047 possessiones,

68 1073 188 1131 immums
214 1073 277 1130 ritae
303 1087 391 1136 usum,
413 1078 440 1125 et
458 1069 683 1125 cohabitationem
711 1068 775 1123 reti·
828 1075 995 1132 quaecuuque
1009 1060 1081 1117 bona
1096 1062 1337 1134 impresentiarum
1355 1063 1428 1133 juste
1452 1070 1479 1119 et
1497 1066 1627 1122 meoniae

80 1159 362 1234 ethospitosquando
377 1157 772 1229 voluerintineamrecipiant,
828 1148 965 1220 possidet,
996 1156 1041 1205 tul
1066 1149 1093 1205 itt
1122 1150 1239 1206 luterum
1267 1150 1441 1208 concessione
1459 1152 1627 1227 pontificum,

68 1248 194 1304 nimirum
208 1247 236 1302 in
246 1245 372 1302 omnibus
386 1243 542 1300 auctoritate
556 1249 656 1298 sancta>
670 1243 775 1299 Roma·
828 1237 974 1309 largitione
987 1254 1082 1313 regum
1097 1238 1139 1294 vel
1153 1237 1319 1311 principum,
1333 1239 1471 1298 oblatione
1495 1239 1626 1315 fidolium,

68 1337 169 1394 ppffipae,
827 1339 875 1380 seu
891 1325 950 1381 aliis
961 1325 1041 1396 justis
1055 1324 1144 1382 modis
1162 1328 1271 1400 poterit,
1288 1328 1344 1384 Deo
1359 1328 1486 1401 propitio,
1503 1330 1626 1403 adipisci,

68 1442 112 1498 pua
129 1424 210 1498 igitur
237 1423 265 1478 in
294 1423 410 1478 laturum
438 1422 631 1489 ecclesiastiea,
657 1421 773 1478 saecula·
827 1414 904 1470 firma
929 1415 1008 1472 robis
1034 1417 1182 1488 vestrisque
1223 1417 1425 1474 successoribus
1460 1425 1488 1474 et
1522 1418 1627 1477 illibata

68 1529 180 1590 persona
202 1515 271 1569 hanc
299 1519 398 1569 nostre
426 1511 621 1567 constitutionis
645 1512 773 1584 paginam
827 1512 1018 1576 permaneant:
1035 1506 1062 1561 in
1077 1506 1174 1577 quibus
1188 1506 1246 1562 baec
1258 1506 1375 1579 propriis
1388 1506 1515 1564 duximus
1532 1509 1628 1581 expri-

76 1612 193 1673 ,coutra
222 1618 282 1659 eam
310 1610 410 1657 temere
437 1601 529 1657 venire
553 1601 702 1670 tentaverit,
727 1616 773 1657 se·
826 1593 925 1648 menda
951 1594 1089 1651 vocabulis
1112 1613 1118 1650 :
1142 1595 1172 1650 ln
1200 1594 1296 1650 eodem
1315 1595 1470 1669 episcopatu
1489 1597 1628 1655 Pannenai

79 1694 192 1750 tertiore
206 1691 381 1758 commonita,
398 1690 420 1745 si
434 1706 488 1746 non
502 1689 683 1746 satislactione
703 1706 772 1746 con-
785 1707 813 1768 B
828 1683 968 1739 ecclesiam
983 1682 1012 1739 S.
1029 1682 1167 1753 Stephani,
1186 1699 1246 1754 quae
1260 1684 1342 1739 estin
1356 1686 1460 1759 burgo,
1485 1684 1627 1744 ecelesiam

71 1782 265 1847 emendaverit,
282 1780 420 1853 potestatis
436 1780 599 1851 honorisque
623 1781 662 1836 sui
686 1781 776 1855 digni.
828 1771 918 1828 Sancti
941 1771 1079 1828 Michaelis
1104 1772 1137 1827 de
1166 1773 1254 1840 hmo,
1281 1773 1423 1829 ecclesiam
1451 1773 1541 1831 Sancti
1569 1775 1629 1832 Ste-

69 1880 155 1939 areat,
172 1869 422 1927 etasacratissimo
450 1885 562 1940 corpore
590 1877 616 1924 et
643 1873 775 1945 sanguine
828 1861 912 1932 phani
940 1861 976 1917 de
1002 1861 1118 1928 Temno,
1148 1861 1289 1917 ecclesiam
1319 1862 1410 1919 Sancti
1435 1863 1538 1920 Salrini
1565 1881 1628 1921 curn

69 1961 195 2018 tliomini
205 1957 394 2030 Redemptoris
408 1957 490 2013 nostri
503 1958 565 2012 Jesu
576 1958 671 2015 Christi
686 1961 775 2018 aliena
829 1957 918 2017 curie,
947 1949 1087 2006 θθΰῐθὸῑῦῐῃ
1117 1949 1209 2006 Stulti
1238 1951 1372 2007 Laurentii
1400 1951 1434 2008 de
1462 1951 1627 2012 iiamusello.

69 2051 253 2107 tinexeeme
268 2047 394 2104 examine
417 2046 544 2101 risehae
569 2047 662 2104 eruent
679 2049 774 2118 sueta·
829 2039 950 2094 Castrum
973 2037 1119 2093 namusetti
1150 2054 1211 2094 eum
1239 2040 1365 2108 eeclesia.
1394 2047 1510 2097 casuum
1537 2042 1628 2099 smeu

74 2134 291 2193 Cunctisautem
306 2133 395 2187 eidem
409 2131 538 2187 Ecclesiae
551 2132 774 2201 justaserranti-
828 2126 922 2182 Vitalis
949 2141 1010 2182 cum
1039 2126 1152 2182 ecclesia
1177 2134 1203 2183 et
1234 2129 1481 2193 curra,ecclcsiam
1504 2127 1628 2187 (1θῦιί-

69 2233 141 2299 tpax
158 2223 266 2280 Domini
282 2223 366 2276 nostri
387 2220 575 2287 iesu-Christi,
592 2229 723 2291 quatenus
746 2230 774 2279 et
827 2230 910 2281 naoo,
927 2213 1069 2270 θῢθῑθδῑθῐῦ
1083 2214 1173 2271 sancii
1189 2216 1317 2287 silvestri
1341 2217 1375 2273 (¹0
1396 2217 1517 2286 lssehells
1539 2218 1628 2276 “⁰¹0-

69 2321 146 2370 ictum
173 2311 256 2367 bonae
285 2308 398 2366 actionis
411 2308 579 2379 percipiant,
595 2316 622 2364 et
634 2309 706 2378 apud
733 2311 774 2365 (lt.
827 2303 895 2358 siam
924 2302 1016 2359 Sancti
1044 2303 1194 2360 Salvatoris
1221 2302 1255 2360 de
1278 2305 1434 2378 Sanguineo
1454 2321 1516 2363 cum
1539 2313 1628 2364 casuo

69 2418 93 2457 m
107 2400 229 2457 iudicem
253 2398 367 2469 praemia
387 2404 498 2452 aeternae
519 2396 595 2467 pacis
617 2398 767 2456 inveniant.
828 2399 855 2446 et
868 2398 958 2461 curte;
986 2391 1054 2447 (luas
1068 2400 1158 2462 partes
1172 2392 1254 2448 curtis
1269 2393 1372 2463 Saccae,
1388 2402 1414 2450 et
1429 2394 1502 2465 quod
1512 2394 1585 2465 juste
1599 2395 1629 2452 in

82 2506 172 2558 amen,
188 2505 277 2545 amen.
827 2487 940 2545 eeclesia
963 2486 1090 2558 ejusdem
1121 2488 1174 2545 loci
1197 2488 1322 2559 habetis,
1350 2489 1493 2548 ecclesiam
1520 2490 1629 2548 Sanctae

86 2580 183 2636 Lucius
196 2577 341 2634 Catholicae
355 2575 510 2647 episcopus.
825 2576 948 2647 lustina,
971 2574 1115 2632 ecclesiam
1140 2577 1232 2633 Sancti
1259 2578 1391 2651 Prosperi,
1407 2586 1434 2635 et
1447 2578 1538 2636 Sancti
1552 2580 1629 2636 Ana·

78 2668 218 2727 Conmdus
233 2665 391 2724 sabinensis
406 2665 558 2736 episeopus.
826 2665 899 2720 stasii
917 2673 1052 2737 quaesunt
1067 2665 1094 2720 in
1109 2666 1204 2722 eadem
1219 2666 1345 2723 civitate:
1367 2667 1508 2724 ecclesiam
1536 2668 1629 2726 Sancti

80 2755 236 2815 'theodinus
249 2756 278 2811 S.
294 2753 409 2810 Rullinae
424 2754 578 2827 episcopus.
826 2753 919 2810 Jacobi
933 2770 994 2825 quae
1014 2762 1054 2810 est
1075 2754 1101 2809 in
1122 2755 1212 2827 capite
1236 2756 1336 2828 pontis,
1365 2756 1509 2813 ecclesiam
1536 2757 1628 2814 Sancti

81 2847 234 2920 Stephanus
248 2843 432 2900 Prenestrinus
446 2844 528 2914 episc.
825 2851 898 2908 Petri
912 2850 947 2908 de
960 2852 1049 2925 Burgo
1065 2853 1156 2909 Sancti
1178 2852 1306 2922 Domini,
1332 2853 1473 2911 ecclesiam
1496 2853 1531 2911 de
1558 2855 1628 2912 Pro-

78 2937 173 2994 Petrus
185 2933 309 2989 hibensis
320 2933 471 3006 episcopus.
826 2940 963 3010 vinniano,
974 2940 1116 2997 ecclesiam
1127 2939 1160 2996 de
1175 2941 1244 2998 Casa
1258 2941 1307 2998 Dei
1322 2957 1382 2998 cum
1391 2941 1518 2999 omnibus
1532 2958 1626 3000 aarum

80 3025 143 3083 GG.
157 3024 253 3097 presb.
270 3021 346 3079 card.
368 3023 409 3076 tit.
428 3022 457 3078 S.
474 3022 584 3080 calixti.
784 3030 1003 3127 Cpertinentiis,
1024 3030 1167 3087 eeclesiam
1197 3031 1289 3086 Sancti
1317 3031 1437 3088 llatthaei
1464 3032 1497 3088 de
1527 3032 1625 3103 Gallio,

82 3113 147 3172 Gio.
166 3113 259 3185 presb.
279 3111 356 3167 card.
376 3111 414 3166 tit.
432 3112 464 3168 S.
484 3112 609 3171 Caeettie.
825 3119 966 3176 ecclesiam
980 3119 1071 3175 Sancti
1086 3120 1183 3176 blelani
1198 3135 1260 3176 num
1272 3119 1416 3177 medietate
1428 3120 1508 3194 burgi
1523 3129 1551 3178 et
1564 3138 1629 3194 qua·

81 3204 200 3260 Th⁰m⁸⁵
213 3199 303 3272 presb·
319 3199 394 3256 wll·
409 3198 437 3257 S·
455 3200 583 3259 Vesiiflae·
821 3224 887 3280 tuor
901 3216 1037 3286 domibus,
1053 3217 1193 3274 ecclesiam
1208 3216 1243 3273 de
1258 3218 1371 3274 Paterno
1399 3233 1461 3274 cum
1489 3227 1577 3276 castro
1601 3227 1628 3276 et

81 3291 200 3349 ffifflld·
214 3289 303 3364 ΡΜ
319 3289 397 3345 wd-
417 3290 445 3346 5·
462 3291 601 3349 Pmedil·
826 3314 909 3373 curte,
925 3307 1067 3362 ecclesiam
1083 3306 1176 3363 Sancti
1191 3305 1329 3362 llichaelis
1345 3305 1380 3362 de
1395 3306 1491 3373 Filino.
1509 3316 1537 3364 et
1553 3308 1628 3382 quod

82 3380 237 3439 lanfredus
251 3380 341 3452 presb·
357 3380 430 3435 iisd·
447 3380 475 3436 S·
493 3380 610 3438 Savissffl·
824 3397 896 3466 juste
923 3394 1029 3451 habetis
1055 3395 1083 3451 in
1111 3395 1227 3452 ecclesia
1241 3395 1332 3452 Sancti
1350 3396 1452 3469 Georgi
1475 3395 1509 3454 de
1531 3397 1627 3454 Pratis.

82 3471 145 3529 0²20
168 3469 237 3526 diflss·
260 3468 337 3525 eisd·
357 3467 385 3524 S·
403 3467 514 3541 Ge⁰iSii
537 3471 571 3525 ad
598 3470 691 3528 velum
715 3473 773 3526 ΛΠ·
827 3491 858 3547 ln
873 3491 1001 3564 {legiensi
1028 3507 1093 3548 vcro
1120 3493 1279 3565 episcopatu
1306 3493 1447 3550 ecclesiam
1470 3493 1562 3551 Sancti
1575 3493 1629 3550 ttt-

827 3579 946 3649 cireelis;
963 3579 990 3635 in
1005 3581 1120 3635 Lunensi
1154 3581 1312 3652 episcopatu
1345 3583 1487 3639 ecclesiam
1520 3583 1629 3640 &actae

826 3677 952 3746 lustina,
986 3677 1126 3732 ecclesiam
1155 3677 1190 3734 de
1216 3679 1389 3748 Carallaria;
1415 3680 1442 3735 in
1471 3680 1629 3753 episcopatu

828 3764 983 3821 Pistoriensi
1013 3765 1204 3821 monasterium
1233 3766 1324 3823 Sancti
1349 3767 1549 3837 bartholomei,
1566 3784 1628 3825 cnm

827 3853 940 3911 eeclesia
966 3853 1072 3910 Sanctae
1087 3853 1178 3909 hiariae
1193 3870 1253 3925 quaa
1268 3863 1307 3911 ast
1319 3856 1346 3911 in
1362 3856 1461 3928 burgo,
1483 3865 1509 3913 et
1538 3858 1628 3914 eccle-

84 3650 174 3708 Guitlo
188 3650 259 3705 diac.
276 3647 349 3704 card.
365 3648 413 3704 SS.
432 3649 538 3704 Cosmae
552 3655 579 3703 et
593 3647 727 3704 Damiaui.

83 3741 200 3796 Joannes
213 3738 283 3793 diac.
299 3735 372 3792 card.
389 3736 418 3793 S.
434 3737 527 3793 blariae
540 3738 636 3793 Novae.

71 3845 109 3885 rm
123 3827 246 3884 Laterani
271 3842 321 3897 per
341 3842 437 3882 manus
451 3825 583 3897 capellani
599 3834 625 3882 et
638 3825 775 3898 scriptoris

71 3918 98 3973 d.
115 3917 225 3989 Aprilis,
256 3914 361 4014 indict.
380 3930 427 3984 rur,
456 3918 562 3972 lucam.
586 3916 666 3972 Dum.
694 3917 773 3985 llll,
828 3944 988 4000 siasmoe
1002 3941 1095 3998 ΗΜ
1110 3958 1171 4012 quae
1197 3950 1238 3999 ω
1267 3951 1343 4000 mm
1357 3946 1628 4017 mmmmm

71 4014 145 4065 “2⁰⁸
159 4021 226 4063 i'0f0
239 4006 273 4061 Β·
290 4004 363 4063 L¹¹05¹
380 4003 404 4060 Π
418 4020 498 4076 1³³9ae
512 4020 582 4061 ”¹¹¹⁰
598 4021 619 4059 ¹·
828 4032 919 4090 Sancti
934 4031 1125 4088 Bartholomaei
1141 4031 1175 4088 de
1190 4032 1336 4102 Trarallio,
1366 4032 1508 4090 ecclesiam
1536 4035 1629 4092 Sancti

827 4128 958 4187 Domuini
971 4128 1006 4187 de
1021 4129 1134 4202 impolis
1148 4144 1209 4186 cum
1224 4136 1298 4186 curte
1313 4136 1341 4186 et
1354 4129 1481 4187 omnibns
1493 4130 1549 4188 suis
1562 4147 1628 4203 per·

355 4202 398 4256 Vl·
828 4217 958 4287 tinentiis,
986 4218 1128 4276 eeclesiam
1157 4220 1263 4276 Sancta
1290 4219 1385 4275 blariac
1412 4218 1446 4276 dc
1470 4221 1628 4292 Capiciano,

72 4325 161 4400 wrm
177 4323 773 4399 promonastarios‚100nnirparmemtr‚
828 4316 970 4373 ecclesiam
998 4316 1087 4373 Sancti
1116 4317 1254 4373 biicbaelis
1275 4316 1309 4373 dc
1333 4317 1409 4376 Valla
1422 4317 1547 4388 Nebulae,
1567 4333 1629 4375 curn

250 4397 343 4452 ordiu-
362 4395 493 4451 Catium·
786 4424 813 4487 D
830 4406 956 4462 omnibns
978 4422 1071 4463 emuna
1097 4406 1284 4478 pertinentiis;
1300 4407 1421 4463 decimas
1432 4422 1539 4479 quoque
1554 4423 1570 4464 a
1583 4407 1630 4465 di·

200 4540 291 4611 (Anno
308 4538 375 4595 lm
402 4539 469 4593 Man
497 4539 554 4610 Η)
827 4496 960 4553 scretione
1006 4496 1190 4552 Parmensium
1234 4496 1423 4569 episcoporum
1466 4496 1629 4554 monasterio

379 4580 386 4608 ,
473 4580 479 4592 .
533 4580 539 4594 .

828 4591 917 4641 restro
944 4600 1099 4654 concessas,
1129 4585 1208 4645 robis
1229 4585 1405 4641 nihilominus
1419 4584 1624 4642 confirmamus.

91 4660 269 4735 [ffllfflffih
287 4660 397 4717 Rimas·
418 4660 517 4716 caim·
537 4659 570 4727 ¹¹·
591 4657 663 4733 ¹⁶¹]
829 4673 900 4728 Sane
914 4671 948 4728 de
963 4671 1101 4730 laboribus
1115 4689 1183 4745 quos
1196 4673 1313 4747 propriis
1326 4674 1453 4730 manibus
1480 4681 1527 4731 aut
1551 4688 1629 4730 aum·

72 4801 114 4842 tos
134 4785 286 4856 episcopus,
307 4800 403 4840 servus
424 4799 563 4839 servorum
587 4783 646 4848 Dei,
672 4783 775 4841 dilecti,
829 4769 919 4841 ptibus
932 4769 1029 4835 colitis,
1046 4786 1095 4826 scu
1117 4769 1151 4826 de
1172 4770 1345 4827 nutrimentis
1357 4778 1504 4828 resuomm
1527 4771 1630 4828 anima·

72 4889 174 4930 *ernost
188 4873 279 4929 abbati
295 4873 449 4927 monasterii
465 4872 555 4927 Sancti
570 4871 680 4926 Joannis
703 4872 775 4942 quod
830 4858 904 4925 lium»
920 4874 937 4913 ἃ
952 4858 1029 4915 V⁰bi³
1051 4858 1172 4915 dfflimsts
1194 4861 1270 4935 exigi
1286 4862 1472 4934 Pfflhibffltss·
1491 4859 1629 4930 Qtlaefflfl·

73 4962 157 5019 mensi
180 4960 247 5017 urbe
268 4962 346 5016 situm
368 4969 424 5028 est,
440 4962 552 5030 ejusque
566 4960 701 5028 iratribus,
720 4967 774 5015 tarn
830 4970 881 5024 que
896 4970 960 5012 acro
976 4955 1060 5011 libera
1083 4972 1200 5028 persona
1221 4957 1255 5013 ad
1276 4974 1327 5015 vos
1341 4959 1434 5015 venire
1449 4965 1476 5014 et
1489 4958 1630 5031 religionis

73 5051 155 5107 atibus
169 5067 250 5122 quam
263 5050 357 5105 suturis
371 5050 522 5119 regularem
537 5050 619 5105 vitam
635 5048 774 5120 professis,
829 5044 950 5098 habitum
974 5043 1111 5113 suscipere
1135 5045 1266 5114 voluerit,
1292 5045 1427 5103 licentiam
1452 5045 1477 5101 ei
1499 5046 1629 5103 concedi·

73 5148 193 5211 paruum,
830 5148 901 5187 mus.
926 5131 1097 5205 Sepulturam
1113 5148 1220 5204 qrroque
1241 5133 1325 5205 ipsius
1351 5135 1403 5192 loci
1430 5134 1543 5192 liberam
1571 5151 1630 5192 esse

75 5227 148 5285 niam
163 5229 221 5283 sine
235 5244 306 5284 verae
324 5228 399 5284 cultu
422 5227 563 5299 religionis
577 5243 626 5283 nec
641 5227 776 5283 charitatis
829 5229 1015 5298 concedimus,
1031 5237 1059 5286 ut
1074 5228 1226 5301 quicunque
1241 5245 1270 5287 se
1286 5230 1341 5287 illic
1368 5232 1476 5305 sepeliri
1504 5231 1631 5290 decreve-

90 5323 180 5389 potest
206 5317 364 5387 subsistere,
380 5332 429 5372 nec
443 5316 493 5370 Dei
521 5324 626 5388 gratum
654 5316 775 5372 exhiberi
828 5317 890 5387 rint,
906 5318 956 5374 nisi
981 5318 1050 5375 lorte
1074 5319 1299 5375 excommunicati
1328 5320 1441 5390 luerint,
1462 5336 1556 5377 eorum
1584 5320 1630 5378 dc·

73 5422 128 5473 nm,
145 5404 254 5477 expedit
272 5405 427 5476 apostolicae
449 5404 609 5470 auctoritati,
633 5405 775 5478 religiosas
829 5406 931 5463 vetioni
957 5413 985 5463 et
1010 5414 1137 5463 extremae
1165 5407 1296 5466 voluntati
1311 5408 1400 5464 nullus
1416 5408 1537 5478 obsistat,
1552 5409 1630 5468 salso

73 5510 110 5552 tas
122 5494 246 5568 diligere,
262 5501 288 5550 et
301 5494 362 5552 loca
386 5495 414 5550 in
437 5494 534 5565 quibus
557 5494 655 5551 divinis
677 5503 776 5551 vacant
830 5502 920 5551 tamen
930 5493 993 5566 jure
1007 5493 1127 5553 matricis
1140 5494 1280 5552 Ecclesia.
1303 5495 1481 5553 Decernimua
1508 5513 1573 5571 ergo
1599 5502 1630 5554 ut

74 5583 337 5655 ,sedisapostolicae
352 5583 500 5641 munimine
515 5584 669 5644 conterere.
691 5583 774 5642 ideo·
828 5583 895 5641 nubi
924 5583 1036 5644 omnino
1063 5584 1204 5643 bominum
1231 5583 1312 5643 liccat
1335 5584 1409 5643 idem
1431 5585 1628 5645 monsterium
