3750 6000
99 238 168 298 isle
569 231 748 293 ademarii
766 229 1095 294 malmsburiensem
1114 230 1274 295 honneni
1684 229 1751 290 ΜΒ

100 360 231 425 insiliens,
246 373 395 431 omnesque
409 359 613 417 eimumstuntes
641 357 733 413 riuirlo
761 357 897 429 peretrin-
912 358 940 420 Α
955 355 1000 429 qui
1015 354 1178 414 familiarem
1191 358 1249 429 jam
1264 352 1365 414 dudum
1385 357 1458 428 apud
1472 355 1595 416 Scottum
1616 353 1753 412 locaverat

2 520 4 525 Ι
99 464 168 522 gens
180 449 270 514 oculo,
288 470 298 497 n
316 446 393 516 Quis,
410 447 505 517 inquit,
520 464 564 503 me
579 447 699 517 dejecit?
717 467 729 495 u
752 445 898 501 linesitan·
953 448 1081 520 gratiam,
1097 444 1168 503 iuter
1182 446 1352 505 hiulcolmum
1368 454 1395 503 et
1410 442 1579 503 Willelmum
1608 440 1753 502 concordia

104 539 173 594 tibus
187 539 297 600 cunetis,
316 537 394 591 miles
408 537 521 590 asidaeis
541 536 604 591 iacti
627 536 749 591 conscius
772 548 825 589 nou
848 535 899 591 de·
951 535 1021 591 inita
1037 554 1043 591 :
1061 544 1238 592 veruntamen
1265 537 1360 592 multis
1387 534 1583 593 controuersiis
1610 530 1753 604 utrobique

102 627 151 682 luit
172 626 324 697 patrocinio
341 640 405 692 suo,
422 625 538 679 diceus:
563 647 573 669 u
592 627 667 696 Ego,
684 625 729 694 qui
745 633 771 680 te
783 638 838 678 uon
853 638 901 693 pu·
955 623 1067 691 trahitis,
1084 633 1110 679 et
1130 624 1273 679 lluctuaute
1296 633 1406 696 propter
1429 631 1605 694 utrorumque
1625 621 1753 678 animosi-

104 725 189 770 tarem
213 730 271 770 esse
292 731 403 786 regem,
428 713 475 768 sod
498 713 622 768 militem.
640 732 652 764 ι
673 714 740 767 Tum
766 727 830 767 reru
854 724 902 768 rex

105 804 239 876 placidus,
256 803 384 872 vultuque
398 817 517 866 serenus,
531 824 543 849 e
557 803 607 856 Per
620 800 734 868 vultum,
748 820 759 851 r
776 803 823 869 alt,
842 823 853 849 ι
868 800 902 856 de

104 896 176 949 Luca
191 893 247 962 (35)
262 891 312 961 (sic
325 892 397 946 enim
415 891 545 960 jurabat),
560 905 637 945 meus
660 907 676 944 o
699 888 781 946 mode
797 891 861 956 eris,
877 897 904 944 et

105 998 167 1037 meo
182 982 244 1036 elbo
259 981 373 1035 insertus
388 980 531 1035 laudabilis
546 980 649 1035 militiae
673 979 785 1051 prumia
808 993 904 1050 repor-

106 1071 185 1125 tabis.
199 1093 210 1118 n
224 1071 310 1125 ilecto
324 1069 417 1133 animi,
428 1068 597 1140 amplissime
610 1084 670 1136 rex,
687 1068 759 1138 quod
772 1068 820 1123 tibi
836 1082 905 1137 pras-

105 1160 212 1215 couium
228 1174 311 1229 super
328 1158 379 1213 hoc
392 1157 466 1214 dieto
481 1157 654 1226 rependam?
670 1157 797 1229 dmagoi
813 1170 904 1227 qnon-

103 1250 166 1303 dam
182 1247 328 1302 Alexandri
344 1262 399 1302 uon
415 1245 534 1317 degener
543 1246 640 1318 gloria,
652 1245 697 1315 qui
710 1247 821 1300 Persam
835 1245 906 1299 mili·

105 1347 159 1392 tem
176 1353 232 1393 soa
245 1345 323 1408 tergo
334 1335 415 1390 ferire
425 1343 563 1400 conatum,
574 1335 621 1389 sed
635 1349 685 1404 pru
700 1333 816 1405 perlldia
833 1332 907 1389 ensis

106 1443 154 1496 spe
180 1439 230 1480 sua
253 1425 426 1492 frustratum,
457 1423 619 1479 ineolumem
649 1437 699 1492 pro
726 1421 907 1479 admiratione

106 1514 271 1569 fortitudinis
286 1513 469 1568 conservarit.

231 1644 266 1684 DE
285 1640 507 1684 mstnsusrdnrsts
527 1643 634 1684 cohme
653 1641 785 1685 aenean.

957 718 1036 766 tatem
1050 712 1173 782 justitie,
1189 710 1348 768 blalcolmus
1372 714 1443 769 ultro
1464 711 1653 769 Gloecestram
1670 706 1752 775 uertit,

956 801 1040 871 aequis
1054 802 1184 857 duntaxat
1199 798 1409 868 conditionibus,
1425 801 1525 858 multus
1538 814 1587 873 pro
1604 815 1670 873 pace
1692 815 1753 868 pre-

957 899 1031 946 cator
1045 892 1112 961 (36);
1128 906 1179 946 nec
1194 890 1336 962 quiequam
1350 888 1474 959 obtinuit,
1487 890 1541 945 nisi
1554 894 1583 944 ut
1596 889 1625 944 iu
1641 903 1753 960 reguum

957 976 1094 1035 indemnis
1117 979 1220 1035 rediret
1234 978 1302 1052 (37),
1318 978 1485 1052 dedignante
1500 995 1566 1051 rege
1580 975 1645 1033 dolo
1660 992 1753 1048 capere

959 1083 1039 1141 quem
1051 1067 1151 1124 virtute
1160 1067 1316 1141 subegisset
1326 1069 1368 1140 (d.
1381 1066 1415 1125 D.
1429 1063 1517 1135 1093).
1530 1066 1661 1136 idemque
1672 1059 1755 1137 proxi-

958 1172 1003 1213 ma
1019 1157 1125 1229 hyeme,
1142 1155 1177 1212 ah
1192 1156 1345 1213 hominibus
1360 1156 1471 1212 liuberti
1484 1152 1591 1212 comilis
1604 1153 1755 1209 llumbreu-

960 1246 1039 1311 sium,
1063 1246 1150 1317 magis
1173 1243 1270 1301 fraude
1294 1259 1374 1316 quam
1398 1245 1501 1301 viribus
1523 1243 1662 1301 occubuit.
1679 1238 1757 1312 Cujus

961 1334 1086 1390 interitus
1108 1341 1219 1406 accepto
1244 1335 1354 1402 nuncio,
1370 1348 1440 1390 uxor
1459 1332 1623 1406 llargareta,
1639 1333 1756 1387 eleemo-

960 1424 1034 1496 synis
1055 1431 1082 1478 et
1100 1420 1230 1493 pudicitia
1258 1422 1390 1496 insignis,
1420 1420 1561 1478 fastidiens
1584 1416 1668 1489 hujus
1695 1417 1757 1475 lueis

961 1524 1081 1580 moram,
1097 1519 1211 1567 mortem
1225 1509 1347 1582 precario
1363 1510 1457 1584 exegit
1472 1524 1487 1566 a
1501 1507 1559 1566 Deo
1571 1527 1578 1563 :
1591 1507 1674 1564 ambo
1690 1506 1758 1562 cultu

963 1599 1070 1672 pietatis
1084 1599 1218 1672 insigues,
1235 1597 1281 1654 illa
1297 1596 1442 1672 praecipue.
1469 1598 1596 1671 Namque
1619 1605 1679 1652 totu
1702 1595 1760 1650 vita

141 1719 236 1790 μω,
269 1719 326 1772 qam
353 1731 418 1773 ,ero
442 1725 470 1772 u,
495 1716 528 1772 de
563 1718 770 1774 mansuemdine
803 1696 1086 1782 comffissstempore
1100 1688 1197 1761 uiginti
1217 1695 1333 1761 quatuor
1351 1700 1488 1758 pauperes
1503 1686 1632 1752 hahebat,
1648 1681 1760 1740 ubicun-

106 1806 205 1864 dicam.
222 1807 289 1862 Cum
306 1804 412 1862 obsidio
427 1821 459 1862 eo
476 1820 562 1878 usque
586 1807 764 1878 processisset
788 1814 817 1860 ut
838 1820 910 1877 aqua

108 1897 215 1953 deesset
236 1895 365 1964 obsessis,
380 1893 457 1951 misit
480 1893 610 1951 Heurr'cus
630 1896 745 1952 nuncios
760 1895 844 1964 493
860 1910 909 1950 co·

108 1986 177 2051 miti,
191 1985 236 2058 qui
252 2000 313 2041 eum
329 1985 362 2039 de
378 1985 422 2040 siti
440 2000 489 2040 sua
503 1985 678 2041 conueniant.
707 1984 825 2056 impium
851 1996 910 2038 esse

109 2080 139 2130 ut
154 2091 214 2130 eum
230 2088 298 2144 aqua
312 2081 432 2141 arceant,
449 2089 511 2147 quse
532 2081 606 2129 esset
629 2071 783 2130 cummunis
804 2080 910 2127 morta·

108 2164 179 2218 libus
194 2180 199 2216 :
217 2163 302 2228 aliter,
319 2163 341 2216 si
358 2163 431 2229 ralit,
449 2164 574 2218 virtutem
591 2163 760 2233 superlatum
783 2177 833 2216 nee
855 2174 909 2232 pu·

109 2262 174 2324 quet
188 2252 320 2306 violentia
340 2251 554 2318 elementorum,
580 2251 628 2307 sed
653 2252 750 2306 uirtute
775 2248 906 2303 militum.

111 2342 178 2395 Tum
200 2341 255 2403 ille,
267 2341 386 2411 genuina
411 2341 509 2394 mentis
532 2340 645 2395 mollitie
664 2340 760 2405 tlexrrs,
777 2350 839 2394 suos
858 2352 912 2407 qua

110 2429 318 2498 praetendebant
341 2429 428 2482 laxius
453 2429 554 2483 habere
569 2445 597 2483 se
614 2429 703 2498 jussit,
720 2443 754 2482 nc
770 2427 852 2482 frater
872 2425 911 2479 si-

111 2519 238 2575 ticulosus
253 2527 317 2588 pota
331 2525 436 2572 careret
448 2535 454 2572 ι
467 2517 537 2586 quod
554 2533 616 2572 cum
632 2517 746 2572 relatum
761 2516 818 2587 regi
829 2521 911 2580 esset,

112 2615 141 2661 ut
155 2623 267 2676 semper
285 2605 372 2661 colori
393 2621 498 2675 pronus
511 2613 580 2673 erat,
596 2605 688 2661 comiti
703 2604 770 2659 dixit
786 2621 791 2655 :
811 2625 822 2650 ι
840 2601 912 2658 lielle

113 2696 166 2750 scis
187 2695 296 2749 actitare
322 2709 465 2764 guerram,
490 2694 534 2764 qui
559 2695 681 2748 hostibus
706 2693 811 2763 praebes
835 2707 913 2763 squas

116 2783 242 2852 copiam,
260 2789 287 2835 et
300 2781 437 2850 quomodo
452 2797 500 2837 eos
510 2782 686 2836 domabimus
700 2781 725 2835 si
740 2780 779 2835 eis
792 2781 820 2834 in
834 2787 912 2850 pastu

114 2879 141 2924 et
164 2870 191 2924 in
213 2877 278 2938 potu
299 2869 513 2924 indulserimus?
527 2893 539 2917 »
566 2871 604 2924 rit
627 2870 671 2925 ille
693 2869 822 2925 renidens
845 2867 912 2923 illud

113 2974 190 3014 come
214 2965 240 3012 et
263 2957 358 3012 merito
381 2957 514 3013 iamosum
537 2959 648 3014 uerbum
670 2959 780 3013 emisit:
800 2977 811 3008 r
829 2958 912 3027 Papo,

965 1792 1018 1849 que
1033 1776 1153 1834 locomm
1177 1783 1242 1843 orat,
1258 1791 1325 1848 quos
1348 1776 1416 1832 cibis
1430 1782 1457 1832 et
1472 1774 1592 1831 restibus
1614 1768 1760 1829 reliciehat.

963 1866 1112 1933 Catemm,
1142 1865 1314 1922 sacerdotum
1343 1872 1454 1921 cantum
1481 1860 1510 1918 in
1537 1860 1763 1935 Quadragcsims

963 1957 1143 2026 praeveniens,
1159 1950 1283 2011 noctibus
1303 1952 1330 2008 lu
1354 1953 1455 2025 templo
1469 1951 1632 2022 excubabat,
1650 1946 1762 2021 triplici-

964 2046 1014 2101 bus
1034 2041 1174 2099 matutinis
1189 2043 1249 2115 ipsu
1261 2041 1401 2108 insistens,
1415 2043 1449 2098 de
1461 2040 1601 2107 Trinitate,
1618 2038 1653 2095 de
1667 2038 1761 2104 Cruce,

965 2133 999 2190 de
1015 2142 1107 2189 sancta
1123 2130 1220 2200 llaria;
1243 2130 1306 2186 inde
1330 2130 1500 2202 psalterium,
1526 2144 1590 2187 cum
1616 2126 1763 2199 lachrymis

966 2230 1067 2278 restem
1082 2220 1298 2286 infundentibus,
1327 2227 1424 2291 pectus
1448 2215 1669 2274 succutientibus.
1686 2214 1763 2272 lem·

964 2312 1011 2384 plo
1026 2308 1185 2383 digrediens
1200 2308 1332 2379 pascebat
1356 2320 1503 2379 pauperes,
1520 2308 1607 2378 primo
1622 2315 1688 2374 tres,
1704 2317 1764 2360 mor

967 2415 1075 2466 norem,
1091 2396 1154 2454 inde
1180 2397 1274 2468 viginti
1300 2404 1424 2467 quatuor,
1451 2400 1589 2467 postremo
1614 2398 1762 2456 trecentum

966 2491 1024 2561 ipsa
1040 2503 1101 2545 cum
1114 2502 1181 2558 rego
1197 2486 1334 2552 assistens,
1352 2493 1379 2540 et
1393 2483 1517 2541 manibus
1546 2497 1645 2554 squam
1674 2481 1764 2538 inluu-

966 2581 1046 2636 dens.
1070 2576 1225 2647 liudgerum
1250 2572 1333 2629 lilium
1357 2573 1433 2644 eius,
1461 2573 1602 2643 expulsum
1624 2588 1640 2627 a
1663 2579 1764 2644 patruo,

966 2667 1123 2723 willelmus
1149 2663 1310 2720 relormarlt
1324 2662 1407 2729 solio,
1424 2662 1534 2735 egregia
1554 2661 1635 2733 plane
1659 2665 1686 2717 et
1710 2674 1766 2732 qua

968 2764 1072 2814 tuntum
1094 2754 1182 2809 rirum
1207 2750 1320 2808 decebat
1344 2749 1454 2824 pietate,
1470 2758 1508 2816 ut,
1530 2758 1703 2820 paternarum
1724 2746 1765 2803 iu·

964 2847 1096 2916 juriarum
1125 2841 1277 2911 immemor,
1308 2839 1392 2896 tilium
1427 2840 1578 2912 supplicem
1616 2839 1767 2894 restitueret

968 2949 1064 3007 regno.

112 3046 277 3102 dimitterem
301 3047 411 3101 tratrem
436 3054 556 3102 nostrum
580 3045 650 3102 mori
682 3046 749 3100 stri‘t
778 3053 804 3101 et
831 3059 953 3136 quomo
1003 3053 1016 3125 ἓ
1044 3053 1106 3109 312,
1131 3049 1290 3107 Excellebat
1320 3047 1345 3101 iu
1374 3062 1407 3102 eu
1435 3044 1657 3118 magnanimitas,
1687 3059 1766 3114 quam

114 3135 197 3192 elium
221 3134 382 3189 habebimus
405 3134 428 3188 si
452 3151 514 3190 eum
540 3134 764 3189 amiserimusi»
791 3136 831 3188 lta
856 3149 913 3199 rex,

114 3224 238 3279 deridens
251 3223 385 3277 mansueti
407 3223 527 3278 hominis
547 3224 699 3295 ingenium,
715 3221 826 3278 resolvit
841 3236 914 3292 prae-

114 3313 195 3375 lium;
212 3312 365 3382 iniectaque
393 3328 422 3366 re
451 3327 532 3381 quarn
560 3312 721 3378 intenderat,
752 3309 825 3382 quod
853 3323 915 3364 eum

115 3403 268 3458 Scottorum
297 3408 322 3455 et
351 3399 520 3454 Wolensium
550 3401 679 3454 tumultus
707 3398 859 3467 rorabant,
888 3398 915 3452 in

115 3505 230 3560 regnum
247 3504 276 3543 se
290 3503 352 3542 cum
368 3488 502 3542 ambobus
518 3487 643 3542 iratribus
656 3488 767 3558 recepit.

149 3578 240 3649 2311.
267 3576 420 3648 Statimque
445 3577 532 3647 primo
554 3585 649 3632 eontra
670 3577 830 3640 Walensrs,
855 3582 917 3645 post

57 3673 63 3687 '
114 3669 141 3722 in
158 3667 265 3722 Scottus
281 3664 486 3734 expeditionem
502 3681 615 3721 morans
631 3668 674 3735 (d.
693 3666 725 3719 l).
744 3666 834 3735 1091),
850 3662 918 3717 nihil

117 3753 319 3828 magnificentia
334 3768 382 3808 sua
397 3755 510 3825 dignum
526 3755 663 3822 exhibuit,
680 3753 810 3808 militibus
825 3750 917 3805 multis

115 3843 291 3908 desideratis,
320 3842 451 3912 jumenlis
477 3842 651 3912 interceptis.
673 3840 800 3898 Nectum
816 3838 918 3906 solum,

116 3930 164 3987 sed
180 3929 346 3997 multotiens,
364 3943 449 4000 parra
464 3928 502 3985 illi
516 3928 544 3986 iu
558 3928 705 3986 walenses
720 3926 832 3985 fortuna
847 3927 915 3990 lirit;

116 4016 189 4092 quud
215 4015 300 4074 cuivis
324 4018 424 4072 mirum
439 4015 571 4088 rideatur,
588 4032 649 4074 cum
673 4014 696 4074 ei
717 4012 784 4072 alias
811 4030 919 4087 semper

116 4107 175 4164 aleo
188 4104 321 4163 bellorum
338 4104 497 4162 felicissime
512 4107 639 4162 arriserit.
653 4104 706 4161 Sed
717 4121 769 4178 ego
785 4101 917 4177 intelligo,

115 4213 163 4269 pro
179 4195 229 4251 soli
244 4195 428 4266 inaequalitate
453 4205 479 4250 et
503 4194 564 4251 omli
587 4192 769 4261 inclementia,
787 4193 857 4248 sicut
871 4208 917 4248 re-

116 4283 266 4341 bellionem
288 4298 384 4339 eorum
409 4281 537 4353 adlatam,
555 4284 591 4338 ita
604 4279 664 4353 ejus
679 4282 803 4337 uirtutem
828 4280 918 4353 impe·

969 3143 1027 3214 ipse
1042 3157 1174 3213 processu
1204 3136 1333 3209 temporis
1361 3135 1446 3191 nimia
1470 3134 1617 3190 severitate
1645 3131 1766 3188 obfusca-

971 3233 1024 3296 rit;
1049 3231 1134 3298 495
1160 3229 1197 3282 ita
1212 3227 1239 3282 iu
1255 3228 1311 3295 ejus
1325 3225 1417 3279 furtim
1432 3231 1527 3294 pectus
1541 3221 1606 3278 ritia
1620 3238 1672 3293 pro
1686 3223 1767 3277 virta-

971 3320 1041 3374 tibus
1063 3317 1211 3388 serpebant
1227 3323 1256 3370 ut
1270 3314 1424 3369 discernere
1445 3312 1579 3383 nequiret·
1595 3311 1648 3366 Diu
1663 3310 1767 3366 dubita·

969 3410 1007 3464 rit
1021 3406 1204 3476 mundusque
1220 3403 1331 3458 taudem
1348 3409 1484 3473 uergeret,
1500 3417 1554 3471 quo
1569 3416 1600 3454 se
1613 3399 1764 3463 inclinaret,

970 3497 1075 3552 indoles
1099 3495 1183 3549 illius.
1209 3496 1280 3547 luter
1301 3491 1386 3554 initia,
1413 3490 1520 3545 virente
1544 3487 1696 3544 Lanlrauco
1725 3504 1766 3541 ar-

970 3586 1152 3656 chiepiscopo,
1171 3583 1206 3636 ab
1220 3581 1294 3636 omui
1319 3579 1430 3634 erimine
1455 3578 1633 3644 abhorrebat,
1657 3586 1686 3632 ut
1707 3578 1768 3631 uni-

971 3691 1030 3732 cum
1047 3674 1103 3729 loro
1120 3688 1215 3745 regum
1228 3669 1367 3742 speculum
1379 3677 1546 3738 sperandum
1563 3682 1616 3738 quo
1631 3664 1767 3732 defuneto,

971 3762 1129 3834 aliquandiu
1144 3761 1252 3815 rarium
1278 3773 1308 3813 se
1332 3756 1453 3828 praestitit
1467 3755 1566 3827 aequali
1591 3754 1669 3810 lance
1689 3754 1766 3809 ritio-

970 3869 1029 3908 mm
1049 3858 1130 3920 utque
1145 3849 1271 3902 uirtutum
1283 3864 1289 3900 ε
1299 3846 1356 3916 jam
1372 3859 1446 3909 uero,
1462 3843 1608 3915 postremis
1624 3840 1766 3913 anuislidl

971 3942 1104 3997 bonorum
1125 3937 1235 4009 gelante
1250 3934 1353 4005 studio,
1369 3931 1603 3989 incommodorum
1617 3945 1700 4004 seges
1715 3931 1766 3999 (3⁹)

972 4042 1146 4086 succrescens
1161 4023 1288 4081 incaluit.
1307 4023 1347 4078 Et
1360 4029 1417 4077 erat
1431 4022 1467 4076 ita
1481 4019 1601 4076 liberalis
1617 4019 1692 4090 quod
1708 4033 1767 4090 pro

971 4118 1062 4190 digus,
1078 4115 1114 4170 ita
1129 4113 1319 4187 magnanimus
1333 4109 1406 4182 quod
1429 4108 1573 4181 superbus,
1598 4108 1637 4164 ito
1659 4122 1768 4162 serenus

973 4205 1046 4279 quod
1060 4219 1158 4259 sevus,
1183 4199 1274 4257 Liceat
1296 4199 1367 4256 enim
1390 4194 1466 4264 mihi,
1482 4212 1550 4269 pace
1564 4196 1712 4266 majestatis
1730 4211 1768 4250 re·

972 4295 1036 4368 giae,
1052 4308 1145 4349 rerum
1161 4307 1215 4347 nou
1230 4288 1396 4354 occuluisse;
1421 4287 1485 4360 qaia
1501 4286 1552 4342 iste
1571 4301 1669 4356 parum
1685 4282 1768 4341 Deum

116 4374 213 4429 dillffl·
243 4367 917 4442 P⁰ll⁰l⁰1Hfflli⁰1¹⁸2030211011155ingeniivil's
974 4381 1160 4447 reverebatur,
1189 4377 1256 4433 nihil
1284 4376 1435 4432 homiues:
1455 4375 1528 4447 qnod
1551 4373 1726 4429 indiscretum
1749 4371 1769 4426 si

119 4462 164 4532 qni
182 4462 263 4515 modo
280 4469 383 4531 regnat,
401 4459 501 4513 invenit
518 4474 570 4529 qua
586 4462 740 4516 commenta
754 4456 861 4514 illorum
877 4422 960 4513 1„D

119 4550 267 4605 beluctarrt
282 4556 347 4613 arte,
367 4546 513 4602 Flundritis
529 4548 555 4601 in
572 4549 656 4620 putria
675 4546 783 4602 illorum
799 4545 921 4602 colloca-

121 4640 162 4694 tis.
182 4637 227 4707 qni
242 4637 281 4690 eis
297 4652 346 4705 pro
362 4635 476 4691 elaustro
502 4637 554 4690 siut
572 4644 599 4690 et
623 4647 671 4690 eus
694 4644 823 4707 perpetuo
841 4650 921 4691 coer-

118 4735 204 4783 ceant.
218 4727 254 4780 tlt
264 4736 330 4780 reru
345 4724 429 4793 494
449 4731 511 4779 trrnc
527 4732 668 4796 satagente
680 4724 797 4780 lioberlo
811 4723 918 4794 comite,

154 4917 214 4987 (35)
225 4921 277 4974 l‘er
290 4919 434 4974 eutium...
447 4919 480 4974 dc
493 4920 578 4975 Lace.
592 4918 679 4974 Verba
695 4918 746 4974 ista
758 4919 921 4989 frequenter,

119 4994 166 5045 sed
183 5002 236 5045 nort
264 4998 336 5043 reete
358 4988 487 5044 translatu
509 4994 573 5043 sunt
598 4990 624 5043 in
650 4991 701 5045 hac
718 5006 724 5042 ε
742 4992 794 5044 l‘er
810 4988 921 5044 antrum

123 5063 155 5115 S.
174 5063 255 5116 incer
267 5061 277 5112 l
291 5061 354 5113 dum
371 5077 384 5114 c
400 5062 535 5114 contrariu
551 5077 647 5115 seusus
661 5070 703 5115 est
719 5080 724 5114 ε
739 5060 755 5114 I
759 5062 797 5114 ’cr
811 5061 920 5114 uultum

121 5133 149 5186 in
163 5134 251 5186 lucen
262 5132 272 5183 l
290 5132 408 5186 illenim
426 5131 463 5186 ait
478 5132 538 5186 lond
550 5133 694 5201 lytrterun.
712 5133 774 5185 Est:
797 5159 801 5174 ·
818 5133 920 5185 luecoe

122 5203 150 5254 in
166 5202 265 5255 Tuscia
282 5209 360 5256 retus
377 5204 501 5272 quaedam
518 5203 615 5257 Cirristi
629 5200 716 5272 ligura
739 5203 792 5256 hac
806 5216 854 5270 per
868 5201 921 5254 mi-

120 5273 243 5325 raculum
261 5273 349 5334 allata,
362 5282 390 5326 ut
405 5274 580 5329 contendunt.
593 5274 668 5327 illam
681 5281 792 5328 rorant:
807 5273 831 5326 ll
839 5275 922 5327 sunto

119 5344 194 5396 eollo
204 5343 236 5395 rle
249 5344 350 5404 errcu,
363 5352 443 5414 utque
456 5345 481 5398 iu
499 5358 592 5399 eorum
605 5345 722 5398 trrrmmia
737 5343 869 5412 insculpta
881 5348 924 5396 cst

122 5428 184 5465 cum
202 5411 318 5481 legenda
333 5415 384 5467 ltro
398 5433 402 5466 :
417 5417 539 5469 Srrnrtus
549 5417 644 5470 nultus
656 5416 689 5469 dc
700 5416 798 5471 luccen.
812 5415 840 5466 lu
856 5412 924 5468 libro

124 5482 215 5535 ltaliae
231 5484 342 5551 scripto,
359 5486 401 5537 utri
420 5486 511 5538 titulus
528 5501 533 5538 :
552 5488 573 5540 tt
591 5488 745 5540 Ferentinae
769 5487 925 5554 informato

125 5554 199 5606 dello
215 5568 275 5607 cose
293 5555 319 5606 di
336 5555 437 5619 Irrccu,
451 5558 507 5608 lma
523 5556 638 5626 legenda
653 5554 829 5609 minutissime
844 5564 926 5623 expro-

976 4473 1035 4543 quis
1063 4469 1161 4524 dixerit
1187 4482 1241 4522 nou
1269 4465 1401 4536 peccabit,
1417 4464 1481 4536 quia
1501 4478 1517 4516 a
1535 4462 1705 4534 sapientibus
1732 4469 1770 4516 te-

976 4560 1064 4616 nenda
1079 4557 1113 4612 sit
1128 4554 1293 4620 moderatio,
1311 4562 1339 4608 ut
1354 4554 1426 4608 Deus
1448 4553 1579 4607 timeatur
1606 4550 1681 4606 omni
1710 4558 1770 4604 tem

976 4664 1051 4721 pore,
1067 4648 1152 4702 homo
1167 4661 1219 4716 pro
1234 4652 1368 4714 tempore.
1381 4641 1446 4696 Erat
1461 4641 1484 4694 is
1499 4639 1563 4695 loris
1577 4647 1602 4693 et
1614 4639 1641 4692 in
1657 4655 1770 4721 eontren·

976 4735 1159 4792 tuhonrinunr
1189 4732 1292 4786 tumido
1321 4731 1393 4786 uultu
1422 4736 1542 4795 erectus,
1568 4727 1667 4783 minaei
1694 4728 1770 4783 oculo

978 4912 1138 4986 Evangelio.
1155 4908 1223 4965 l'ide
1238 4907 1368 4979 ampliora
1384 4907 1417 4962 de
1432 4907 1484 4962 hac
1502 4904 1653 4976 quaestione
1668 4906 1694 4959 iu
1717 4920 1769 4959 rer.

978 4986 1005 5040 l.
1022 4985 1054 5039 Ε.
1071 4981 1159 5054 Tyler,
1178 4981 1249 5052 qnod
1266 4978 1336 5034 leetu
1351 4976 1551 5049 dignissimum,
1565 4976 1715 5039 volumine,
1733 4973 1771 5028 rui

977 5057 1088 5109 titulus:
1109 5054 1203 5117 entire,
1222 5052 1296 5105 tircir
1313 5050 1418 5119 (tripla,
1437 5049 1554 5111 h'uturr,
1580 5046 1638 5101 und
1664 5048 1772 5116 ilistory

976 5128 1165 5195 (interamenta,
1191 5135 1288 5177 eurum
1307 5122 1396 5190 Origo,
1419 5121 1527 5174 nutam
1548 5122 1576 5173 ct
1600 5117 1738 5172 Historia.
1761 5138 1770 5161 r

977 5197 1100 5262 Loudou,
1118 5196 1171 5248 roi.
1189 5196 1229 5257 8⁰,
1245 5209 1290 5261 pp.
1309 5193 1434 5244 retr-sss.

1013 5285 1069 5354 (36)
1086 5287 1229 5350 Precotor,
1247 5296 1272 5334 a.
1289 5281 1315 5333 d.
1331 5297 1355 5331 c.
1373 5279 1403 5343 l.‚
1417 5284 1560 5351 peccator,
1575 5292 1597 5331 s.
1615 5293 1641 5330 c.

1014 5375 1068 5440 (37⁴)
1088 5372 1207 5428 llcdiret.
1225 5385 1250 5423 a.
1267 5369 1295 5422 d.
1312 5385 1337 5423 e.
1354 5364 1390 5431 l.,
1407 5367 1511 5433 abiret,
1527 5384 1550 5421 s.
1567 5380 1592 5420 c.

1016 5464 1073 5530 tia)
1089 5463 1261 5515 horrorum...
1274 5459 1438 5520 incurrans.
1451 5471 1475 5510 c.
1488 5455 1515 5507 d,
1527 5470 1565 5519 e,
1576 5455 1656 5510 omni
1665 5454 1776 5526 gelonis

979 5532 1071 5588 stadio
1084 5534 1231 5597 virtutum,
1244 5529 1377 5584 vitiorum
1391 5529 1419 5582 in
1431 5527 1549 5583 eoctrlor
1559 5525 1735 5596 sabricius.
1751 5520 1772 5577 l.

126 5624 211 5678 nitur.
232 5624 336 5678 deerit
355 5632 449 5679 anatur
464 5641 533 5694 (prm
548 5638 609 5680 esso
623 5623 766 5681 Nicodemi
781 5623 814 5679 tie
831 5638 885 5697 quo
899 5625 928 5678 iu
1026 5622 1081 5690 (se)
1097 5619 1194 5690 Sapen.
1209 5632 1231 5673 s.
1247 5630 1272 5672 e.
1289 5632 1327 5688 e.,
1344 5630 1420 5688 seper
1435 5617 1477 5671 rel
1492 5614 1678 5686 segnitiem.
