3750 6000
80 242 134 301 391

678 240 855 300 EPISTOLAE
873 240 920 300 ET
956 243 1155 303 PlllVlLEGld

1684 257 1735 312 398

75 375 147 425 tates
174 366 262 440 ipsius
284 365 339 424 loci
362 365 493 438 deinceps
517 366 606 438 ipsum
629 366 741 425 habere.
761 369 847 425 l‘orro
858 368 881 424 si
896 369 923 430 A
937 370 1060 442 episcopi
1073 371 1192 428 instituta
1207 389 1269 430 esse
1284 375 1459 447 cognoscitur
1468 375 1495 431 in
1505 387 1595 433 vestra
1605 379 1734 448 ecclesia,

76 457 138 529 quia
153 464 216 528 post
228 455 431 528 professionem
447 455 475 510 in
491 463 583 511 vestro
598 457 768 512 monasterio
783 456 882 513 factam

76 545 179 600 exinde
193 543 341 617 aufugerit,
362 551 389 600 et
409 544 531 599 secundo
555 544 673 601 tertiove
701 546 883 601 commonitus

76 629 108 683 ad
136 628 289 685 claustrum
319 635 441 686 vestrum
466 627 557 683 redire
573 629 778 700 contempserit,
791 629 881 698 ipsum

76 716 155 773 vobis
170 717 252 774 liceat
270 716 524 783 excommunicare,
540 717 803 772 excommunicatum
829 732 882 772 au-

75 809 128 856 tem
143 800 237 856 nullus
255 800 457 872 episcoporum,
475 800 604 855 abbatum
620 800 664 856 vel
684 801 805 872 priorum
830 817 882 855 au·

74 890 138 944 deat
167 889 299 945 retinere.
322 889 396 944 Nulli
416 903 484 960 ergo
509 889 621 944 omnino
636 889 775 944 hominum
793 888 833 944 fas
847 889 883 944 sit

72 972 148 1029 idem
163 973 321 1030 coenobium
336 980 438 1029 temere
455 972 623 1044 perturbare,
638 981 685 1028 aut
700 973 760 1043 ejus
774 989 882 1045 posses·

73 1062 168 1117 siones
182 1061 304 1128 anferre,
324 1062 368 1117 vel
391 1060 496 1116 ablatas
517 1062 647 1130 retinere,
674 1061 811 1125 minuere,
836 1069 881 1117 aut

72 1149 212 1222 aliquibus
236 1149 427 1206 vexationibus
446 1148 576 1222 fatigare,
596 1149 645 1206 sed
669 1150 761 1205 omnia
773 1150 880 1222 integre

72 1245 286 1306 conserventur,
302 1239 402 1294 vestris
416 1253 449 1295 ac
460 1254 611 1310 pauperum
623 1240 717 1294 usibus
728 1238 877 1310 profutura,

71 1327 150 1382 salva
167 1328 297 1383 nimirum
310 1327 452 1397 justitiaet
468 1327 623 1383 reverentia
641 1327 879 1400 Babenbergensia

70 1415 218 1478 Ecclesiae,
236 1416 283 1473 cui
307 1415 380 1471 idern
401 1416 556 1471 coenobium
580 1431 641 1472 cum
669 1417 728 1471 suis
752 1415 879 1471 omnihus

68 1504 252 1574 pertinentiis,
266 1512 311 1560 tuo
321 1504 411 1560 studio
421 1519 453 1560 ac
464 1504 607 1577 petitione,
619 1503 717 1560 dilecte
726 1504 752 1558 in
760 1503 877 1559 Domino

67 1587 104 1642 fili
119 1589 203 1660 Eppo
218 1588 316 1655 abbas,
333 1597 439 1645 constat
458 1605 520 1645 esse
546 1588 699 1662 delegatum
720 1604 752 1645 ec
779 1587 875 1658 subje-

65 1684 152 1732 ctum.
169 1676 198 1732 Si
214 1693 268 1748 qua
282 1683 374 1732 autern
389 1677 416 1732 in
431 1676 550 1733 futurum
566 1677 759 1734 ecclesiastica
786 1693 875 1732 saecn-

64 1765 169 1822 larisve
184 1780 315 1837 persona,
330 1765 403 1821 hanc
417 1774 519 1822 nostrae
534 1766 733 1822 constitutionis
744 1764 871 1838 paginam

64 1854 170 1919 sciens,
187 1862 286 1911 contra
304 1870 364 1911 eam
391 1861 493 1910 temere
522 1855 615 1911 venire
645 1854 798 1923 tentaverit,
824 1870 871 1909 se-

64 1942 157 1998 cundo
174 1943 290 1998 tertiove
304 1941 480 2009 commonita,
497 1943 519 1997 si
534 1958 589 1998 non
602 1942 786 1998 satisfactione
806 1957 872 1998 con-

59 2037 130 2094 grua
144 2022 344 2086 emendaverit,
357 2023 503 2094 potestatis
513 2023 679 2095 honorisque
689 2021 872 2094 suidignitate

60 2119 167 2177 careat,
184 2125 315 2183 reamque
329 2127 362 2167 se
376 2110 469 2166 divino
478 2111 583 2181 judicio
609 2112 727 2167 existere
749 2110 782 2165 de
804 2125 871 2181 per-

60 2206 178 2269 petrata·
199 2199 343 2271 iniquitate
366 2206 529 2271 cognoscat,
544 2207 571 2255 et
584 2215 599 2254 a
613 2198 789 2255 sanctissimo
804 2213 869 2254 cor·

60 2303 128 2359 pore
141 2303 177 2343 ac
190 2287 326 2360 sanguine
340 2288 391 2344 Dei
406 2295 432 2344 et
447 2287 556 2344 Domini
575 2287 764 2358 Redemptoris
781 2286 870 2342 nostri

60 2376 123 2432 lesu
139 2376 242 2432 Christi
255 2375 345 2432 aliena
360 2375 415 2442 frat,
445 2384 528 2449 atque
549 2377 576 2431 in
600 2384 722 2432 extremo
742 2374 869 2431 examine

61 2464 196 2522 districte
225 2463 319 2520 ultioni
346 2464 499 2535 subjaceat.
524 2464 635 2521 Cunctis
659 2471 749 2520 autem
780 2463 869 2519 eidern

62 2553 191 2611 locosua
220 2553 281 2624 jura
304 2552 477 2609 servantibus
504 2553 539 2608 sit
564 2567 621 2625 pax
646 2552 754 2608 Domini
782 2551 870 2607 nostri

59 2644 122 2700 lesu
138 2642 253 2711 Christi,
269 2649 405 2714 quatenus
419 2649 445 2698 et
459 2641 504 2698 hic
519 2641 636 2698 fructum
652 2641 730 2697 bnuae
750 2641 868 2698 actionis

60 2732 227 2804 percipiant,
239 2739 267 2787 et
281 2729 355 2802 apud
367 2730 520 2787 districtum
528 2730 649 2801 judicem
660 2729 773 2802 premia
783 2737 868 2785 reter-

60 2838 98 2877 ιιι
113 2821 194 2893 pacis
206 2819 356 2876 inveniant.
373 2822 471 2876 Amen.

91 2911 196 2965 Daturn
224 2908 354 2964 Laterani
382 2925 434 2979 per
460 2922 573 2964 manum
603 2906 741 2979 hymerici
765 2914 868 2963 sanctas

62 2997 193 3054 llomauae
219 2996 350 3053 Ecclesia
371 2996 479 3053 diaconi
494 2997 643 3053 cardinalis
658 3005 684 3052 et
699 2995 864 3061 cancellarii,

61 3102 93 3142 vu
108 3087 176 3141 fdus
201 3085 338 3150 ianuarii,
357 3084 506 3141 indictione
521 3084 652 3153 secunda,
670 3071 908 3140 lnoarnationisC

60 3175 211 3232 Dominicae
227 3188 302 3229 anno
316 3176 395 3244 1139,
411 3173 585 3245 pontificatus
599 3188 665 3230 vero
675 3171 827 3229 lnuocentii
840 3172 865 3227 ll

60 3280 153 3338 papaae
172 3278 250 3320 anno
266 3279 307 3318 rx.

372 3417 546 3474 cccxttut.

59 3569 252 3643 Privifepium
266 3584 319 3642 pro
329 3569 502 3696 monacisca?
520 3569 633 3626 Soneloe
648 3568 743 3625 dorice
756 3565 862 3623 Biber-

410 3655 463 3711 gea
491 3655 514 3694 s.

299 3773 479 3844 (11101139,
497 3772 560 3827 lan.
580 3773 620 3844 t.)

161 3897 291 3972 [libanu
308 3898 451 3970 lfetropol.
470 3897 580 3964 salisb,
595 3895 629 3962 ll,
645 3914 673 3969 p.
690 3897 766 3970 101]

87 4043 283 4098 tmocrsrrus
297 4038 455 4110 episcopus,
472 4053 570 4093 servus
585 4053 730 4095 servorum
744 4038 804 4106 Dei,
821 4038 861 4094 di-

57 4138 126 4196 lecto
143 4137 202 4194 filio
218 4137 397 4193 Eranusano
412 4134 507 4190 abbati
521 4135 629 4191 Sancte
643 4136 736 4192 hieriae
759 4137 859 4192 Dibur-

57 4228 150 4299 gensis
164 4228 281 4299 ejusque
295 4224 502 4282 successoribus
515 4223 677 4297 regulariter
691 4225 859 4282 substituen-

55 4325 95 4382 dis
108 4326 138 4381 in
152 4331 329 4397 perpetuum.

935 461 1074 529 perpetuis
1089 461 1185 516 foturis
1201 464 1369 534 temporibus
1380 464 1482 519 ibidem
1501 464 1616 523 firmiter
1635 469 1734 525 obser-

937 556 1024 602 vetur.
1038 548 1221 621 Quascunque
1236 560 1369 623 praeterea
1383 555 1582 624 possessiones,
1604 573 1734 626 quaecun-

936 652 988 706 que
1015 638 1088 693 bona
1109 639 1182 694 idem
1207 641 1283 696 locus
1296 640 1542 713 impraesentiarum
1554 644 1628 711 juste
1642 654 1668 701 et
1683 661 1733 701 ca-

936 726 1034 781 nonice
1049 727 1180 797 possidet,
1197 737 1241 783 aut
1255 729 1283 783 in
1299 728 1416 784 futurum
1442 733 1620 788 concessione
1645 735 1734 804 ponti-

936 812 1026 879 froom,
1057 816 1219 872 liberalitate
1241 832 1337 890 regum
1359 819 1403 875 vel
1418 819 1578 891 principum,
1595 820 1732 879 oblatione

936 901 1065 963 fidolium.
1083 920 1130 959 seu
1146 904 1296 976 aliisjustis
1312 907 1400 962 modis
1416 909 1473 963 Deo
1490 909 1610 979 propitio
1633 911 1733 981 poterit

935 992 1059 1063 adipisci,
1074 991 1153 1049 firma
1171 993 1229 1060 tibi,
1254 995 1361 1066 tuisque
1391 997 1601 1052 successoribus
1625 997 1653 1052 in
1667 1015 1734 1070 per·

934 1088 1055 1151 petuum,
1085 1090 1111 1137 et
1138 1080 1241 1137 illibata
1268 1093 1452 1154 permaneant.
1484 1086 1512 1139 fn
1541 1086 1638 1155 quibus
1675 1087 1734 1144 hec

934 1171 1054 1240 propriis
1069 1170 1195 1226 duximus
1210 1172 1390 1241 exprimenda
1405 1174 1556 1243 vocabulis,
1582 1174 1729 1231 videlieet:

935 1257 1096 1328 Griezpaoh,
1108 1259 1315 1327 lfozeinhoven,
1332 1262 1431 1326 Pncha,
1443 1262 1560 1328 Percha,
1574 1261 1728 1332 Gubedum,

933 1345 1125 1418 Lobesingons
1141 1348 1167 1402 in
1185 1349 1336 1419 'fangrintil
1351 1358 1454 1420 septem
1470 1366 1581 1406 mansos
1595 1350 1629 1405 de
1644 1367 1731 1406 nova-

931 1433 1014 1502 libus,
1033 1444 1059 1491 et
1084 1436 1228 1493 ecclesiam
1248 1454 1333 1509 super
1356 1447 1448 1494 monte
1477 1438 1728 1511 Adallungestcvfl.

931 1533 1102 1603 Adjicientes
1130 1535 1241 1607 insuper
1269 1536 1414 1591 statuimus
1443 1544 1471 1591 ut
1500 1536 1534 1591 de
1550 1535 1633 1591 fundo
1645 1537 1730 1593 vestri

930 1623 1098 1692 monasterii,
1115 1623 1174 1680 sive
1188 1624 1223 1679 de
1244 1625 1389 1680 novalibus
1417 1623 1462 1681 vel
1490 1624 1551 1679 aliis
1580 1625 1728 1697 laboribus,

887 1719 913 1779 Β
929 1727 998 1781 qnos
1021 1713 1136 1784 propriis
1163 1714 1288 1769 menibus
1304 1714 1494 1786 sumptibusve
1509 1713 1649 1786 colligitis,
1664 1715 1729 1771 nul-

926 1799 969 1854 lus
980 1816 995 1855 a
1007 1801 1085 1856 vohis
1099 1801 1221 1858 decimas
1236 1803 1350 1876 exigere
1364 1804 1473 1858 audeat.

960 1899 1034 1954 Nulli
1061 1901 1142 1955 etiarn
1172 1900 1301 1973 episcopo
1328 1901 1439 1959 licentia
1469 1911 1560 1974 pateat
1599 1903 1727 1978 angarias

927 1987 969 2042 vel
984 1988 1051 2043 alias
1066 2004 1152 2044 novas
1167 1990 1324 2046 exactiones
1339 1991 1499 2048 monasticae
1515 1992 1598 2064 quieti
1614 2000 1641 2048 et
1660 1992 1727 2048 rell-

926 2075 1001 2148 gioni
1029 2078 1180 2133 contraries
1209 2078 1285 2133 vobis
1314 2077 1360 2133 vel
1380 2079 1504 2136 eeclesiae
1520 2090 1620 2137 vestrae
1634 2081 1726 2153 impo-

925 2181 1002 2222 nere.
1015 2166 1100 2222 l‘orro
1115 2166 1284 2238 sepulturam
1301 2166 1450 2238 ipsiusloci
1466 2169 1579 2225 liberam
1590 2185 1652 2226 esse
1663 2186 1727 2227 cen-

925 2271 1027 2319 semus,
1043 2263 1071 2309 ut
1086 2271 1181 2310 eorum
1198 2255 1247 2327 qui
1262 2271 1292 2311 se
1307 2256 1362 2311 illic
1377 2257 1488 2329 sepeliri
1499 2258 1725 2326 deliberaverint,

924 2343 1062 2399 devotioni
1076 2351 1103 2401 et
1118 2351 1247 2400 extreme
1261 2345 1405 2412 voluntati,
1435 2345 1488 2400 nisi
1514 2346 1585 2403 forte
1614 2362 1727 2404 excom·

924 2431 1052 2488 manicati
1068 2432 1130 2497 sint,
1146 2432 1236 2488 nullus
1247 2433 1371 2489 obsistet,
1388 2434 1513 2491 Obeunte
1528 2450 1596 2491 vero
1610 2444 1727 2501 te,ounc

924 2521 1046 2590 ejusdem
1063 2520 1116 2577 loci
1127 2522 1235 2588 abbate,
1253 2522 1343 2577 nullus
1356 2522 1395 2577 ibi
1405 2523 1526 2595 qualibet
1537 2523 1726 2595 subreptionis

923 2611 1023 2667 astutia
1039 2627 1087 2666 scu
1103 2611 1231 2666 violentia
1247 2619 1432 2683 preponatur,
1450 2612 1502 2667 nisi
1523 2628 1603 2685 quern
1627 2612 1726 2669 fratres

923 2708 968 2754 ant
992 2700 1106 2755 fratrum
1120 2714 1182 2769 pers
1198 2699 1304 2755 consilii
1320 2700 1445 2767 sanioris,
1459 2701 1609 2757 secundum
1627 2700 1676 2757 Dei
1692 2701 1726 2756 ti·

923 2804 1028 2844 morem
1043 2795 1069 2844 et
1082 2789 1112 2843 D.
1128 2788 1266 2844 Benedicti
1281 2789 1418 2861 Regulam
1437 2789 1595 2860 praeviderit
1616 2790 1726 2862 eligen-

923 2878 999 2932 dum.
1017 2876 1108 2933 liceat
1123 2876 1204 2932 etiam
1219 2876 1297 2932 vobis
1311 2884 1337 2932 et
1353 2877 1477 2933 ecclesias
1491 2885 1593 2934 vestras
1604 2878 1725 2934 advoca·

922 2975 978 3022 tum
1007 2965 1121 3038 eligere,
1147 2973 1229 3036 atque
1252 2964 1287 3020 ad
1302 2966 1476 3038 peragendas
1491 2966 1623 3023 utilitates
1637 2966 1725 3037 ipsius

922 3055 975 3111 loci
991 3053 1077 3109 libere
1092 3054 1181 3125 ipsum
1197 3053 1308 3110 habere.
1324 3053 1399 3108 Nulli
1416 3069 1483 3127 ergo
1499 3057 1610 3110 omniuo
1633 3053 1725 3110 homi-

921 3159 984 3198 nurn
998 3142 1041 3197 fas
1056 3142 1090 3197 sit
1105 3157 1154 3197 vos
1168 3143 1212 3197 vel
1227 3141 1372 3198 ecclesiam
1389 3150 1510 3197 vestram
1521 3144 1662 3214 superbae
1672 3158 1722 3199 no·

919 3240 974 3287 atra
989 3231 1182 3287 constitutione
1196 3238 1296 3286 temere
1311 3235 1481 3301 perturbare,
1496 3239 1543 3286 ant
1569 3232 1628 3300 eius
1656 3245 1722 3302 pos·

919 3320 1058 3377 sessiones
1087 3318 1204 3385 auferre,
1229 3317 1723 3388 velablatasretinere,minuere,vel

918 3408 1071 3466 temerariis
1087 3408 1276 3463 vexationibus
1292 3407 1419 3479 fatigare,
1437 3406 1485 3463 sed
1500 3407 1592 3463 omnia
1613 3407 1721 3478 integre

917 3504 1117 3555 conserventur
1146 3511 1253 3560 eorum,
1278 3511 1326 3567 pro
1348 3512 1464 3568 quornm
1478 3495 1676 3569 gubernatione
1691 3503 1721 3552 et

917 3587 1114 3643 sustentatione
1140 3600 1274 3641 concessa
1311 3594 1386 3655 sunt,
1416 3585 1510 3641 usibus
1552 3585 1719 3642 omnimodis

916 3673 1068 3747 profutura.
1098 3673 1126 3728 Si
1152 3687 1206 3745 qua
1230 3673 1312 3745 igitur
1337 3673 1518 3745 inposterum
1534 3672 1721 3731 ecclesiastica

917 3762 1090 3820 saecularisve
1106 3776 1234 3832 persona,
1250 3761 1330 3830 hujus
1344 3770 1444 3817 nostras
1460 3762 1661 3818 constitutionis
1673 3775 1720 3832 pa-

915 3852 1009 3926 ginam
1023 3851 1122 3909 sciens,
1140 3856 1234 3904 contra
1248 3864 1308 3904 eam
1327 3856 1430 3906 temere
1446 3851 1540 3907 venire
1561 3849 1719 3917 tentaverit,

915 3940 1037 3997 secundo
1052 3938 1167 3996 tertiove
1182 3937 1358 4004 commonita,
1375 3938 1428 3992 nisi
1439 3946 1544 3993 reatum
1557 3955 1636 3994 suurn
1647 3953 1719 3994 con-

914 4045 982 4103 grue
998 4027 1182 4084 satisfactione
1197 4026 1359 4093 correxerit,
1385 4026 1495 4082 honoris
1519 4030 1718 4100 potestatisque

914 4117 1092 4189 suidignitate
1103 4122 1339 4187 oereat,reamque
1345 4130 1375 4170 se
1384 4115 1476 4170 divino
1481 4115 1587 4184 judicio
1595 4116 1717 4172 existere

913 4209 947 4263 de
962 4213 1119 4278 perpetrate
1134 4204 1274 4276 iniquitate
1291 4211 1450 4275 cognoseat,
1464 4211 1516 4258 eta
1531 4203 1716 4261 secretissimo

912 4319 1028 4376 corpore
1042 4311 1069 4359 et
1083 4302 1217 4374 sanguine
1232 4301 1281 4356 Dei
1296 4315 1327 4357 eo
1343 4299 1451 4356 Domini
1466 4300 1656 4371 Redemptoris
1666 4316 1716 4357 no·

87 4423 119 4477 ln
149 4419 220 4476 sede
239 4417 362 4489 justitiae,
377 4417 540 4490 disponente
558 4417 686 4485 Dornino,
702 4417 854 4487 constituti,
870 4400 897 4461 D
913 4404 961 4460 stri
976 4403 1040 4458 lesu
1056 4398 1159 4456 Christi
1174 4398 1263 4453 aliena
1278 4397 1334 4465 hat,
1350 4406 1431 4471 atque
1445 4399 1472 4453 in
1496 4408 1620 4453 extremo
1649 4414 1714 4455 exa·

55 4515 334 4587 mlaemmquievi
357 4515 511 4571 gentilitati
538 4515 688 4571 salubriter
709 4515 859 4586 providere
913 4501 986 4557 mine
1020 4498 1149 4554 districtae
1177 4494 1272 4552 ultioni
1300 4495 1450 4567 subjaceat.
1479 4495 1591 4553 Cunctis
1618 4504 1713 4552 autern

54 4630 102 4671 nos
115 4611 316 4673 convenit.nt
334 4612 568 4684 quemadmodum
592 4628 642 4684 per
663 4612 713 4668 Dei
741 4612 859 4685 gratiam
913 4599 1002 4656 eidem
1016 4596 1077 4653 loco
1099 4611 1147 4649 sua
1166 4594 1231 4664 jura
1258 4593 1431 4649 servantibus
1461 4593 1495 4648 sit
1524 4608 1578 4664 pax
1606 4594 1714 4650 Domini

52 4718 146 4782 psam
162 4723 296 4766 vocemur
307 4707 335 4763 in
350 4707 470 4777 nomine,
486 4709 524 4765 iva
539 4708 715 4765 nihilominus
728 4724 857 4780 compro.
911 4697 999 4755 nostri
1021 4697 1086 4752 lesu
1106 4693 1217 4756 Christi,
1251 4700 1385 4764 quatenns
1400 4699 1428 4747 et
1442 4693 1486 4748 hic
1501 4692 1617 4748 fructum
1632 4693 1711 4749 bonae

51 4806 149 4864 bemor
169 4806 199 4863 in
213 4820 309 4879 opere.
325 4805 413 4878 enjus
424 4806 465 4862 rei
483 4806 571 4879 gratia
585 4805 684 4863 dilecte
699 4805 726 4861 in
741 4806 857 4863 Domino
910 4792 1025 4850 1111101111
1052 4790 1212 4863 1111111111,
1239 4797 1266 4844 11
1291 4788 1365 4859 apud
1405 4788 1556 4844 1131111111]
1592 4789 1710 4857 iudicem

50 4903 87 4962 tui
100 4902 281 4972 Eberharde,
297 4902 351 4960 tuis
366 4903 538 4976 fratrumque
551 4908 662 4960 tuorum
674 4902 758 4974 justis
779 4903 856 4972 desi,
910 4891 1025 4965 1113311111
1060 4896 1170 4945 81111133
1202 4887 1278 4959 111111
1308 4886 1458 4944 inveniam·
1492 4890 1588 4955 ’11111111
1615 4903 1705 4956 lmen,

50 5005 133 5063 deriia
148 5009 313 5074 annuentes,
329 5001 475 5060 ecclesiam
494 5003 586 5060 Beatae
599 5001 742 5076 genitricis
756 5009 784 5057 et
796 5002 854 5057 vir·
909 5004 1001 5046 tmen·

50 5100 121 5174 ginis
135 5098 233 5156 lasiae
245 5096 435 5172 biburgensis,
451 5098 479 5154 in
493 5114 544 5170 qna
557 5097 659 5155 divinis
682 5097 748 5153 estis
769 5096 854 5152 obsc-
944 5095 1042 5151 Datum
1065 5090 1195 5149 Laterani
1205 5105 1254 5162 per
1266 5103 1378 5144 manum
1393 5087 1522 5147 himerici
1536 5099 1638 5147 sancte
1653 5093 1707 5149 flo-

50 5200 119 5273 quiis
141 5195 304 5268 mancipati,
320 5195 372 5251 sub
387 5194 461 5252 beati
487 5195 564 5252 Petri
590 5194 676 5251 tutela
708 5199 738 5251 et
761 5201 854 5250 nostra
907 5208 996 5248 manee
1009 5188 1138 5247 Ecclesiae
1161 5187 1271 5245 diaconi
1295 5185 1441 5242 cardinalis
1469 5196 1495 5243 et
1524 5187 1702 5256 cancellarrii,

48 5294 210 5354 defensione
223 5291 402 5365 suscipimus,
414 5299 442 5348 et
452 5291 608 5364 apostolicae
617 5291 692 5348 sedis
701 5290 847 5365 privilegio
906 5303 944 5345 vn
967 5287 1031 5341 fdus
1044 5283 1172 5349 tannarii,
1186 5281 1334 5337 indictione
1349 5296 1380 5348 u,
1397 5282 1592 5339 lnoarnationis
1606 5283 1703 5340 Domi-

46 5389 263 5450 ccnmuuimua.
277 5388 309 5445 ln
331 5387 427 5461 primis
441 5388 577 5462 siquidem
590 5396 742 5446 statuentes
755 5394 785 5443 ut
799 5402 846 5444 re·
901 5384 969 5441 nicae
996 5396 1068 5438 anno
1090 5379 1234 5436 millesimo
1263 5377 1412 5435 centesimo
1445 5379 1584 5436 tricesimo
1614 5395 1699 5447 nono,

44 5489 111 5566 11110
125 5503 201 5563 (tw.
217 5484 372 5545 secundum
385 5485 460 5542 beati
472 5485 611 5543 Denefflcti
634 5484 781 5559 Regulam,
796 5500 847 5556 per
900 5477 1076 5554 pontificatus
1090 5491 1157 5535 vero
1180 5473 1274 5532 domni
1303 5473 1453 5532 innocentii
1478 5489 1558 5548 papa
1586 5476 1701 5537 secundi

45 5585 173 5647 atah·
192 5589 279 5659 deus
302 5580 465 5640 indubiam
493 5581 602 5641 Dttonia
634 5580 846 5654 bambergensis
898 5589 1086 5636 ananooono.
