3750 6000
100 221 185 285 1193,

578 209 754 276 Wtututnt
773 213 1103 277 nntnusuuulssnsts
1122 215 1280 274 MONACHI

1677 219 1741 276 1391

100 342 226 415 ingenuae
240 341 338 398 mentis
353 343 493 413 indicium,
509 345 542 413 si,
567 345 628 416 ejus
642 358 696 399 nan
708 341 815 397 invidus
829 341 893 414 glo·
908 341 935 401 A
950 340 1063 397 ecclesia
1076 341 1131 412 (89)
1142 349 1205 397 sunt
1217 341 1316 397 Marius
1343 344 1503 409 elihaba:
1519 343 1603 400 etiam
1626 343 1738 400 Auditur

99 430 157 499 rite,
172 446 308 503 apponam
324 433 507 490 testimenium
531 440 650 490 venustae
663 433 720 503 (81)
743 429 891 486 facundiae.

266 537 371 578 erasus
389 538 569 590 nrannnnnrt,
590 537 625 577 nn
644 536 727 575 nour.

102 609 159 664 Par
174 609 225 665 tibi
240 611 324 666 Roma
339 612 422 676 nibil,
440 628 504 667 cum
518 613 558 666 ris
569 626 655 682 prope
669 613 729 665 tata
743 609 847 671 raiaa;

139 678 227 746 Quam
243 682 340 751 maqai
354 684 443 753 sacris
458 685 582 752 intepra,
598 684 694 752 sraela
707 680 797 735 doces.

103 752 185 818 538
203 749 297 822 Loaqa
315 755 376 808 tuas
391 755 483 823 [astur
497 758 567 808 retas
594 751 738 807 destruxit
752 767 758 812 ;
774 753 803 805 et
817 764 896 806 arcet

140 839 268 902 Cereris,
285 844 313 894 et
326 857 461 911 superam
477 842 592 904 templa,
608 839 711 911 palade
725 839 831 904 iaceat.

101 909 151 964 llle
168 909 254 974 labor,
274 911 349 966 labor
363 912 414 967 ille
425 914 496 973 ruit,
511 928 592 983 quem
608 911 688 964 dirus
703 909 818 963 Araxes

131 981 173 1034 ¹Et
187 985 314 1036 starrtcm
332 984 459 1047 tremuit,
476 986 504 1037 et
519 981 653 1052 cecidisse
668 980 764 1044 dolet:

104 1050 189 1117 Quem
203 1051 292 1121 aladii
307 1067 412 1123 requm.
429 1069 509 1125 quem
520 1052 634 1124 prouida
644 1051 713 1122 jura
723 1053 850 1119 tenatur,

141 1122 226 1189 Quem
241 1124 338 1187 superi
352 1140 447 1179 reram
462 1125 636 1179 constituere
650 1138 683 1177 ca
706 1125 758 1182 α1.·

104 1191 191 1258 Quem
205 1195 296 1263 maqis
310 1195 416 1265 aptarit
431 1211 497 1249 cam
512 1196 634 1250 crimine
649 1137 724 1247 soie
738 1191 823 1247 baber

138 1262 240 1330 datar,
255 1265 351 1335 quiam
363 1267 454 1319 socius
468 1269 496 1320 et
509 1265 572 1336 pias
587 1279 646 1319 esre
661 1278 738 1318 socer
754 1279 760 1316 :

104 1334 156 1402 Qui
164 1349 302 1400 crescens,
314 1335 418 1390 stadiis
430 1337 527 1402 tribas,
537 1336 639 1398 tractes,
647 1336 768 1399 crimen,
778 1333 895 1403 amicas,

141 1405 169 1460 Vl
182 1404 300 1469 domuit,
315 1407 407 1461 secuit
422 1406 536 1478 leqilrur,
549 1406 617 1461 emit
631 1420 700 1475 ope,⁸

101 1474 136 1530 Iu
149 1492 241 1546 quem,
257 1476 325 1531 dam
339 1476 430 1543 fieret,
446 1477 575 1546 aiqiloait
588 1492 658 1531 cura
672 1476 810 1546 priorum,

138 1545 215 1600 lucit
227 1562 297 1618 apae
311 1549 411 1616 pietas,
429 1547 546 1619 hospitis
561 1547 638 1601 anda
655 1547 764 1607 lactem,¹

102 1617 258 1683 Materiam,
273 1619 376 1687 sabroe,
390 1634 542 1689 expensas,
558 1617 623 1672 auis
638 1620 754 1688 uterque

137 1687 232 1749 triste·
246 1703 275 1743 ee
290 1689 381 1744 muris
397 1687 499 1744 obtulit
508 1689 569 1760 ipae
585 1688 661 1745 toras
677 1703 684 1741 ε

102 1757 266 1829 dependere
281 1756 368 1815 dacer
381 1760 539 1826 thesauros,
554 1761 617 1829 pata
632 1760 767 1827 satiarem,

136 1829 266 1890 Artifices
277 1829 417 1894 studium,
434 1833 511 1885 totas
526 1831 554 1884 et
568 1829 641 1885 orbis
654 1844 730 1900 opes.

104 1898 169 1955 Urbs
184 1899 296 1960 cecidit.
311 1900 344 1955 de
359 1917 413 1966 qua
428 1901 452 1954 si
467 1901 616 1972 quicquam
626 1898 847 1972 dicerediqrtum

134 1968 243 2037 ltaliar,
259 1971 309 2026 ltoe
321 1972 418 2041 patero
433 1970 536 2032 dlcere,
553 1992 564 2016 r
584 1971 669 2026 boma
681 1968 761 2038 suit!
777 1991 788 2021 s

100 2039 160 2096 lica
177 2045 271 2096 tarmen
287 2056 431 2096 annorum
441 2042 537 2106 series,
548 2041 894 2108 conflammameceasic,

136 2110 175 2167 Ad
188 2111 307 2183 plenum
317 2113 410 2182 patuit
426 2113 476 2168 troc
491 2112 602 2169 abolere
616 2112 713 2168 decue.

102 2183 177 2238 cura
191 2182 338 2238 bominum
352 2183 445 2254 potuit
459 2187 575 2238 tantam
589 2198 755 2254 componere
770 2185 896 2251 Romam,

137 2253 279 2322 Quantam
293 2270 351 2308 noa
366 2255 458 2325 patuit
474 2255 580 2309 solvere
595 2269 667 2308 cura
682 2254 777 2308 deum.

104 2323 208 2392 Confer
218 2338 293 2394 apes,
306 2339 485 2395 marmorque
495 2340 608 2388 aarum,
623 2339 811 2396 superumque
825 2325 897 2392 savo·

134 2394 290 2462 Artificum
306 2395 424 2464 aipileat
439 2395 469 2449 ia
484 2410 556 2450 noua
569 2397 649 2464 sucta
663 2410 784 2459 manaa,
815 2393 895 2466 (νεα,

101 2464 161 2519 Noa
178 2468 275 2520 tamea
289 2470 339 2520 aut
354 2466 417 2533 fieri
430 2481 483 2536 par
497 2468 589 2520 stanti
602 2464 737 2520 raacbiaa
752 2481 843 2531 muro,

137 2536 192 2591 Aut
208 2536 368 2590 restaurari
382 2536 445 2590 sola
460 2537 548 2591 raiaa
562 2540 665 2607 potest.

101 2607 150 2661 llic
165 2620 300 2677 superum
314 2608 422 2675 surmus
436 2609 532 2676 superi
547 2608 695 2662 mirantur
707 2613 735 2661 et
749 2607 815 2678 ipsi.

134 2675 170 2729 'Et
185 2678 306 2748 cupiunt
319 2676 395 2742 pictis
410 2676 534 2731 cultibus
549 2693 608 2732 eree
623 2693 715 2748 parea.

102 2747 162 2801 Non
175 2746 270 2816 patuit
285 2747 394 2801 ll'atrua
407 2746 472 2801 deos
488 2746 537 2802 bac
551 2762 598 2802 ore
611 2762 717 2806 creare.

138 2815 195 2882 Qua
210 2816 344 2870 miranda
357 2816 441 2871 mum
455 2817 537 2885 siqua
546 2818 652 2872 creauit
664 2818 755 2872 bomo.

107 2886 206 2941 l'ultaa
220 2885 300 2941 adeat
314 2887 358 2941 liis
370 2887 535 2942 numinibus
546 2906 554 2949 ,·
564 2888 712 2957 potiusque
728 2888 863 2943 coluntur

136 2956 288 3022 Artificum
301 2957 403 3017 studia,
417 2972 504 3027 quam
520 2957 628 3012 deitate
643 2974 704 3012 aaa.

104 3027 169 3083 Urbs
183 3027 267 3095 [eliu.
280 3029 305 3081 si
320 3027 362 3083 ael
376 3027 499 3082 dominis
513 3028 578 3082 urbs
591 3026 644 3082 illa
659 3031 779 3093 careret,

142 3096 186 3152 Vel
200 3097 322 3153 dominis
333 3101 405 3153 esset
421 3102 501 3168 turpe
511 3113 607 3154 carere
620 3097 685 3167 fide.

104 3186 188 3254 539
209 3201 245 3240 nu
263 3200 378 3241 uuueno
396 3199 545 3242 coartante
565 3200 733 3242 aestuaris
752 3202 844 3243 aona.

136 3273 224 3345 §³52
242 3275 368 3330 Parvane
387 3284 448 3328 sunt
463 3276 519 3331 baec
547 3275 580 3330 ad
609 3275 847 3332 demonstrandam
872 3276 899 3330 in

102 3368 178 3416 tanta
193 3362 258 3416 urbe
281 3363 325 3418 rel
341 3363 405 3418 alim
430 3362 562 3418 bonarum
577 3363 747 3434 dignitatem,
762 3364 804 3419 rel
819 3365 902 3420 mado

103 3449 236 3504 melorum
253 3450 451 3520 majestatem?
466 3450 529 3518 Sed,
546 3467 580 3506 ne
606 3451 670 3522 qnid
698 3452 793 3507 honori
821 3453 899 3521 desit,

103 3536 231 3606 adjiciam
252 3545 279 3592 et
307 3546 443 3609 portarum
472 3555 626 3606 numerum,
651 3547 678 3595 et
702 3541 901 3596 multitudinem

102 3641 237 3680 sacrorum
252 3626 392 3692 cinerum;
409 3634 445 3693 et,
457 3644 491 3683 ne
507 3627 567 3697 quis
590 3630 646 3699 (85)
660 3628 821 3685 obscuritate
836 3646 900 3685 ver-

102 3713 241 3769 borumne
255 3722 414 3770 causetura
439 3716 597 3787 cognitione
624 3732 713 3773 rerum
736 3717 822 3790 rejici,
851 3719 901 3774 erit

102 3818 193 3857 sermo
207 3802 381 3874 quotidianus
395 3810 422 3858 et
436 3805 503 3861 leris
517 3805 585 3876 (88).

400 3916 484 3956 aaran
503 3917 605 3958 roura,

139 3986 232 4042 Prima
243 3997 322 4059 porte
333 3989 470 4056 Cornelia,
499 4005 559 4059 quse
586 3991 668 4047 modo
695 3991 793 4047 dieitur
820 3992 900 4048 Porta

102 4075 290 4144 Senetl'Petri,
311 4085 338 4131 et
352 4076 402 4132 Via
425 4078 561 4133 Cornelia.
593 4080 671 4134 Juxta
700 4096 760 4135 eam
781 4082 900 4136 ecclesia

99 4163 172 4220 beati
187 4165 257 4219 Petri
271 4165 321 4220 sita
336 4172 386 4233 est,
399 4166 427 4220 in
437 4180 490 4234 qua
501 4181 598 4237 carpus
609 4167 668 4237 ejus
671 4167 754 4237 jacet,
767 4185 831 4224 nura
841 4169 899 4242 (87)

99 4260 127 4307 et
150 4253 286 4324 lapidibus
314 4260 421 4324 partlm
449 4253 530 4308 etiarn
556 4255 644 4311 nullus
681 4257 821 4312 bominum
849 4258 899 4313 seit

949 437 977 485 et
990 430 1109 500 abacuc,
1124 428 1174 486 tilii
1183 446 1287 486 eorum.

1221 553 1346 594 annuunt
1366 557 1468 597 auara.

986 626 1203 699 Secundaportn
1223 629 1371 696 Flaminee,
1400 647 1460 700 quse
1485 629 1568 687 medo
1597 631 1740 702 appelletur

951 717 1041 771 Sancti
1056 716 1190 771 Valentini
1206 718 1273 790 (90),
1289 726 1317 773 et
1330 719 1380 774 Via
1392 720 1549 785 Fluminea3
1565 727 1593 775 et
1620 735 1682 774 eum
1708 719 1738 774 ad

949 813 1059 875 pontem
1074 805 1201 861 llolbium
1216 807 1272 875 (91)
1294 807 1426 877 pervenit,
1442 814 1552 863 vocetur
1566 807 1616 863 Via
1631 808 1735 863 llaven-

950 908 1031 959 nnua,
1046 894 1110 964 quia
1124 895 1157 949 nd
1174 895 1329 950 Ravennam
1344 895 1426 951 ducit.
1443 895 1484 951 lbi
1495 896 1520 949 in
1532 896 1737 967 primumilliara
1771 887 1774 890 ¹

950 981 1016 1037 toris
1029 990 1136 1037 sanctus
1149 983 1305 1039 Valentinus
1319 984 1346 1038 in
1360 1000 1408 1039 sue
1421 984 1535 1039 ecelesia
1548 984 1704 1056 requiescit.

1183 1109 1266 1176 540
1289 1122 1390 1162 reunia
1409 1124 1509 1164 ronne.

986 1195 1074 1251 Tertia
1088 1202 1166 1267 porta
1181 1195 1338 1251 Parciniane
1350 1198 1416 1266 (aa),
1438 1203 1464 1252 et
1478 1196 1524 1252 rie
1551 1196 1649 1253 eodem
1665 1199 1736 1254 moda

951 1284 1094 1356 appellata,
1116 1283 1162 1339 sed
1184 1300 1246 1339 cum
1277 1285 1398 1356 pervenit
1424 1285 1457 1340 ad
1486 1285 1619 1342 Salariam
1648 1302 1736 1342 nornen

950 1374 1053 1444 perdit:
1070 1381 1096 1428 et
1110 1373 1148 1427 ibi
1163 1389 1257 1443 prope,
1271 1374 1297 1428 in
1313 1389 1345 1428 eo
1374 1375 1434 1429 laco
1459 1374 1503 1444 qui
1533 1374 1633 1430 dicitur
1661 1375 1737 1431 Cucu-

950 1461 1041 1528 men‘s,
1084 1462 1252 1532 requiescent
1290 1471 1419 1534 martyres
1456 1464 1557 1526 Festus,
1598 1464 1734 1528 lebannes,

951 1550 1091 1616 liberalis,
1121 1549 1267 1621 Diogenes,
1302 1550 1415 1618 blastus,
1452 1551 1571 1616 Lucine;
1589 1559 1615 1607 et
1642 1552 1671 1607 in
1692 1568 1737 1607 una

951 1638 1093 1711 sepulchro
1108 1638 1215 1694 ducenti
1230 1639 1373 1712 sexaginte
1387 1641 1454 1710 (93),
1484 1650 1510 1695 et
1529 1640 1557 1695 in
1585 1641 1669 1698 allero
1695 1640 1736 1696 tn'-

949 1728 1038 1800 ginta.

1234 1833 1342 1881 antara
1359 1833 1460 1873 roure.

986 1912 1086 1982 Quarta
1113 1922 1190 1985 portu
1220 1923 1246 1969 et
1276 1915 1321 1969 lliu
1337 1915 1449 1980 Salaria,
1469 1933 1529 1987 quar
1543 1917 1627 1973 modo
1655 1917 1739 1976 Sancti

951 2001 1074 2058 Silvestri
1089 2003 1146 2074 (91)
1161 2003 1267 2058 (licitur.
1282 2004 1324 2059 lbi
1336 2003 1414 2073 juxta
1428 2005 1500 2060 riam
1515 2015 1622 2062 sanctus
1636 2009 1741 2062 uermes

950 2092 1249 2162 requiescil,etsancta
1277 2093 1393 2160 Vasclla,
1418 2110 1448 2149 er
1471 2095 1577 2162 Protus,
1606 2105 1632 2150 et
1660 2097 1740 2151 lucin·

950 2189 1017 2248 etus,
1033 2181 1203 2246 Manilianas,
1216 2181 1393 2249 Herculanus,
1423 2183 1549 2253 Crispum
1566 2193 1592 2239 et
1606 2184 1635 2238 in
1664 2183 1740 2239 altera

950 2269 1011 2324 loco
1026 2285 1110 2340 prope
1125 2270 1295 2340 requiescunt
1308 2270 1393 2325 sancti
1416 2279 1549 2342 martyres
1579 2271 1740 2343 Pamphilus.

951 2356 1087 2426 QuirinuS,
1101 2358 1270 2431 septuaginta
1282 2358 1414 2430 gradibus
1424 2359 1452 2413 in
1466 2359 1521 2415 ima
1537 2367 1624 2416 terrae.
1643 2360 1740 2416 Deinde

950 2445 1062 2502 basilica
1085 2455 1184 2503 sanctae
1212 2447 1365 2512 Felicitatis,
1396 2448 1442 2503 ubi
1470 2449 1614 2520 requiescit
1641 2450 1697 2515 ille,
1720 2455 1743 2504 et

951 2533 1058 2589 Silanus
1072 2532 1141 2589 tilius
1156 2535 1223 2603 ejus,
1241 2542 1266 2590 et
1282 2551 1335 2590 nan
1362 2536 1443 2608 longe
1459 2537 1611 2593 bonifacius
1638 2545 1741 2609 marta.

951 2622 1056 2676 Ibidem
1071 2621 1099 2676 in
1114 2623 1198 2678 altera
1217 2623 1333 2679 ecclesia
1347 2631 1408 2678 sunt
1436 2624 1583 2693 crisantus,
1607 2633 1634 2681 et
1656 2626 1742 2692 Dan'a,

951 2718 977 2764 et
993 2710 1160 2776 Saturninus,
1177 2719 1203 2766 et
1216 2713 1332 2780 blaums,
1362 2719 1389 2767 ct
1400 2714 1494 2778 lason,
1510 2722 1537 2768 et
1551 2721 1639 2770 meter
1653 2730 1743 2769 eorum

951 2798 1063 2860 Hilaria,
1079 2799 1164 2854 etalii
1179 2800 1400 2857 innumerabiles.
1423 2802 1458 2856 Et
1486 2802 1513 2856 in
1537 2803 1624 2857 altera
1639 2803 1745 2858 basilica

951 2894 1059 2942 sanctus
1084 2888 1247 2954 Alexander,
1272 2889 1376 2955 vitulis,
1400 2890 1535 2956 liertialis,
1567 2889 1614 2945 filii
1647 2900 1745 2947 sancte

952 2974 1269 3044 Felicitatis;etsanctae
1297 2985 1400 3049 septem
1428 2978 1557 3050 virgines,
1588 2979 1743 3046 Saturnine,

913 3041 938 3106 C
953 3063 1080 3129 llilarina,
1092 3064 1260 3119 Dominunde
1275 3066 1342 3136 (93),
1359 3066 1522 3138 Repentina,
1535 3066 1680 3122 Serantina
1689 3070 1744 3138 (98)

955 3152 1078 3219 Paulina,
1097 3152 1210 3208 Donate.
1240 3153 1343 3209 Deinde
1367 3153 1477 3209 basilica
1503 3154 1587 3209 sancti
1615 3155 1744 3220 Silvestri,

953 3240 998 3294 ubi
1007 3241 1080 3310 jacet
1094 3256 1250 3296 marmoreo
1267 3242 1368 3297 tumulo
1396 3250 1558 3313 coepertus;
1574 3250 1600 3298 el
1615 3251 1745 3314 martyres

954 3327 1115 3397 Celestinus,
1130 3329 1268 3400 Philippus
1283 3338 1310 3384 et
1325 3329 1400 3385 Felix
1414 3348 1421 3384 ι
1434 3338 1460 3385 et
1484 3329 1587 3386 ibidem
1616 3340 1745 3403 martyres

955 3417 1064 3472 trecenti
1080 3418 1218 3489 sexaginta
1233 3418 1350 3489 quinque
1378 3418 1405 3472 in
1430 3434 1483 3474 uno
1509 3420 1653 3491 sepulchra
1667 3422 1741 3489 541

954 3506 1179 3576 requiescentium
1211 3522 1295 3578 prope
1325 3507 1430 3573 Paulus,
1461 3514 1488 3563 et
1522 3506 1743 3576 Cresciuntianus,

955 3593 1059 3661 Prisca,
1074 3594 1231 3662 Semeleius,
1245 3595 1376 3651 Praxedis
1405 3597 1470 3665 (91),
1494 3596 1653 3652 Potentiana
1678 3613 1743 3668 pau·

954 3690 1024 3738 saut.

1241 3806 1344 3854 Quum
1361 3806 1459 3847 ecurt.

987 3896 1087 3966 Quinte
1100 3906 1177 3968 porta
1191 3898 1363 3953 Numentnna
1373 3898 1430 3969 (98)
1442 3913 1449 3968 ;
1461 3898 1561 3954 ibidem
1572 3898 1630 3970 (99)
1641 3909 1744 3956 sanetus

952 3987 1123 4054 Nicomedes,
1141 3987 1279 4058 presbyter
1294 3994 1320 4042 et
1334 3995 1451 4057 martum
1468 3986 1586 4057 itemque
1601 3989 1742 4044 viaeodera

953 4075 1036 4129 modo
1052 4074 1157 4130 dicitur.
1173 4074 1331 4130 Juxteviam
1348 4075 1463 4131 ecelesia
1489 4084 1592 4131 sanetas
1619 4077 1743 4148 Agnetis,

953 4170 979 4217 et
997 4178 1114 4233 corpus:
1131 4162 1257 4218 inultam
1282 4164 1357 4234 (199)
1384 4171 1475 4218 sancta
1504 4165 1706 4231 Emerentinnu,
1721 4172 1744 4220 et

953 4257 1087 4322 martyres
1100 4251 1261 4318 Alexander,
1276 4250 1361 4318 Felix,
1390 4250 1495 4319 l‘apias.
1509 4250 1539 4307 ln
1555 4252 1674 4324 septima
1687 4253 1743 4308 mil·

101 4357 241 4396 numgmm
256 4343 685 4413 mqnymmqequuijnffldem
705 4345 899 4417 eeclesiam.
948 4333 1029 4388 llario
1043 4334 1162 4403 ejusdem
1180 4335 1234 4390 viee
1261 4342 1370 4390 sanctus
1393 4350 1462 4406 papa
1491 4335 1658 4403 Alexander,
1682 4352 1739 4395 eum

101 4437 170 4484 sant.
183 4430 211 4483 ln
223 4428 317 4483 eadem
333 4429 381 4483 vie
396 4437 436 4484 est
446 4429 530 4484 alteru
546 4431 670 4500 ecclesia,
697 4434 723 4487 in
740 4434 800 4504 quia
815 4406 943 4505 requi-D
959 4422 1072 4478 EvessliO
1087 4430 1114 4478 θῑ
1127 4423 1277 4490 Th⁰⁰d0¹02
1294 4432 1396 4494 9111581·

102 4523 303 4572 escuntsaneue
317 4517 434 4590 virgines
456 4517 561 4574 lluffina
585 4527 612 4575 et
626 4521 761 4578 Secunda.
778 4524 805 4576 ln
821 4524 897 4578 tertia

140 4666 197 4733 (stt
217 4667 353 4732 Venastce,
370 4683 396 4722 a.
413 4683 436 4722 s.
453 4683 478 4721 e.
494 4668 521 4722 d.
538 4684 563 4722 e.
580 4667 629 4733 lt,
645 4674 772 4736 uetusta,
788 4671 839 4727 ln.

140 4738 195 4806 (85)
208 4737 288 4804 Quis,
304 4752 330 4791 a.
345 4753 370 4792 c.
386 4738 413 4793 d.
425 4736 456 4805 1.,
471 4738 587 4812 aliquis,
603 4756 637 4805 ε..
653 4741 741 4796 amitt.
757 4741 785 4796 in
800 4757 824 4795 e.

138 4809 194 4878 (88)
211 4809 296 4863 Leria
311 4808 439 4863 lltenium
455 4816 481 4862 et
495 4816 632 4879 portarum
647 4811 739 4866 llomae
753 4812 897 4882 descriptio

987 4675 1072 4730 Parta
1087 4672 1235 4728 Piaciaaa.
1494 4713 1501 4729 .

990 4745 1046 4810 199)
1062 4744 1184 4799 Daceati
1196 4744 1360 4813 aecaqiata,
1374 4760 1399 4797 s.
1418 4761 1442 4800 c.
1459 4745 1539 4808 de..
1557 4745 1746 4816 decentiqua·

951 4816 1094 4884 draqiata,
1111 4830 1137 4868 e.
1155 4816 1171 4867 l.
1187 4815 1340 4869 -Ducenti
1350 4817 1489 4884 sexaginta
1498 4823 1630 4885 martyres
1640 4816 1745 4887 sagittis

103 4879 221 4935 occurrit
233 4877 306 4949 apud
319 4878 435 4934 dadrew
445 4879 598 4935 anisden.
630 4883 789 4938 ·uemarts
804 4883 898 4938 oatlte
950 4885 1069 4940 confossi
1097 4885 1223 4941 dicuntur
1250 4893 1277 4938 ta
1304 4887 1503 4956 amphitheatro
1525 4887 1605 4956 jtrssu
1640 4885 1746 4967 Claudii

104 4952 272 5037 antiquillus
287 4951 408 5019 otllcme
418 4951 476 5006 aad
489 4952 674 5009 iteravimus.
693 4976 703 5000 ιι
715 4954 799 5009 Lond.
816 4953 897 5016 indu

105 5024 193 5161 Ἥ)
207 5092 291 5153 iuro.
306 5106 334 5145 c.
354 5090 382 5146 d.
397 5106 434 5156 e.,
450 5105 520 5149 auro
535 5096 700 5162 etarqeato,
717 5108 742 5147 a.
759 5111 781 5148 s.
799 5094 819 5149 l.

135 5161 182 5231 (88
210 5163 376 5232 Martyrum,
392 5162 419 5218 d.
435 5178 478 5230 e..
494 5166 657 5220 coactorum
673 5168 843 5236 martyram,
860 5182 890 5222 a,

104 5248 128 5285 ⁵·
140 5247 347 5373 feniculum,
363 5317 385 5357 s.
400 5315 426 5356 c.
441 5302 469 5358 d.
486 5318 524 5369 e..
540 5304 671 5370 basilico,
686 5320 711 5360 a.
728 5303 750 5360 l.

135 5371 193 5440 (90)
206 5372 305 5427 Sancti
322 5372 474 5430 Valentini.
488 5373 565 5430 Nunc
580 5378 664 5434 Parta
679 5375 724 5432 del
739 5378 850 5449 Popula.

102 5512 128 5567 'e
128 5444 193 5577 6(91))
209 5441 347 5507 doleiam,
364 5457 392 5497 a.
411 5458 437 5497 s.
457 5460 482 5501 c.
497 5445 525 5499 d.
536 5461 561 5500 e.
578 5446 607 5514 1.,
624 5447 760 5514 liiluium,
780 5465 802 5503 s.
818 5449 889 5519 (var.

137 5582 193 5654 (91)
208 5581 388 5650 Parciaiaaa,
405 5598 429 5638 a.
444 5582 472 5638 d.
501 5600 525 5639 e.
542 5585 579 5654 1.,
594 5587 800 5654 Porticanus.
818 5605 842 5644 c.
859 5620 894 5631 -

951 4956 1130 5027 imperatoris.
1159 4955 1282 5028 Triginta
1312 4972 1374 5010 vero
1399 4959 1449 5012 sub
1482 4956 1649 5013 Diocletiano
1678 4973 1745 5029 pessi

951 5035 1023 5082 sunt.

985 5098 1042 5166 (9-1)
1060 5097 1132 5153 dado
1147 5096 1252 5152 Sancti
1267 5095 1405 5153 siluestri.
1421 5096 1500 5153 Nunc
1517 5099 1602 5153 Parta
1614 5099 1741 5156 Salaria.

984 5169 1041 5237 (95)
1056 5168 1244 5234 Dominaada,
1260 5183 1288 5221 a.
1303 5183 1327 5222 c.
1344 5168 1372 5223 d.
1387 5184 1412 5223 e.
1430 5170 1466 5232 1.,
1482 5169 1635 5223 Ducenda.

984 5239 1042 5311 (96)
1057 5238 1226 5301 Serantina,
1242 5237 1269 5293 d.
1286 5254 1330 5302 e..
1346 5240 1485 5299 Serotiaa,
1501 5251 1527 5291 a.
1540 5252 1565 5292 s.
1580 5253 1607 5292 c.

984 5310 1028 5371 lut
1056 5309 1202 5375 Praecedit,
1214 5326 1243 5363 a.
1262 5325 1286 5363 c.
1302 5309 1329 5363 d.
1345 5326 1371 5363 e.
1387 5311 1416 5376 1.,
1435 5308 1590 5376 Praesides,
1604 5325 1630 5365 a.

983 5381 1029 5450 (98
1056 5380 1247 5436 llrtnreataaa.
1264 5381 1342 5435 Nunc
1355 5383 1440 5436 Porta
1453 5381 1516 5435 Pia.

983 5450 1037 5520 (99)
1053 5450 1166 5514 ibidem,
1179 5450 1208 5506 d.
1225 5467 1262 5514 e.,
1277 5451 1325 5514 iti,
1341 5467 1367 5505 a.
1383 5467 1406 5505 s.
1421 5466 1447 5505 c.
1463 5449 1482 5504 l.

983 5520 1057 5589 (109)
1073 5521 1186 5587 Altera,
1201 5536 1225 5577 c.
1243 5521 1272 5576 d.
1292 5537 1329 5588 e,
1345 5522 1438 5578 attera
1452 5521 1582 5589 ecclesia,
1599 5536 1625 5576 a.
1641 5535 1666 5578 s.
1682 5522 1705 5579 l.
1729 5593 1733 5599 Ι
