3750 6000
834 221 929 280 nucu
949 222 1097 282 strare.
1277 292 1280 297 ,
1738 233 1791 288 ms

511 344 569 400 XL.
955 350 985 413 A
1000 346 1110 405 deviare
1123 365 1174 405 nec
1186 365 1339 422 pessumus,
1355 368 1405 410 nec
1418 351 1566 417 debemus;
1587 354 1709 426 ejusdem
1723 372 1793 428 prae·

996 435 1144 493 decessoris
1165 438 1248 494 nostri
1274 439 1388 514 vestigis
1419 442 1589 510 inhaerentes,
1616 444 1644 499 in
1663 460 1793 503 concessu

141 497 227 556 1111114
243 493 460 564 confirmatoria
481 492 633 550 “mmm
651 491 754 551 Ufb‘mi
768 491 798 548 Η
810 509 890 565 ¹²⁰?oe
908 493 942 550 αθ
996 525 1107 581 fratrum
1123 536 1274 584 nostrorum
1289 530 1406 585 Conradi
1421 530 1486 586 Sab.
1503 532 1583 587 lmeri
1596 533 1707 589 Tuscul.
1720 534 1793 591 sedis

179 569 353 638 subjectione
362 566 494 623 Ecclesia
504 565 632 621 Dolenrir
642 564 678 621 ad
687 565 842 620 Ecclesiam
855 567 875 622 T
874 581 941 622 aro-

177 655 309 698 nmarem.
995 615 1480 689 nastraeepiscoporum,1tnimundi
1504 620 1624 676 Toletani
1653 623 1792 695 arehiepi-

371 736 464 804 (qnno
481 733 559 799 1144,
576 732 639 790 Mag
654 735 717 803 15.)
995 704 1080 776 scopi,
1104 705 1211 761 ilenrici
1226 707 1432 775 wintoniensis,
1454 708 1556 780 Ulgerii
1577 709 1792 784 andegavensis,

534 858 540 871 .
995 792 1106 849 loannis
1138 795 1287 864 aletensis,
1319 797 1418 870 Nigelli
1456 797 1603 868 Heliensis,
1627 808 1654 857 et
1674 800 1793 873 Philippi

327 859 438 932 [Mffl’
456 858 575 925 C⁰n⁶²l³
590 856 668 926 XXI’
685 857 765 930 6191
996 882 1164 952 Bajoceensis
1179 885 1382 957 cpiscoporum,
1406 887 1530 961 Gregorii
1562 888 1668 947 sancia
1700 890 1793 946 nm

177 985 280 1040 Luctus
303 981 455 1055 episeopus,
483 997 575 1037 servus
599 996 737 1037 servorum
752 980 813 1048 Dei,
828 994 942 1036 renero-
996 971 1219 1043 Transtiberinae,
1240 974 1310 1029 Petri
1330 976 1434 1032 Sanctae
1466 976 1649 1045 Potentianae,
1680 979 1795 1036 Thcmae

143 1074 193 1130 bili
212 1072 286 1128 fratri
301 1071 412 1127 licceat
427 1069 576 1125 Turonensi
595 1069 816 1141 archiepiscopo,
832 1068 943 1140 ejusque
998 1058 1088 1117 Sancti
1105 1062 1208 1130 Vitatis,
1225 1062 1338 1120 Gilberti
1354 1065 1445 1121 Sancti
1454 1067 1546 1133 blanci,
1559 1067 1692 1124 Guiclonis
1701 1068 1793 1125 Sancti

147 1160 345 1219 successoribus
360 1159 490 1214 canonice
505 1157 697 1213 substituendis
718 1159 745 1212 in
767 1165 938 1229 perpetuum.
997 1150 1130 1206 Laurentii
1158 1151 1185 1206 in
1208 1152 1325 1209 Damaso
1357 1154 1573 1226 presbyterorum
1605 1155 1792 1224 cardinalium,

182 1250 248 1320 Qua
261 1248 357 1318 judicii
380 1247 493 1304 veritate
517 1246 607 1302 decisa
630 1254 704 1315 sunt,
728 1246 876 1302 litterarum
898 1243 944 1300 dc·
998 1238 1122 1313 Gregorii
1135 1240 1294 1297 Sanctorum
1306 1241 1396 1315 Sergii
1411 1244 1553 1312 etBacchi,
1564 1243 1688 1301 Oddonis
1698 1244 1791 1301 Sancti

144 1342 210 1398 bent
224 1337 363 1395 memoriae
378 1335 573 1402 commendari,
588 1352 623 1391 ne
638 1351 782 1406 pravorum
802 1334 943 1390 hominum
997 1330 1110 1401 Georgii
1125 1330 1160 1385 ad
1176 1329 1271 1385 t'eluru
1287 1333 1416 1399 liureum,
1428 1332 1559 1389 Guidcnis
1569 1333 1794 1392 Sanam-umes

142 1430 250 1488 calcant
277 1427 304 1482 in
332 1434 470 1497 posterum
503 1424 684 1497 refragatione
713 1423 824 1479 turbari.
841 1422 944 1479 l‘raale·
997 1435 1063 1476 smae
1075 1426 1102 1474 et
1116 1418 1406 1487 [lutitianitlctariani
1422 1421 1512 1478 Sancti
1528 1422 1793 1482 Nicolaiincarcere

144 1533 235 1576 cesscr
249 1515 383 1585 siquidem
405 1520 496 1568 noster
521 1512 606 1567 felicis
630 1513 767 1569 memoria
782 1528 852 1584 papa
865 1514 943 1567 Inno-
997 1508 1172 1564 diaconorum
1191 1508 1384 1579 canlinalinm3
1411 1510 1479 1566 Petri
1494 1512 1689 1581 Cluniaeensis‚
1704 1516 1793 1570 dune·

144 1608 248 1664 centius
272 1603 496 1667 controversiam,
512 1617 573 1671 que)
587 1602 620 1656 de
636 1601 791 1673 praelatione
807 1602 942 1656 Turonerr-
997 1596 1046 1651 rici
1061 1596 1153 1650 Sancti
1168 1596 1265 1651 Juliaui
1280 1598 1452 1666 Turonensis,
1474 1600 1595 1656 Berneris
1616 1601 1792 1658 Nucerianais

141 1698 178 1753 sis
193 1694 320 1750 Ecclesiae
341 1697 368 1746 et
391 1689 559 1760 subjectione
591 1690 715 1745 llolensis
746 1689 816 1744 inter
849 1704 941 1744 earam
956 1685 1144 1773 Babbatum3
1169 1684 1791 1762 l’etripricrisSanetceblarieederaritate;

142 1793 264 1859 pastores
275 1780 381 1852 jamdiu
397 1779 498 1850 agitata
517 1787 571 1845 est,
585 1778 733 1835 venerabili
757 1778 831 1834 iratri
853 1785 942 1834 nostro
997 1774 1127 1831 nobilium
1151 1789 1258 1844 qaoque
1279 1774 1473 1845 Romanorum,
1489 1777 1598 1835 Chencii
1613 1780 1790 1854 Frangentis·

142 1873 276 1931 Gaulrido
292 1869 449 1926 camerensi
465 1868 605 1939 episeopo,
622 1875 682 1923 tuuc
697 1868 852 1938 apostolicae
870 1867 942 1922 sedis
992 1879 1102 1935 panem,
1119 1870 1144 1917 et
1160 1863 1268 1918 Cbencii
1282 1865 1388 1936 nepotis
1402 1867 1471 1936 ejus,
1486 1868 1586 1924 Leonis
1607 1870 1677 1926 Petri
1694 1872 1790 1929 Leonis

142 1963 245 2035 legato,
279 1957 496 2032 cognoscendam
522 1956 773 2025 terminandamque
796 1955 940 2022 commisit,
994 1952 1103 2008 etPetri
1120 1951 1282 2024 Uguiticnis,
1299 1953 1496 2025 multorumque
1512 1957 1626 2013 aliorum
1651 1968 1707 2016 tam
1730 1961 1785 2017 ele·

136 2068 196 2123 quae
211 2065 272 2105 cum
288 2049 315 2102 in
331 2046 390 2116 ejus
404 2045 548 2117 praesentia
574 2045 601 2098 in
625 2044 746 2115 pluribus
764 2043 831 2099 locis
846 2043 941 2099 Gallice
992 2041 1108 2096 ricoruur
1124 2058 1204 2112 aquam
1229 2042 1367 2111 laicorum,
1384 2045 1507 2100 eamdem
1531 2048 1694 2104 sententiam
1718 2050 1789 2106 sedis

137 2146 247 2195 tractata
262 2144 342 2206 esset,
357 2143 383 2192 et
398 2134 512 2189 necdum
537 2130 590 2187 fine
614 2132 705 2188 ‹lebitc
725 2132 877 2196 terminata,
891 2132 941 2186 Do.
993 2130 1147 2201 apostolice
1170 2132 1343 2201 auctoritate,
1367 2133 1446 2189 nobis
1460 2150 1477 2189 a
1490 2135 1548 2191 Deo
1571 2152 1709 2207 concessa,
1724 2156 1788 2195 con-

143 2229 226 2284 lensis
241 2224 469 2295 archiepiscopus,
492 2221 571 2277 nobis
594 2222 784 2293 presentibus
806 2221 840 2276 ad
864 2219 938 2289 ejus·
992 2217 1167 2287 firmavimus,
1184 2227 1277 2275 ettam
1293 2228 1329 2287 te,
1346 2238 1426 2291 quam
1440 2223 1623 2281 Turonensem
1637 2227 1786 2285 Ecclesiam

139 2319 202 2373 dem
236 2313 445 2387 predecessoris
477 2310 559 2366 nostri
593 2311 763 2383 praeentiam
779 2310 861 2376 renit,
876 2325 940 2364 con·
992 2309 1027 2364 de
1045 2307 1162 2379 ipsorum
1186 2309 1373 2379 episcopcrum
1395 2312 1549 2369 obedientia
1571 2317 1680 2389 propria
1704 2334 1788 2374 manu

138 2421 253 2478 querens
269 2404 296 2458 in
311 2401 440 2457 dilatione
455 2400 542 2471 ipsius
556 2413 644 2455 causae
667 2415 695 2453 se
717 2397 853 2454 multoties
873 2413 939 2468 gra·
992 2413 1041 2468 por
1054 2398 1178 2454 baculum
1194 2398 1389 2454 investivimus.
1414 2402 1600 2474 rraeeiptentes
1614 2404 1694 2476 juxta
1716 2409 1789 2480 ejus·

143 2503 235 2551 vatum
255 2508 323 2560 esse,
339 2488 529 2545 etmultasob
544 2488 595 2542 boc
619 2503 752 2556 expensas
774 2486 938 2541 sustinuisse.
992 2486 1054 2542 dern
1087 2485 1225 2542 sententia
1245 2493 1374 2554 tenorem,
1396 2497 1426 2544 ut
1450 2497 1504 2546 tam
1535 2492 1674 2563 Dolensis,
1707 2513 1789 2569 quarn

139 2579 337 2655 l‘ropterquod
352 2577 508 2650 suppliciter
527 2574 724 2647 postulavit,ut
739 2575 811 2629 idem
834 2574 939 2647 praede·
992 2575 1109 2630 universi
1140 2574 1269 2645 deinceps
1301 2577 1444 2636 Britanniae
1485 2580 1616 2639 citerioris
1656 2584 1787 2658 episcopi,

141 2687 231 2729 cessar
244 2677 335 2725 noster
349 2665 473 2722 eamdem
489 2679 598 2720 oausam
623 2662 657 2718 ad
676 2679 753 2717 suam
768 2663 939 2734 praesentiam
992 2664 1139 2719 Turonensi
1162 2664 1306 2730 Ecclesiae,
1327 2673 1455 2736 tanquam
1475 2672 1625 2743 metropolii
1657 2676 1787 2747 propria¹

138 2765 296 2822 revocaret,
333 2762 359 2810 et
391 2753 511 2808 debiturn
544 2750 626 2807 linem
659 2751 820 2822 imponeret.
855 2751 939 2819 Cujus
993 2752 1161 2823 subjaceant,
1175 2761 1201 2808 et
1215 2752 1333 2809 debitara
1353 2755 1378 2810 ei
1397 2756 1577 2816 obedientiam
1605 2778 1638 2818 ac
1663 2779 1788 2820 reveren-

141 2846 262 2920 petitioni
282 2843 464 2913 acquiescens,
493 2839 647 2909 apostolicis
671 2840 765 2895 litteris
780 2839 836 2904 tibi,
852 2855 938 2895 vene·
993 2843 1056 2897 tiam
1081 2841 1218 2896 humiliter
1236 2843 1390 2898 exhibeant.
1413 2846 1469 2902 llae
1491 2856 1580 2905 tamen
1602 2852 1789 2910 moderatione

139 2935 219 2993 rabili
235 2935 262 2988 in
278 2932 391 2997 illiristo,
409 2932 490 2984 lrnter
513 2929 591 3001 Ilugo
615 2928 777 2983 Turonensis
800 2928 938 2998 archiepi·
992 2930 1093 2997 habita,
1110 2939 1138 2984 ut
1151 2929 1234 2986 irater
1247 2932 1787 3014 uostchaulritlusDolensisepiscopus,

142 3041 233 3096 scope,
249 3019 430 3094 precipiendo
448 3018 595 3084 mandarit,
611 3024 640 3071 ut
654 3017 804 3088 apostolico
826 3024 850 3071 te
874 3033 938 3072 con·
954 3068 980 3132 C
994 3019 1114 3090 quandiu
1128 3020 1216 3075 eidem
1232 3021 1350 3076 ecelesiae
1367 3023 1513 3093 praescierit,
1524 3025 1634 3097 pallium
1645 3029 1754 3100 babent,
1765 3042 1793 3089 e,

140 3112 242 3186 spectui
266 3117 462 3182 praesentares,
487 3106 610 3162 eeclesiae
632 3116 683 3160 tuae
702 3106 833 3175 justitiam
857 3121 939 3172 sirper
995 3109 1117 3165 Romano
1150 3107 1268 3180 pontitici
1303 3118 1404 3165 tantum
1437 3113 1576 3183 subjaceat
1598 3132 1604 3172 :
1626 3120 1789 3193 postipsum

143 3206 194 3260 irco
214 3199 355 3258 ostendere
377 3204 550 3269 praeparatus.
568 3193 628 3263 Ouo
652 3194 758 3249 interim
780 3195 871 3250 divino
892 3194 939 3263 ju-
994 3213 1058 3255 vero
1074 3199 1161 3253 nullus
1176 3199 1300 3253 Doleusis
1315 3200 1458 3272 episcopus
1474 3203 1507 3257 ad
1522 3205 1596 3274 pallii
1619 3223 1698 3262 usum
1721 3212 1793 3281 aspi-

142 3289 213 3345 dicic
238 3287 309 3342 viam
334 3284 467 3337 universae
486 3281 573 3336 carnis
595 3280 729 3351 ingresso,
746 3288 800 3334 tam
817 3288 843 3334 tu
859 3280 942 3334 irater
994 3303 1053 3342 rnre
1078 3295 1224 3357 praesamat
1239 3307 1245 3343 :
1262 3289 1324 3356 sed,
1348 3290 1418 3344 sieut
1434 3291 1492 3361 jam
1516 3293 1616 3350 dietum
1640 3305 1690 3368 est,
1706 3300 1791 3358 Tum.

143 3376 367 3447 archiepiscope,
395 3386 474 3441 quam
498 3369 636 3434 Dcleusis,
657 3384 704 3439 pro
728 3368 808 3437 hujus
830 3376 939 3423 contro·
995 3391 1106 3431 ncnsem
1131 3376 1277 3432 Ecclesiam
1301 3379 1441 3448 proprium
1465 3385 1634 3453 metropolim
1659 3403 1793 3460 recogno.

141 3466 238 3523 versiae
254 3462 390 3517 decisione
404 3466 496 3513 austro
512 3473 560 3511 ros
574 3457 726 3526 corispcetui
748 3457 939 3527 praesentastis.
994 3472 1059 3534 scat,
1076 3473 1101 3520 et
1116 3475 1269 3521 conaerenter
1284 3467 1308 3521 ei
1323 3467 1441 3523 obediat.
1463 3470 1493 3525 Si
1509 3488 1561 3542 qua
1577 3473 1659 3545 igitur
1672 3476 1701 3532 in
1715 3478 1792 3537 latta·

143 3559 209 3611 Cum
226 3560 317 3607 atrtcru
335 3549 367 3602 de
384 3548 503 3602 ecelesia
519 3554 570 3600 tuae
583 3547 685 3614 justitia
696 3546 939 3616 rationesscriptu,
994 3569 1052 3608 rum
1075 3554 1253 3610 ecclesiastiea
1268 3557 1435 3613 saecularisve
1459 3576 1585 3630 persona,
1601 3563 1681 3634 hrq'us
1695 3576 1794 3626 Μαι-ω

142 3641 344 3710 etarguruenta
367 3633 484 3703 plurima
506 3631 696 3700 produxisses,
720 3631 881 3702 productum
901 3636 941 3683 est
994 3640 1160 3699 qqffiujqonjs
1192 3646 1353 3700 sementiam
1385 3647 1485 3718 scions,
1500 3658 1592 3707 comm
1614 3669 1674 3709 eam
1698 3658 1794 3717 venire

142 3737 250 3795 landi'm
264 3735 291 3789 5¹¹
306 3731 424 3787 medium
444 3729 649 3800 Plaelli'CssSSOslS
671 3729 754 3784 110⁵lri
776 3729 863 3784 blalae
878 3744 938 3783 tite·
994 3738 1094 3787 tcmere
1116 3734 1270 3803 tentaverit,
1296 3735 1414 3791 secundo
1437 3738 1550 3795 tectiore
1574 3745 1750 3816 commonita,
1767 3748 1792 3804 ei

142 3834 236 3892 moriae
251 3829 352 3887 Urbani
368 3843 445 3899 papan
460 3825 649 3898 pririlcgium,
671 3825 698 3879 in
720 3841 774 3896 quo
796 3824 938 3879 manifeste
993 3835 1047 3876 noir
1067 3821 1247 3878 satisfactione
1271 3840 1389 3897 congrua
1419 3829 1618 3900 emendaverit,
1646 3837 1791 3902 pererrans

147 3916 344 3980 continebatur,
360 3912 430 3982 quod
445 3911 516 3965 idern
531 3927 602 3981 papa
617 3917 676 3980 post
691 3909 788 3963 multas
803 3907 885 3977 hujus
902 3908 940 3962 rei
994 3910 1155 3980 honorisque
1178 3913 1222 3966 aui
1244 3912 1375 3985 dignitate
1391 3926 1493 3986 eareat,
1509 3934 1638 3990 reamque
1651 3938 1682 3978 se
1696 3925 1790 3987 divino

146 4010 175 4064 in
198 4021 244 4059 sun
260 4010 286 4057 et
301 4003 449 4072 legatorum
465 3999 546 4053 etiam
562 3997 633 4052 seclis
647 3997 801 4066 apostolicae
816 4012 940 4067 prasen—
991 3997 1094 4070 judicio
1109 4000 1222 4055 existere
1245 4000 1279 4057 de
1304 4012 1459 4074 perpetrata
1477 4007 1617 4079 iniquitate
1631 4026 1792 4087 eognoscat,

147 4098 184 4153 tia
209 4090 390 4149 discussiones
413 4095 439 4143 ct
460 4085 669 4150 retractationes,
686 4084 793 4155 seriptis
805 4084 940 4138 itomana-
994 4094 1021 4142 et
1036 4103 1051 4141 a
1066 4088 1244 4145 saeratissimo
1266 4107 1380 4161 corpore
1394 4102 1420 4149 et
1434 4097 1566 4166 sanguine
1579 4099 1628 4157 Dei
1642 4109 1668 4158 et
1679 4104 1793 4165 Βοιῃῑῃῑ

143 4202 202 4243 nrm
217 4178 385 4253 pontificum,
401 4175 505 4231 Nicolai
529 4173 662 4239 videlieet,
687 4181 714 4228 et
733 4172 853 4240 loannis,
868 4173 939 4227 teo·
993 4176 1182 4246 Redemptoris
1195 4180 1279 4234 nostri
1293 4181 1354 4237 lesu
1369 4180 1466 4239 Christi
1482 4185 1571 4243 aliena
1586 4187 1642 4257 liat,
1658 4199 1742 4264 atque
1764 4197 1793 4254 jn

143 4276 185 4330 nis
198 4286 304 4342 quoque
318 4267 358 4322 IX
387 4272 413 4319 et
440 4262 564 4334 Gregorii
579 4261 628 4317 tlt
643 4261 786 4334 diligenter
803 4260 937 4332 inspeetis,
993 4273 1113 4321 extremo
1128 4268 1252 4323 exantine
1267 4268 1392 4326 districtae
1406 4273 1501 4330 ultioni
1524 4276 1674 4347 subjaceat.
1689 4284 1791 4343 Obser-

146 4373 172 4421 ct
199 4358 325 4417 omnibus
347 4352 494 4408 hincinde
517 4351 638 4424 diligenti
659 4349 858 4405 examinatione
881 4364 941 4420 per·
994 4355 1122 4410 rantibus
1137 4364 1227 4411 autern
1249 4357 1282 4412 sit
1303 4375 1356 4428 pax
1376 4360 1484 4418 Domini
1505 4365 1588 4421 nostri
1602 4369 1666 4426 lesu
1681 4373 1790 4442 Chasa,

145 4449 273 4514 tractatis,
285 4462 319 4501 ex
334 4441 470 4498 communi
488 4439 598 4495 fratrum
614 4454 721 4495 suorum
738 4440 937 4510 cpiscoporum,
953 4427 979 4488 D
994 4450 1126 4515 quatenus
1140 4452 1167 4499 02
1180 4446 1225 4500 hic
1240 4446 1355 4502 fructum
1369 4448 1449 4506 bonoe
1462 4453 1576 4510 actionis
1589 4459 1754 4533 percipiam,
1765 4473 1792 4522 a

145 4550 172 4598 et
196 4537 339 4594 multorum
356 4532 486 4586 Romanae
501 4527 630 4583 Ecclesiae
653 4528 810 4584 elericorum
833 4534 937 4582 senten·
990 4532 1062 4602 apud
1078 4532 1226 4589 districtum
1239 4534 1361 4604 judicem
1378 4541 1489 4608 praemia
1501 4550 1608 4602 aetcrnae
1626 4549 1703 4618 pacis
1716 4551 1793 4613 inea.

148 4632 186 4687 tia
208 4622 336 4687 decrevit,
354 4628 380 4674 et
393 4617 484 4688 scripti
511 4617 552 4672 sui
573 4616 724 4671 munimine
738 4616 884 4679 roboravit,
908 4620 938 4670 nt
991 4620 1076 4679 niani,
1101 4624 1197 4695 Amen,
1210 4639 1303 4694 amen,
1319 4641 1412 4682 amen·

143 4730 198 4777 tam
213 4709 338 4771 bolensis
362 4707 516 4778 episeopus,
530 4722 611 4777 quam
626 4707 715 4761 caetcri
737 4704 864 4776 deinceps
877 4704 937 4759 Bri·

142 4815 286 4864 tonberum
318 4795 437 4868 episcopi
470 4795 653 4848 Turonenscm
682 4792 830 4848 Ecclesiam
863 4807 937 4847 suana
1203 4811 1231 4854 s.
1256 4810 1372 4854 narnus.
1393 4815 1422 4855 s.
1445 4815 1566 4859 rannus.

143 4912 205 4954 esse
238 4885 409 4956 metropolim
442 4890 682 4955 recognoscerent,
716 4890 742 4937 et
773 4880 892 4937 debitam
913 4881 937 4936 ei
1084 4945 1090 4958 ι

142 4980 322 5042 reverentiam
349 4973 517 5039 exhiberent,
535 4987 584 5026 nec
608 4971 662 5026 ullo
685 4971 796 5026 ulterius
820 4978 939 5042 tempore
1028 4946 1124 5003 Lucius
1138 4963 1208 5018 papa
1222 4948 1259 5003 ῙῙ·
1279 4949 1377 5020 (Ulli
1391 4956 1665 5024 modoerdmmalls.)

140 5081 201 5147 post
210 5065 323 5125 Rolandi
338 5063 454 5128 obitum,
466 5061 511 5130 qui
526 5060 705 5115 tunchlensi
718 5059 839 5115 eeclesiae
849 5058 939 5129 prasi-
1036 5116 1163 5157 οὓτω
1177 5117 1260 5157 mm
1286 5119 1392 5161 mm
1417 5119 1640 5167 mmmm
1653 5126 1730 5173 rm

141 5161 233 5222 debat,
248 5157 281 5210 ad
296 5153 369 5224 pallii
384 5165 461 5204 usum
489 5148 614 5202 Dolensis
637 5148 780 5219 episcopus
802 5148 939 5218 aspiraret.
1263 5145 1269 5171 ²
1355 5148 1362 5158 ¹
1394 5147 1401 5174 ³
1733 5159 1741 5174 ·

138 5248 179 5306 nd
194 5249 252 5301 lraee
267 5257 332 5297 uero
347 5237 471 5294 Dolensis
485 5236 562 5306 nihil,
578 5236 650 5306 quod
667 5238 771 5292 ratione
794 5236 938 5291 subnixum
1025 5227 1086 5301 Ego
1102 5230 1197 5286 Lucius
1212 5232 1349 5288 catholicae
1365 5234 1492 5292 Ecclesiae
1507 5237 1650 5310 episeopus
1663 5259 1705 5301 ss,

138 5338 219 5404 leret,
243 5327 433 5399 respondebat,
456 5341 507 5381 nec
528 5333 632 5396 partem
660 5342 735 5381 suam
758 5323 872 5393 alicujus
885 5325 938 5381 llo-
1024 5320 1084 5389 Ego
1101 5318 1241 5375 Conradus
1255 5320 1415 5378 Sabinensis
1428 5325 1625 5396 episcopusss,

138 5423 211 5481 mani
240 5415 373 5491 pontilicis
389 5413 546 5470 auctoritate
570 5414 636 5468 tueri
657 5413 757 5485 potuit.
782 5413 937 5469 Communi·
1024 5406 1083 5479 Ego
1097 5409 1294 5465 Theodeu·inus
1305 5410 1333 5466 S.
1349 5410 1457 5469 Rufina
1471 5414 1616 5487 episcopa,
1629 5435 1667 5478 Β,

138 5520 197 5570 cato
213 5511 303 5579 itaque
318 5503 440 5572 consilio,
456 5501 583 5572 quoniam
608 5502 635 5557 in
655 5502 720 5559 sede
734 5501 858 5573 justitiae,
874 5501 936 5558 licet
1023 5494 1083 5569 Ego
1098 5497 1238 5554 albericus
1251 5499 1398 5555 llostiensis
1410 5501 1554 5575 episeopus
1568 5523 1610 5566 ss.

133 5598 258 5679 indigni,
284 5595 445 5671 disponente
463 5589 581 5647 Domine
602 5591 684 5667 positi
706 5607 722 5649 a
743 5591 789 5651 via
811 5588 934 5650 veritatis
1023 5585 1082 5663 Ego
1096 5588 1200 5644 laxarus
1214 5588 1586 5666 Tusculanasepiscopusse,
