3750 6000
65 210 116 269 iel
791 205 980 267 EPIS'I'OLE.

65 334 138 404 quod
150 330 276 404 plerique
302 332 397 389 trabes
420 330 503 389 nostri
527 331 580 388 illis
593 331 756 390 concordare
771 348 864 405 coepe-
877 332 905 393 A
919 331 995 404 regia
1010 336 1139 403 potestate
1154 335 1181 387 et
1209 329 1305 404 gretia,
1322 345 1401 404 posse
1414 329 1514 389 sederi.
1533 329 1613 402 Quod
1626 337 1717 388 autern

65 430 146 478 runt:
162 421 202 477 sic
225 436 257 478 eo
281 419 325 477 die
347 420 448 477 inlecto
472 421 581 494 negotio
596 421 720 476 dimissus
739 429 779 476 est
796 437 865 476 con-

66 519 174 566 ventus.
193 510 291 565 Postea
313 525 380 566 vero
395 525 445 564 nos
466 510 554 582 pauci,
574 525 627 564 non
651 509 746 564 nostris
764 509 866 564 uiribus

67 605 161 654 contre
190 605 292 653 tentam
319 597 517 653 multitudinem
538 598 602 652 sotis
620 596 721 663 conlisi,
746 597 781 652 ab
804 598 864 668 epi-

67 687 166 757 seopis,
196 686 341 741 Albanensi
371 685 494 740 videlicet
518 693 544 741 et
576 686 695 752 blotensi,
725 686 864 741 consilium

68 774 251 845 quesivimus,
280 782 307 828 et
326 773 435 828 tandem
459 774 497 829 sic
520 790 570 829 nos
584 781 610 828 et
623 789 731 828 causum
747 782 864 828 nostrum

68 862 95 916 in
116 878 199 917 manu
223 870 250 916 et
267 861 379 916 consilio
407 876 499 916 eorum
527 861 673 932 posuimus,
694 868 722 914 ut
740 861 773 916 de
792 877 863 930 quu-

68 965 176 1021 cunque
189 964 307 1015 persone
322 949 372 1018 ipsi
388 949 568 1012 consulerent,
584 948 730 1004 dummodo
744 949 790 1003 illu
804 948 862 1016 tibi,

66 1039 155 1103 Peter,
172 1045 284 1107 eccepto
299 1036 378 1102 toret,
395 1045 421 1091 et
435 1038 471 1091 D.
483 1054 529 1092 reu
545 1037 620 1091 illem
633 1038 758 1092 investire
772 1038 862 1103 uellet,

64 1126 139 1181 illurn
169 1141 220 1181 nos
244 1125 414 1197 eligeremus,
435 1141 488 1194 quo
507 1124 541 1179 de
559 1125 634 1195 plum
653 1124 764 1179 domino
783 1124 863 1180 locuti

63 1222 124 1268 siunt
139 1214 212 1284 regi.
227 1212 330 1269 Deinde
344 1212 377 1267 ad
401 1228 450 1267 nos
466 1214 576 1279 reunsi,
600 1221 627 1267 ut
648 1214 680 1267 D.
702 1213 862 1269 llberonem

63 1303 211 1357 belensem
226 1303 310 1369 (lde),
328 1301 454 1356 Ecclesiae
477 1301 670 1373 primicerium.
691 1302 862 1373 eligeremus,

61 1389 262 1455 consriloeront,
279 1397 306 1444 et
319 1391 391 1445 ltrrtac
405 1391 436 1444 D.
455 1391 512 1460 regi
526 1390 640 1458 placere,
657 1388 767 1459 ejusque
783 1390 862 1446 lovo-

61 1494 118 1533 nem
148 1477 291 1533 nobiscum
320 1478 347 1532 in
375 1479 425 1533 boc
454 1478 511 1532 lore
538 1478 674 1532 dixerunt.
698 1480 754 1532 llnc
782 1479 864 1548 igitur

61 1564 160 1624 uae-ets
173 1567 297 1633 soimati,
318 1566 381 1620 duim
401 1566 434 1621 ud
452 1565 600 1621 iaciendum
617 1566 774 1622 electionem
793 1583 862 1622 ooo-

921 420 955 475 ed
970 420 1128 475 electionem
1144 435 1198 473 non
1216 419 1305 490 plures
1330 419 1428 476 tratres
1441 419 1606 485 vocavimus,
1635 435 1718 476 meu

921 508 970 563 luit
999 507 1080 562 timor
1103 522 1156 577 quo
1186 506 1347 561 timebamus
1370 508 1442 562 ciues
1465 515 1578 575 nostros,
1608 507 1663 577 qui,
1693 507 1716 562 si

920 595 989 650 sorte
1004 595 1154 660 rescissent,
1183 594 1209 648 in
1222 594 1334 666 jugulos
1350 603 1454 651 nostros
1469 594 1614 661 imuisseut,
1642 611 1658 649 e
1674 594 1720 651 ttle

921 683 1097 753 quontmdam
1116 684 1226 737 fratrom
1252 691 1402 738 nostrorum
1426 700 1536 739 assensu
1549 683 1638 738 minus
1651 680 1719 755 spei

919 772 1054 833 rebamus,
1071 771 1198 840 quonium
1216 771 1288 840 prius
1303 787 1350 825 eos
1374 771 1470 826 timore
1489 771 1592 837 mortis,
1613 777 1642 826 ut
1656 786 1718 826 cre-

919 860 1016 922 dimus,
1045 859 1160 927 territos,
1177 857 1250 912 luicis
1272 859 1370 914 lauisse
1392 859 1554 925 videramus,
1578 865 1606 914 et
1628 866 1719 914 tumen

919 948 1008 1001 adluto
1024 963 1055 1002 eo
1082 958 1204 1017 terrrpore
1227 947 1351 1017 plerique
1376 947 1453 1002 adse
1479 948 1594 1002 deletum
1610 963 1626 1002 u
1640 946 1720 1002 nobis

919 1035 1077 1089 electionem
1113 1035 1230 1102 benigno
1253 1043 1343 1090 mente
1370 1043 1396 1090 et
1419 1034 1509 1091 verbis
1536 1041 1715 1106 receperunt:

921 1131 1010 1193 postue
1026 1139 1090 1177 uero
1105 1122 1150 1176 ubi
1179 1123 1344 1194 lloguntiem
1360 1123 1404 1179 dio
1418 1131 1514 1178 statuto
1529 1123 1662 1190 venimus,
1693 1129 1721 1178 et

919 1211 1076 1265 electionem
1094 1211 1191 1264 luctum
1220 1211 1332 1265 domiuo
1347 1211 1404 1281 egi
1419 1212 1653 1282 prrescntnvimus,
1671 1211 1716 1266 ille

918 1299 1005 1367 guntin
1032 1299 1160 1353 laicorum
1190 1299 1354 1358 inuolututus.
1383 1315 1436 1354 uon
1463 1307 1569 1370 sperate
1597 1297 1720 1369 benigni·

918 1387 1160 1449 tutenosnudirit,
1191 1401 1241 1442 nec
1255 1403 1362 1441 corisum
1392 1397 1509 1443 nostram
1538 1387 1716 1456 manutenuit,

919 1483 944 1529 et
961 1474 1067 1529 tandem
1093 1475 1235 1530 edomino
1259 1475 1404 1530 tillianensi
1420 1475 1605 1547 promissionis
1618 1489 1718 1545 supre-

917 1563 997 1617 dietae
1024 1564 1214 1627 commonitus,
1257 1579 1348 1618 eorem
1377 1563 1503 1619 omnibus
1530 1563 1663 1634 episcopis
1691 1572 1719 1619 et

61 1655 226 1720 veniremus,
242 1655 375 1726 peletiuus
392 1671 495 1720 comcs,
518 1654 562 1723 quii
573 1662 612 1709 est
626 1655 750 1710 l-Teclesien
764 1663 902 1737 nostraeB
919 1651 1094 1723 principibus,
1121 1651 1165 1720 urii
1180 1659 1327 1719 presentes
1340 1659 1426 1718 erant,
1456 1667 1593 1723 nunquam
1608 1667 1637 1707 se
1664 1651 1718 1709 do·

61 1742 220 1808 advocatus,
235 1743 379 1813 ceterique
403 1743 508 1796 nobiles
522 1751 548 1797 ot
563 1744 690 1813 populus,
706 1742 752 1796 ubi
772 1744 861 1798 inten-
918 1739 991 1794 ruino
1006 1738 1150 1793 Albenensi
1167 1739 1208 1793 vel
1235 1740 1345 1794 lleteosi
1373 1740 1531 1809 promisisse
1545 1747 1653 1795 testulus
1667 1746 1717 1808 est,

61 1830 162 1884 tionem
192 1839 310 1884 nostrum
340 1837 537 1900 persenserunt,
567 1830 636 1884 laius
662 1829 739 1884 turbe
765 1838 791 1883 et
819 1837 863 1884 tu·
917 1828 987 1895 qttod
1004 1827 1120 1896 aliquem
1136 1826 1170 1880 ‹le
1184 1826 1310 1898 eligenda
1335 1827 1509 1898 illupersons
1539 1828 1639 1883 bonam
1666 1843 1719 1883 vo·

61 1918 147 1973 multu
176 1918 286 1988 penitus
305 1932 356 1971 nes
382 1917 606 1983 disturbaverunt,
636 1925 662 1972 et
682 1925 743 1972 tunc
770 1934 865 1974 omnes
917 1916 1046 1969 luntutem
1071 1914 1216 1980 linbuisset,
1247 1916 1298 1969 nisi
1327 1932 1376 1986 per
1402 1931 1539 1972 assensum
1554 1923 1581 1970 et
1602 1931 1719 1972 concor·

61 2005 204 2061 dominum
232 2005 433 2072 Gebehordum,
454 2006 580 2060 Ecclesiae
609 2014 706 2061 nostrae
728 2007 864 2077 praeposi-
918 2003 989 2057 dinrn
1019 2002 1150 2070 omnium,
1181 2010 1235 2056 tam
1279 2004 1409 2058 laicorum
1437 2020 1517 2073 quern
1546 2005 1717 2072 clericorum,

60 2098 127 2153 tum.
144 2094 190 2164 qui
206 2095 308 2165 primus
333 2093 367 2148 de
381 2094 466 2148 tribus
480 2101 537 2148 eret
553 2093 714 2158 nominatus,
738 2095 788 2148 sibi
804 2095 863 2165 duri
917 2091 975 2146 fiori
992 2093 1139 2163 potuisset;
1155 2094 1194 2149 sic
1213 2092 1318 2147 contusi
1338 2101 1364 2147 et
1386 2093 1503 2148 frustrati
1527 2093 1562 2148 sb
1587 2109 1621 2149 eo
1639 2109 1718 2149 rece·

61 2181 215 2255 petierunt;
232 2181 279 2237 sed
295 2197 354 2249 nos,
372 2182 443 2251 quio,
460 2188 582 2253 utsupra
606 2182 771 2246 dictumest,
790 2182 863 2237 obli·
918 2180 1022 2247 dentes,
1043 2180 1088 2234 ubi
1107 2181 1217 2235 domum
1238 2179 1372 2246 venimus,
1397 2196 1505 2236 omnem
1530 2179 1586 2236 lere
1605 2180 1717 2247 olerum,

60 2269 253 2342 goderamus,
280 2285 372 2324 eorum
398 2270 518 2340 petitioni
541 2270 696 2325 satisfecere
709 2278 862 2339 renuentes,
918 2275 1016 2338 preter
1029 2284 1086 2334 ons,
1105 2269 1150 2337 qui
1164 2269 1323 2323 electionem
1341 2268 1505 2333 leceramus,
1526 2284 1542 2323 e
1560 2267 1640 2322 nobis
1659 2267 1718 2322 dis-

66 2357 229 2413 electionem
253 2374 337 2427 usque
367 2357 401 2412 od
429 2356 575 2412 discessum
596 2359 667 2429 regis
686 2367 712 2413 et
731 2358 863 2412 baronum
916 2356 1082 2411 condientem
1098 2357 1260 2424 invenimus,
1289 2364 1317 2412 et
1332 2357 1438 2426 quoties
1455 2371 1503 2411 eos
1517 2355 1679 2424 alloquimur
1692 2362 1720 2411 et

64 2445 233 2507 distulimus:
263 2461 324 2499 oum
349 2446 540 2515 inpraesentia
565 2462 658 2500 eortim
682 2446 863 2514 primicerium
917 2444 1070 2500 confortare
1103 2451 1244 2510 tentemus,
1287 2445 1465 2500 claustrorum
1496 2442 1716 2509 destructionem,

62 2549 235 2604 emmonem
255 2533 357 2606 eligere
378 2531 562 2597 audebamus;
578 2541 641 2588 tunc
656 2549 703 2588 rex
722 2534 864 2589 discedens
917 2532 1122 2600 prebendarum
1138 2548 1246 2587 suerum
1270 2531 1462 2602 direptionem,
1491 2538 1519 2586 et
1546 2529 1630 2602 ipsius
1656 2531 1718 2589 vite

61 2619 135 2676 diem
151 2620 390 2692 nobisllopuntire
405 2620 563 2684 nominavit,
580 2620 735 2691 ibijudicio
755 2622 862 2692 episco-
918 2620 1065 2691 periculum
1082 2621 1161 2676 nobis
1188 2619 1367 2691 pretendunt,
1397 2627 1424 2674 et
1454 2618 1575 2674 omnium
1605 2619 1716 2675 istorum

60 2724 158 2780 porum
182 2724 211 2763 se
238 2709 376 2779 negotium
406 2715 524 2762 nostrum
550 2709 620 2764 rulle
648 2717 760 2764 tractare
788 2709 863 2764 offir-
918 2709 1050 2764 mulorum
1066 2707 1349 2764 nullumseiuuenire
1366 2707 1536 2763 conclament
1549 2706 1712 2763 remedium.

59 2812 148 2851 mans.
168 2797 275 2851 interea
291 2797 366 2865 (189)
385 2812 434 2851 nos
448 2795 537 2866 pauci,
559 2797 684 2851 uidelicet
703 2799 863 2868 propositus
917 2796 1063 2865 llujestutis
1077 2797 1159 2869 igitur
1173 2805 1225 2852 tuae
1253 2795 1387 2866 provoluti
1413 2794 1538 2866 pedibus,
1560 2810 1609 2866 per
1626 2794 1719 2851 cbari-

61 2884 292 2952 majorisdomus,
318 2884 446 2951 decenus,
467 2885 519 2938 duo
541 2884 732 2947 archidiaconi,
753 2902 861 2956 praepo·
918 2885 1073 2938 tutemlesu
1101 2884 1198 2941 illusisti
1227 2884 1445 2940 obsecremusut
1472 2883 1524 2939 eito
1544 2883 1618 2953 repis
1636 2882 1718 2939 sauo-

57 2981 125 3027 stus
140 2974 170 3028 S.
188 2972 302 3038 Paulini,
329 2972 460 3042 magister
474 2972 636 3039 scholarum,
654 2980 752 3040 custrs,
777 2982 803 3027 et
816 2975 860 3027 ulii
916 2989 985 3037 reru,
1007 2988 1086 3042 quem
1114 2972 1216 3027 domini
1241 2971 1400 3029 ,llbooeusis
1430 2981 1456 3025 et
1483 2971 1611 3027 lienosis
1636 2970 1718 3027 nobis
1776 2964 1780 2973 ’

58 3067 174 3131 qrtetuor
196 3060 318 3115 cunonici
344 3060 454 3127 maioris
475 3059 581 3126 (loturus,
608 3060 634 3114 in
660 3063 742 3115 elroro
769 3018 1104 3131 nostrocpromiserent,
1134 3061 1275 3129 nequires3
1292 3059 1412 3128 elloquio
1440 3075 1504 3117 vero
1524 3065 1655 3115 restalut
1671 3057 1717 3115 vel

57 3149 247 3213 convenimus,
272 3155 298 3203 et
313 3149 348 3202 D.
372 3149 533 3203 alberonem
558 3149 608 3203 sub
630 3165 661 3204 ea
683 3150 791 3219 quidem
813 3166 861 3221 spe
916 3149 1033 3220 primum
1048 3149 1162 3203 electum
1178 3156 1298 3203 nostrum
1311 3145 1398 3219 (teu),
1420 3147 1561 3205 dominum
1589 3146 1717 3206 videficet

56 3236 205 3308 elegimus,
225 3235 351 3291 uidelicet
373 3236 394 3289 si
418 3236 464 3290 tibi
487 3236 597 3291 domine
621 3237 707 3303 Peter,
732 3236 859 3306 placeret,
914 3237 1077 3303 Bruoooem,
1095 3236 1174 3293 nobis
1188 3235 1293 3299 reddes,
1311 3237 1353 3291 rel
1392 3235 1467 3291 sulas
1483 3243 1534 3291 luoe
1549 3234 1715 3306 paternitatis

56 3331 85 3378 et
99 3324 121 3378 si
132 3324 260 3378 dominus
276 3339 323 3379 rex
339 3340 410 3390 euin,
428 3330 455 3377 ut
476 3325 554 3379 nobis
568 3324 687 3395 episcopi
702 3324 861 3379 Albanensis
913 3324 1011 3396 gretie,
1028 3325 1108 3379 eliam
1123 3324 1202 3378 nobis
1217 3324 1368 3380 necessario
1390 3323 1521 3378 incumbit
1534 3323 1633 3394 digere
1651 3338 1713 3393 per·

56 3417 85 3467 et
114 3412 241 3467 detensis
268 3411 458 3482 promiserunt,
483 3411 557 3466 dono
582 3412 711 3482 suijuris
734 3411 861 3468 investire
912 3426 1018 3475 sonum,
1048 3411 1074 3465 iu
1090 3419 1183 3482 quest
1216 3412 1281 3468 oleri
1299 3420 1325 3467 et
1344 3412 1436 3483 populi
1455 3410 1619 3468 concordent
1636 3417 1710 3467 uota.

57 3499 150 3555 uellet.
166 3498 327 3555 Sciebemus
340 3500 422 3565 enim,
439 3506 466 3554 et
479 3501 567 3554 adbuc
590 3499 773 3564 senescimus,
790 3499 857 3555 irem
911 3499 973 3554 Non
1000 3499 1124 3570 cqtudem
1153 3509 1206 3555 tom
1227 3517 1276 3556 uos
1294 3509 1404 3559 mouent
1424 3501 1496 3556 male
1514 3516 1575 3572 quse
1591 3500 1710 3556 sustine·

56 3589 216 3644 etluroram
238 3587 367 3642 laicorum
385 3587 565 3657 nullomodo,
582 3587 790 3660 nullningenio,
807 3589 858 3644 nisi
913 3603 973 3642 mus
1004 3588 1047 3643 vel
1070 3587 1226 3644 sustinenda
1251 3596 1450 3658 exspectamus,
1477 3604 1557 3658 quam
1586 3588 1713 3658 frequens

92 3759 340 3831 (ltillllisronem
348 3760 854 3842 belensem,dcclerioeprlmlcsrium.
910 3761 1712 3837 subdiaconus,paiprorimolocopredictodominodldr·

54 3830 155 3890 ubero
179 3847 214 3887 ex
242 3831 430 3902 botharingtcs
445 3831 548 3886 familie
571 3831 702 3886 nobilium
727 3831 761 3887 de
777 3831 855 3891 Don—
911 3834 1109 3889 ronllnsedem
1124 3834 1389 3908 archiepiscopalem
1404 3836 1587 3902 reconcinet
1603 3834 1632 3889 D.
1641 3836 1711 3890 Dra·

54 3901 137 3982 sturm
151 3917 199 3957 seu
214 3902 347 3967 llootreil,
360 3901 419 3971 jem
439 3909 501 3959 ente
515 3901 646 3957 Tullensis
660 3910 687 3957 et
702 3901 855 3958 i’irdonen-
908 3919 956 3966 no.
967 3907 1035 3960 tunc
1045 3902 1552 3976 Confluentlnusproeposltus,portua
1561 3905 1709 3962 usroColo·

54 3987 95 4027 sus
122 3970 303 4027 Ecclesiamm
328 3971 473 4026 senonicus
505 3979 563 4026 erat
588 3980 614 4026 et
637 3971 852 4039 archidiaconus,
908 3973 1710 4046 nienrirarcluieplscsuus.[rutercornltirAdolfidebon·

76 4056 139 4096 uam
167 4041 293 4096 lletensls
318 4042 486 4111 primicerius
512 4039 599 4098 fieret.
629 4040 692 4098 vid.
726 4042 849 4099 Obitesr.
911 4043 1708 4119 tc.qnomejurtribulationlstrmporetrevirensem·

55 4056 182 4166 *eliense
197 4112 269 4180 opud
285 4112 350 4167 lluir
363 4112 454 4181 Antip.
472 4111 505 4166 de
522 4112 620 4236 Vospo.
638 4113 695 4168 lmo
710 4114 853 4168 Prumieo-
909 4116 1021 4186 tepuam
1031 4113 1233 4170 Ddlberoncm
1241 4114 1472 4171 denominassent
1480 4115 1509 4169 ln
1519 4113 1707 4185 archiepisco·

53 4197 114 4237 sem
138 4182 264 4239 abbatem
286 4199 345 4238 cum
360 4183 570 4237 scribuntllueo
606 4183 631 4236 in
654 4181 765 4236 Dolens.
785 4183 853 4236 Pru-
906 4200 983 4253 pitin,
1004 4186 1300 4241 ornrirrnnour'mller
1318 4186 1471 4256 cleperent,
1489 4185 1709 4256 redlpsernulto

54 4251 152 4332 miso..
169 4269 200 4329 p.
219 4255 264 4314 lb,
291 4262 318 4309 et
330 4253 476 4307 Nouiilonii
500 4252 599 4332 Cliron.
625 4253 653 4307 S.
671 4252 783 4309 bluxitn.
802 4253 853 4308 sub
907 4254 1308 4326 loboreoannooentlopnpo
1316 4256 1522 4312 absolutionem
1531 4253 1706 4376 impetrauit,

56 4322 85 4374 Su
107 4337 155 4376 ero
170 4322 280 4378 ebbote.
300 4323 365 4377 Erat
386 4330 475 4377 utitem
499 4339 542 4375 uu·
565 4339 604 4376 sin
646 4322 784 4379 lorissimae
807 4323 851 4377 in·
910 4324 1564 4397 prunedumlotentescnasosproetendens.llice
1582 4327 1709 4380 aturen-

57 4337 131 4473 debs⁸
143 4400 169 4447 et
184 4393 295 4447 maximi
311 4393 407 4447 enimi.
429 4393 590 4462 lluldericus,
607 4395 768 4447 tomesticus
783 4394 852 4464 ojus,
868 4359 895 4421 D
911 4395 1346 4465 lein,quodornbitlonrdlllorr'r,
1356 4395 1458 4452 liretdi
1476 4394 1708 4461 nlloterninorls,

56 4478 86 4517 tn
102 4463 180 4515 Vita:
197 4463 251 4518 lste
266 4462 356 4529 bomo,
375 4463 471 4531 iniquis,
486 4480 574 4518 nouus
589 4466 670 4533 erepit
687 4480 746 4518 erse
760 4465 852 4530 miles,
909 4467 1085 4534 episcopatur
1096 4464 1171 4520 baruc
1182 4466 1439 4520 noluerltollolunr
1451 4413 1585 4520 bqonorcm
1595 4464 1706 4534 reclpe·

55 4536 86 4588 el
103 4533 281 4590 rnirolitlbas
294 4535 402 4603 inponit
416 4539 499 4604 atqcue
514 4534 627 4589 consilii
637 4533 682 4588 sui
693 4536 781 4587 ermis
795 4550 854 4590 erre
910 4549 951 4599 rr,
966 4535 1037 4602 spread
1052 4537 1139 4588 etium
1152 4537 1211 4604 ipse
1219 4541 1313 4604 posteo
1323 4537 1464 4604 rrrtlssrclt
1475 4534 1632 4602 probabile,
1645 4550 1708 4604 pur·

56 4600 193 4663 Ecclesia
202 4606 453 4674 sanctedesensor.
463 4605 555 4658 Postea
565 4603 639 4656 illum
648 4605 852 4671 uirnmncretn,
911 4619 941 4659 uo
951 4607 1026 4660 enlm
1036 4606 1201 4675 interposito
1211 4610 1334 4675 tempore
1345 4608 1404 4676 ipse
1415 4606 1444 4660 in
1463 4607 1582 4661 Francia
1593 4603 1630 4661 ad
1639 4608 1706 4660 stu·

55 4676 86 4730 el
103 4675 136 4729 ln
151 4673 282 4746 ominibus
302 4675 458 4743 providum,
477 4681 563 4728 vocnt.
580 4674 643 4727 llos
660 4675 751 4729 uirum
766 4675 853 4731 incr·
908 4674 986 4729 dium
997 4675 1134 4733 existens.
1154 4691 1218 4731 cam
1234 4675 1410 4731 colonienses
1420 4678 1567 4747 puerndam
1582 4675 1705 4744 Godrlri·

53 4743 240 4816 prsprtulo'iern
265 4747 293 4800 et
320 4743 558 4816 imperterritum.
584 4742 696 4805 Deinde,
716 4750 855 4815 comparet
908 4743 976 4798 darm
986 4743 1156 4799 insulensem
1192 4745 1513 4815 t·oeposilumcomrnnni
1528 4743 1600 4802 clerl
1613 4747 1703 4815 etpo-

54 4828 118 4868 eum
131 4813 225 4881 llurio,
247 4814 300 4938 pul
314 4815 443 4875 clausus.
463 4829 529 4869 oum
543 4815 623 4884 prins
642 4814 742 4869 silenti
758 4819 854 4870 troctrt
908 4812 971 4882 pall
983 4827 1121 4869 corissum
1144 4763 1304 4885 rignissent,
1321 4813 1373 4871 bor
1386 4817 1465 4885 forno
1479 4815 1623 4885 comperto
1642 4815 1705 4868 rto·

94 4883 169 4940 trior
183 4884 246 4939 lnce
266 4887 335 4949 eret,
347 4884 485 4939 obstaculi
493 4887 575 4951 quart
587 4882 855 4954 lndtpnonroppori·
910 4883 962 4938 tlm
977 4897 1105 4938 reuersas
1120 4885 1174 4946 ert,
1192 4888 1220 4939 rt
1235 4882 1364 4940 eamdem
1386 4883 1494 4941 rossoil
1513 4896 1579 4941 cum
1589 4879 1705 4954 [subtel

166 4950 308 5026 ,strepltu
319 4950 497 5011 reuertente·
507 4953 645 5025 undenas
655 4953 853 5027 spumanttlur
909 4949 1084 5018 electionem,
1097 4947 1227 5009 sundran
1242 4952 1566 5027 ucarpltrplrropatum.

55 5021 156 5081 “um
168 5023 284 5097 ΝΜ
299 5021 480 5096 mmm
494 5018 657 5092 “mmm‘'
944 5048 954 5122 l
959 5051 1017 5125 tta)
1026 5048 1174 5110 peninon
1181 5046 1310 5109 uidelicet
1319 5049 1486 5111 brunonem.
1494 5044 1707 5108 comltsmlloo·

91 5115 170 5191 (let)
185 5114 341 5193 llrrpuurl,
356 5114 487 5176 uldellrrt
501 5115 856 5191 preposueruntel’auoos
910 5125 1023 5186 tensum,
1038 5117 1072 5177 tls
1104 5133 1139 5178 uo
1162 5117 1220 5194 lum
1235 5117 1335 5179 statim.
1366 5115 1536 5180 Noultlanlus
1562 5115 1591 5177 lu
1617 5114 1701 5179 sulti.

54 5182 108 5247 ltbt
119 5182 303 5245 tetberonts
321 5182 479 5243 atoctlonem
491 5183 686 5267 contendentes
701 5185 738 5242 tta
752 5185 856 5244 desort-
910 5186 1005 5250 abbut.
1025 5187 1056 5247 8.
1078 5135 1189 5248 diesim.
1208 5188 1257 5245 sub
1271 5186 1392 5248 deroldo
1405 5185 1572 5249 estetsi-a
1584 5185 1704 5248 uolsvllt

54 5250 99 5313 tut
119 5252 260 5315 monne
279 5253 307 5319 lu
331 5250 398 5312 Vite
418 5251 560 5311 ttaemnts
572 5252 673 5312 lnedus
689 5271 696 5313 s
714 5255 748 5315 lll
760 5259 857 5314 antero
913 5258 1084 5320 annuento
1096 5255 1260 5317 attererem
1280 5259 1386 5318 eleates
1398 5256 1457 5331 tlrlt
1471 5257 1502 5316 ln
1521 5254 1707 5330 arcltrplrcr·

56 5325 182 5396 temet
190 5323 769 5396 rirlrtrenul.sttntrtlulnttonsprolntl:
780 5324 859 5384 dors·
910 5342 989 5400 paru.
1001 5326 1049 5387 red
1059 5326 1514 5402 tpreornrlnitu.nsoclrnernusa
1526 5324 1630 5402 inopte
1648 5325 1698 5385 Dr

54 5386 380 5469 'muneremunere
385 5395 562 5468 prepositus.
571 5393 717 5452 rotmarus
724 5395 858 5467 decenus,
912 5394 1032 5455 virensis
1044 5396 1299 5466 dcctrrlaeuruelt.
1309 5399 1346 5458 ut
1358 5396 1424 5456 tude
1436 5411 1443 5456 :
1455 5396 1629 5455 sarstono
1641 5397 1709 5466 drop

54 5458 225 5522 Amullius
252 5464 482 5531 arelianenses,
513 5463 697 5521 Ttsodorr'cas
725 5469 754 5521 et
781 5466 860 5524 Doleo
914 5466 1154 5526 antrerarnsr..

54 5534 126 5592 orcle
157 5534 271 5602 ζωούς
283 5533 314 5590 D.
327 5548 433 5608 quoquc
445 5534 679 5603 lltlllrturmdlnr
694 5550 724 5592 eo
737 5538 846 5611 tempor
