3750 6000
86 235 121 289 es
682 200 1152 273 arrsrouuaranrnaaun.
1701 213 1753 269 „0

458 347 537 405 xlx.

89 452 281 523 confirmate
309 430 446 506 bonoram
475 446 604 505 omnim
631 445 659 498 et
686 435 898 511 privilegiorum

310 536 489 595 denudaveris
509 530 688 592 monasterii.

325 646 415 715 (dano
435 644 514 709 ttae,
527 641 601 697 Nor.
621 637 679 706 ιδ.)

91 714 310 817 mancusas,
337 748 370 814 ll,
399 746 463 813 203,
492 760 525 801 err
553 735 721 798 chartulario
743 727 900 789 monasterii

436 831 561 904 Curam}

130 947 329 1004 mammeas
338 941 494 1014 episcopus,
506 953 602 994 servus
611 945 756 1010 serrorum
765 925 827 1011 Dei,
836 923 902 980 dile·

93 1045 141 1095 cte
153 1033 378 1092 filinSnaaoruo
384 1029 477 1086 abbati
486 1023 647 1097 monasterii
658 1019 753 1077 Sancti
762 1014 903 1073 llichaefrs

96 1119 282 1186 mnemia,
296 1118 411 1189 ejusque
425 1109 632 1170 successoribus
655 1100 819 1179 regulariter
833 1097 902 1154 sub·

98 1207 245 1267 stituendie
258 1207 287 1262 in
307 1213 478 1278 perpetuum.

106 1312 109 1317 '
135 1309 312 1369 Desideriunr
327 1304 400 1378 quod
411 1304 448 1361 ad
462 1300 605 1374 religionis
620 1293 790 1372 propositum
805 1290 832 1347 et
846 1287 903 1344 ani·

101 1416 211 1458 marum
227 1396 347 1454 alutem
362 1393 501 1466 pertinere
525 1393 705 1450 monstretur,
721 1390 831 1439 auctore
846 1379 904 1433 Deo

103 1491 161 1547 eine
175 1489 269 1559 aliqua
283 1493 325 1541 est
337 1482 467 1538 diletione
482 1476 688 1551 complendum.
707 1469 902 1543 Quamobrem,

105 1580 201 1636 dilecte
217 1578 245 1631 in
261 1574 372 1630 Christo
387 1570 426 1626 fili
443 1567 562 1641 Gregori
574 1566 661 1622 abbas
676 1561 750 1618 Beati
766 1555 905 1615 Michaelis

106 1664 274 1739 archangeli,
285 1660 483 1719 monasterium
491 1657 534 1714 cui
542 1657 702 1726 disponente
712 1648 828 1706 Domino
839 1658 906 1716 prae·

108 1755 187 1827 sides,
206 1753 258 1809 sub
273 1746 520 1823 apostolicaesedis
543 1741 712 1815 protectione
731 1735 903 1806 suscipimus,

109 1852 134 1902 et
146 1842 244 1923 scripti
273 1839 361 1896 nostri
385 1836 487 1910 pagina
515 1832 685 1895 roboramus,
713 1833 863 1883 statuemus
878 1827 908 1875 ut

110 1920 290 2013 quascunque
304 1926 507 2000 possessiones,
531 1916 791 1993 quaecuuqueboua,
808 1911 908 1984 praefa-

110 2021 373 2080 faremonasterium
388 2013 632 2085 impraesentiarum
652 2007 726 2077 juste
746 2012 771 2060 et
787 2001 909 2075 legitime

111 2110 239 2187 possidet,
270 2114 317 2163 aut
337 2107 365 2160 iu
388 2102 510 2159 futurum
540 2096 737 2154 rationabiliter
761 2095 910 2164 praetante

111 2200 236 2264 Domino,
248 2194 351 2270 poterit
365 2190 491 2267 adipisci,
506 2189 586 2244 firma
607 2185 655 2241 tibi
679 2184 786 2254 tuisque
801 2193 910 2235 sncces-

112 2288 260 2367 soribuset
274 2282 377 2338 illibate
394 2261 571 2351 perma‘r‘reant
587 2292 594 2337 ;
609 2273 637 2327 in
652 2270 753 2345 quibus
767 2269 826 2323 baec
841 2279 909 2337 pro·

111 2376 175 2450 priis
193 2368 352 2443 nominibus
366 2367 496 2425 duximus
516 2356 678 2429 adnotanda,
703 2356 829 2415 videlicet
843 2354 911 2410 allo·

114 2460 194 2527 dunt,
209 2456 284 2532 qnod
295 2456 322 2510 in
341 2450 460 2511 circuitu
475 2457 517 2507 est
532 2446 655 2517 eiusdem
672 2438 834 2498 monasterii
848 2453 910 2495 curn

114 2545 281 2623 pertinentiis
303 2543 370 2607 suis,
395 2539 526 2596 allodium
552 2532 705 2591 'sauriniani
726 2549 733 2593 t
758 2527 912 2585 Ecclesiam

115 2636 206 2694 Sancti
218 2630 363 2690 Fructuosi
387 2645 448 2686 cnm
469 2623 638 2699 pertinentiis
659 2621 726 2688 suis,
743 2616 912 2675 sedecimas

115 2725 245 2782 Ecclesiae
260 2723 295 2778 de
310 2719 424 2776 dllone.
444 2714 581 2786 Quidquid
592 2719 724 2783 praeterea
734 2704 912 2764 concessione

114 2813 348 2889 pmdecessorum
363 2813 519 2863 nostrorum
535 2800 635 2872 Sergii,
651 2797 769 2872 Agapiti,
787 2803 812 2851 et
825 2795 913 2849 loan-

114 2907 157 2965 nis
170 2908 358 2963 Romanorum
372 2897 529 2972 pontificum
546 2903 638 2950 vestro
652 2887 821 2947 monasterio
832 2887 914 2943 colla·

114 2999 171 3051 turn
186 3002 239 3060 est,
270 2992 319 3047 tibi
341 2989 451 3060 tuisque
472 2981 678 3041 successoribus
698 2977 908 3036 confirmamus.

912 333 937 396 Α
956 338 996 386 sta
1011 326 1188 386 servantibus
1203 324 1237 380 sit
1257 338 1309 397 par
1330 326 1437 383 Domini
1460 329 1545 385 nostri
1559 332 1623 388 lesu
1640 334 1751 404 Christi,

952 437 1087 501 quatenus
1102 433 1129 482 et
1142 425 1187 481 hic
1203 422 1323 480 fructum
1337 424 1417 481 bonae
1431 426 1547 484 actionis
1560 432 1752 503 percipiant,et

953 512 1025 583 apud
1040 510 1193 566 districtum
1208 507 1329 564 iudicem
1346 508 1457 580 praemia
1467 516 1579 570 aetaruae
1592 516 1668 587 pacis
1679 520 1754 576 inve·

954 603 1041 656 uiant.
1055 601 1152 663 Amen,
1168 608 1258 663 amen,
1273 610 1364 653 amen.

988 698 1049 770 Ego
1067 695 1241 752 Innocentius
1256 694 1403 752 Catholicae
1418 697 1715 774 Ecclesiae·episcopus.

989 783 1087 837 Datum
1102 781 1173 851 apud
1183 777 1293 834 Clarum
1309 786 1430 836 montem
1446 799 1495 854 per
1504 799 1615 840 manum
1626 788 1753 846 dimerici

954 878 1059 928 sanctae
1073 870 1202 925 Romanas
1215 868 1344 925 Ecclesia
1363 870 1470 926 diaconi
1484 874 1632 930 cardinalis
1647 884 1753 935 etcan·

880 1012 885 1023 ,
955 957 1072 1028 cellarii,¹
1087 975 1113 1013 rr
1128 956 1264 1012 Kalendas
1279 958 1450 1025 Decembris,
1468 959 1616 1021 indictione
1631 979 1689 1033 ιἰιι,
1707 969 1754 1023 ln-

956 1046 1118 1104 camatienis
1134 1044 1282 1101 Dominicis
1297 1061 1369 1102 anno
1385 1048 1464 1116 ttae,
1490 1050 1664 1122 pontificatus
1688 1070 1756 1112 vero

956 1135 1060 1192 domini
1073 1134 1223 1191 iunocentii
1238 1134 1262 1188 ll
1276 1149 1355 1206 papae
1367 1151 1439 1193 anuo
1452 1138 1553 1209 primo.

1326 1231 1389 1288 XX.

1066 1330 1112 1386 Ad
1127 1331 1270 1403 episcopos
1283 1331 1436 1402 provinciae
1450 1333 1648 1396 Narbonensis.

1177 1429 1274 1498 (Anno
1291 1430 1369 1494 ¹130,
1385 1430 1457 1487 Nor.
1477 1435 1535 1505 29.)

1126 1526 1173 1599 [D.
1190 1527 1335 1595 munere,
1354 1535 1372 1584 t.
1389 1529 1450 1595 xv,
1467 1546 1495 1603 p.
1510 1533 1584 1607 aih]

995 1618 1188 1672 Innocenrrus
1201 1615 1467 1686 episcopusservus
1481 1636 1624 1679 serrorum
1635 1626 1696 1694 Dei,
1712 1643 1759 1685 ve·

919 1689 1127 1762 Bnerabilibus
1143 1705 1269 1759 iratribus
1286 1704 1446 1763 birunnun
1462 1709 1659 1782 lla-gelonensi,
1671 1715 1762 1790 Blan-

961 1793 1068 1866 nunno]
1082 1794 1239 1895 biterrensi,
1259 1792 1371 1867 Plurno]
1387 1796 1687 1878 Lutevensilolaurnlg
1700 1806 1759 1862 Ne·

961 1900 1100 1940 mauseust
1114 1897 1252 1953 eprscoprs
1267 1892 1294 1937 et
1309 1882 1481 1960 llfttuunno]
1492 1891 1646 1960 Agatbcnsi
1661 1893 1760 1962 efecto,

963 1972 1079 2028 salutem
1095 1980 1121 2026 et
1136 1971 1314 2040 apostolicam
1329 1973 1557 2033 benedictionem.

999 2067 1145 2139 Querelam
1161 2069 1444 2126 filiorumnostrorum
1456 2074 1529 2129 Petri
1551 2076 1695 2137 abbatiset
1705 2096 1762 2138 mo-

963 2159 1112 2215 nachornm
1127 2157 1286 2212 atriensium
1302 2159 1433 2215 adversus
1449 2164 1698 2236 quosdammilites,
1709 2185 1762 2241 pa-

964 2247 1110 2305 rochianos
1137 2255 1255 2312 vestros,
1281 2248 1411 2305 videficet
1436 2252 1560 2308 Pontium
1588 2258 1762 2329 agonensem

965 2339 988 2396 ll
1014 2335 1219 2410 {aimundum}
1251 2335 1451 2404 l'imanensem,
1480 2339 1764 2419 Olivariutw‘lfelgo·

965 2427 1093 2492 riensem,
1110 2431 1137 2480 et
1151 2425 1262 2481 Petrum
1277 2423 1422 2482 llaimuddi
1436 2427 1764 2504 helenen-stenedlan-

966 2532 1009 2572 res
1027 2529 1132 2580 eorum,
1149 2514 1307 2585 accepimus
1320 2515 1392 2586 quod
1405 2514 1557 2573 hominem·
1570 2528 1651 2576 auam
1660 2537 1684 2578 a
1695 2539 1763 2579 uun-

967 2605 1037 2661 diuls
1052 2603 1211 2660 redeuutem
1225 2603 1415 2659 miserabiliter
1428 2604 1631 2666 iuterfecerunt.
1644 2610 1764 2684 ldeequc

966 2691 1095 2766 praesenti
1110 2691 1190 2747 robis
1203 2691 1304 2762 scripto
1320 2693 1496 2762 mandamus,
1512 2704 1648 2768 quaterue
1662 2699 1764 2757 milites

966 2782 1030 2838 illos
1044 2780 1192 2854 diligenter
1215 2781 1411 2837 commoneatis
1428 2791 1456 2838 ut
1483 2785 1614 2855 predicto
1633 2788 1725 2843 abbati
1739 2797 1765 2846 et

968 2869 1108 2927 monachis
1122 2870 1157 2925 de
1167 2876 1222 2923 tam
1236 2869 1312 2942 gravi
1339 2886 1453 2926 excessu
1477 2881 1504 2928 et
1519 2873 1616 2944 injuria
1630 2875 1764 2934 efefrro·

968 2968 1034 3035 gate
1048 2957 1227 3014 satisfaciant.
1248 2957 1276 3012 Si
1291 2957 1361 3012 infra
1376 2959 1436 3015 dies
1450 2962 1485 3032 (s.
1502 2976 1542 3017 xv
1562 2965 1605 3020 nat
1621 2965 1675 3036 xa),
1691 2975 1767 3037 post·

116 3082 242 3141 obeunte
257 3096 324 3136 vero
343 3087 379 3144 tc,
400 3074 523 3147 ejusdem
546 3069 599 3128 loci
627 3070 735 3135 abbate,
762 3065 854 3122 nullus
875 3062 913 3117 ibi
928 3042 954 3109 C
970 3064 1078 3122 ‘lumi'
1099 3046 1177 3102 V⁰bi⁸
1201 3047 1356 3102 ⁰⁰m¹¹¹⁰¹¹i¹³
1380 3047 1490 3117 fueffnb
1515 3051 1672 3110 ifffofssfl'e
1694 3070 1766 3111 ⁰0¹¹·

116 3190 166 3247 per
179 3168 386 3242 subreptionem
408 3171 455 3219 aut
480 3160 642 3218 violentiam
666 3164 849 3230 preponatur,
866 3150 916 3207 sed

117 3277 199 3336 quem
218 3261 316 3315 fratres
327 3252 466 3312 communi
485 3265 632 3314 consensu,
655 3254 702 3302 aut
720 3244 831 3300 fratrum
851 3255 917 3312 pars

119 3348 236 3407 sanioris
248 3343 356 3427 consilii
367 3338 518 3398 seeundum
533 3336 584 3393 Dei
599 3336 769 3400 timeremur
784 3330 858 3386 beati
869 3329 916 3383 lle-

118 3437 219 3496 uedieti
234 3432 367 3510 Regulam
381 3427 548 3504 providerint
571 3423 741 3497 eligendum.
764 3420 837 3475 ldam
853 3430 917 3474 rere

118 3527 203 3583 abbas
217 3526 258 3581 ire
273 3523 308 3579 ad
319 3520 456 3594 synodum
475 3516 561 3588 ipsius
585 3513 638 3571 loci
663 3509 788 3583 episcopi
806 3506 918 3564 minime

119 3613 311 3687 compellatur.
325 3612 354 3668 si
369 3609 430 3683 quis
443 3621 512 3663 sero
525 3602 671 3676 poeniteus,
682 3614 701 3656 a
714 3598 854 3654 liminibus
864 3613 917 3651 ex-

120 3706 212 3762 clusus
232 3699 373 3766 Ecclesiae,
388 3697 453 3754 illuc
472 3691 638 3766 confugerit,
648 3688 767 3763 quandin
776 3686 813 3743 ibi
824 3685 917 3751 fuerit,

120 3792 258 3850 licentiam
272 3789 371 3844 habeat
384 3786 530 3843 ecclesiam
546 3781 617 3837 ultro
627 3778 721 3842 eundi,
737 3783 764 3833 et
782 3790 864 3832 omne
878 3773 920 3829 di·

122 3882 213 3938 riuum
227 3877 345 3936 officium
359 3873 499 3931 audiendi.
516 3874 607 3943 lpsum
622 3877 713 3924 autern
726 3863 920 3922 monasterium

969 3137 1138 3208 tempseriut,
1153 3150 1203 3190 nos
1218 3144 1319 3191 extunc
1333 3150 1381 3191 eos
1402 3140 1690 3198 excommunicationis
1704 3160 1766 3199 sen·

970 3227 1054 3282 tentia
1068 3224 1244 3291 innodamus,
1261 3231 1289 3279 et
1300 3225 1560 3295 mandamns,vobis
1570 3238 1599 3284 ut
1613 3244 1664 3302 per
1675 3233 1767 3291 verint

971 3314 1076 3372 faciatis
1088 3314 1235 3386 parochias
1250 3313 1402 3370 observari.

1006 3404 1104 3459 Datum
1117 3402 1189 3475 apud
1205 3401 1320 3458 Clarum
1340 3403 1467 3476 llontem,
1494 3420 1523 3462 ιιι
1551 3406 1690 3466 Kalendas
1710 3410 1767 3468 De-

971 3493 1101 3550 cambris.

1338 3563 1414 3619 xxi.

1043 3644 1084 3700 nd
1099 3644 1282 3702 Gailfelmum
1297 3644 1503 3716 hipponensem
1524 3651 1696 3724 episcopam.

1217 3733 1306 3805 (huno
1322 3734 1400 3801 ttae,
1417 3734 1483 3792 Dec.
1498 3736 1539 3808 8.)

1133 3829 1178 3903 [D.
1194 3830 1336 3898 Bououar,
1352 3837 1375 3887 t.
1395 3831 1468 3900 XIV,
1485 3849 1513 3906 p.
1533 3835 1609 3909 ata]

122 3971 165 4028 rel
179 3970 270 4027 eidem
284 3965 417 4023 ccclesias
430 3962 608 4035 pertinentes,
625 3957 668 4013 vel
682 3955 820 4020 abbatem,
830 3952 920 4008 nullus
1009 3936 1198 3992 ¹NN⁰⁰¹³NT¹U⁸
1210 3937 1365 4008 episcopus,
1382 3953 1478 3994 ⁸0³¹ss
1492 3953 1632 3998 ⁵0ff⁰l¹¹¹¹¹
1648 3942 1710 4009 ⁰05·
1726 3960 1772 4004 VO·

128 4060 274 4131 episeopus
302 4051 539 4111 excommunicare
562 4053 718 4120 pmsumag
742 4042 924 4101 „effluimus
975 4025 1088 4082 nerabili
1102 4024 1178 4081 fratri
1194 4024 1339 4081 Garunnae
1354 4026 1520 4097 Lingonensi
1537 4029 1677 4103 episcopo,
1693 4033 1770 4090 salu-

122 4162 190 4220 ergo
203 4153 232 4200 ut
244 4142 310 4198 nulli
324 4140 435 4197 omnino
450 4137 592 4193 homiuum
607 4135 688 4191 liceat
702 4131 844 4204 preafatam
859 4143 921 4186 rno-
975 4121 1031 4173 fem
1047 4120 1074 4172 θῑ
1087 4112 1262 4186 ⁸90⁵¹⁰¹f⁰⁰m
1280 4113 1507 4171 bfflfdfffiffifffl·

123 4233 273 4290 aesmrium
287 4239 389 4285 temere
410 4226 580 4299 perturbare,
596 4232 642 4282 aut
656 4222 717 4294 ejus
731 4218 923 4294 possessiones
1010 4214 1052 4272 Ne
1066 4213 1210 4271 occasione
1224 4211 1336 4282 alicuius
1360 4214 1558 4271 eoutmrerste
1581 4215 1660 4288 quies
1672 4234 1772 4277 mona-

122 4322 241 4386 auferre,
257 4319 301 4374 rel
322 4316 429 4372 ablatas
449 4316 575 4383 retinere,
600 4313 731 4378 minuere,
748 4318 793 4366 aut
807 4319 924 4366 temera·
976 4304 1092 4361 eborum
1117 4311 1143 4358 et
1172 4301 1286 4358 fratrum
1322 4302 1513 4375 religiosorum
1545 4306 1720 4364 conturbetur
1746 4316 1774 4367 et

123 4407 172 4462 riis
186 4401 391 4478 fatigationibus
408 4400 534 4472 fatigare,
556 4399 605 4454 sed
621 4396 712 4452 ornain
732 4395 838 4466 integra
853 4407 920 4447 cen·
930 4386 961 4464 'D
975 4407 1147 4464 summopere
1157 4388 1775 4467 providendumest.ldeoquesicdtpraesentet

126 4498 271 4549 seruentur
281 4503 386 4549 eorum.
409 4502 459 4557 pro
478 4501 592 4558 quorum
615 4481 810 4554 gubernatione
834 4486 860 4535 et
875 4494 922 4532 su·
976 4483 1024 4538 tibi
1040 4481 1219 4552 injunximus,
1232 4483 1268 4535 ita
1282 4496 1331 4552 per
1345 4480 1602 4556 apostolicascripts
1616 4483 1775 4544 fraternitati

126 4578 291 4638 stentatione
305 4590 435 4634 concessa
451 4582 522 4641 suut,
538 4573 632 4628 usibus
646 4566 812 4626 omnimodis
825 4565 923 4639 profu·

127 4673 197 4721 turs.
213 4664 242 4720 Si
258 4676 315 4735 qua
327 4659 409 4730 igitur
422 4658 450 4713 in
469 4657 588 4713 futurum
608 4653 796 4712 ecclesiastica
810 4650 923 4708 saecula·

126 4756 202 4811 risve
216 4766 345 4825 persona,
361 4750 432 4805 hauc
445 4756 545 4803 nostras
568 4742 771 4802 corastitutionis
794 4740 923 4812 paginam

127 4846 229 4910 sciens,
245 4845 337 4897 eontra
352 4852 416 4894 earn
429 4844 532 4892 temere
547 4835 640 4890 uenire
655 4829 809 4895 tentareris,
828 4845 926 4885 secun·

126 4932 162 4988 de
177 4930 292 4986 tertiove
306 4926 483 4993 commonita,
500 4924 523 4980 si
537 4939 591 4980 non
606 4921 789 4977 satisfactione
803 4933 925 4990 congrue

126 5018 321 5082 emendaverit,
336 5015 479 5088 potestatis
493 5013 662 5084 honorisque
676 5010 716 5067 sui
730 5007 863 5081 dignitate
877 5022 927 5064 ca·

124 5116 196 5174 reat,
208 5120 338 5178 reamque
347 5119 378 5160 se
388 5100 594 5171 diviqu'udicie
602 5096 758 5156 existerede
768 5100 927 5167 perpetrata

124 5197 268 5270 iniquitate
282 5200 442 5266 cognoscat,
469 5199 496 5246 et
518 5205 535 5244 a
555 5186 740 5246 secretissimo
764 5199 879 5256 corpere
898 5190 928 5239 et

125 5294 261 5367 sauguine
283 5294 333 5349 Dei
362 5299 390 5349 ct
412 5287 523 5346 Domini
546 5284 736 5358 Redemptoris
757 5281 844 5339 nostri
863 5282 927 5337 lesu

126 5394 231 5453 Christi
245 5389 405 5458 alienafiat,
419 5396 503 5462 atque
516 5387 544 5442 iu
558 5393 681 5443 extremo
695 5382 822 5442 examine
835 5380 927 5438 distri·

125 5502 180 5553 ctae
193 5492 288 5550 utboni
302 5489 454 5562 subjaceat.
470 5484 584 5544 Cunctis
595 5490 689 5541 sutem
703 5481 792 5539 eidem
806 5479 868 5537 loco
880 5478 926 5550 ju-

977 4580 1031 4628 tuae
1059 4571 1240 4643 precipimus,
1270 4577 1413 4641 quatenns,
1443 4570 1547 4628 escitis*
1565 4580 1654 4630 temen
1668 4575 1775 4633 dilectis

978 4660 1041 4715 filiis
1056 4659 1155 4715 nostris
1171 4658 1189 4714 S
1203 4656 1344 4732 [tepbauo)
1361 4657 1540 4716 cisterciensi
1555 4669 1581 4718 et
1594 4662 1617 4716 D
1630 4662 1774 4738 [ernardo]

979 4746 1345 4811 claravallensiabbatibus,
1373 4748 1593 4805 controversiam
1614 4766 1676 4822 quae
1704 4752 1776 4811 inter

979 4836 1131 4896 Ecclesiam
1146 4834 1175 4891 S.
1193 4832 1324 4906 Stephani
1340 4843 1366 4890 et
1384 4836 1422 4891 ·S.·
1442 4837 1710 4910 septeniugitetur,
1726 4858 1777 4899 ca-

979 4927 1078 4985 nonico
1092 4924 1146 4981 fine
1159 4924 1280 4991 decidas,
1291 4932 1337 4978 aut
1352 4923 1526 4980 concordiam
1537 4932 1573 4980 et
1586 4936 1683 4998 pacem
1697 4945 1777 4987 com.

981 5033 1078 5090 ponas.
1095 5015 1135 5070 dd
1150 5015 1202 5070 buc
1216 5011 1353 5069 canonicis
1368 5020 1395 5068 et
1417 5013 1561 5070 monachis
1583 5017 1777 5087 predictarum

981 5104 1164 5162 Ecclesiarum
1185 5100 1341 5156 mandando
1366 5100 1537 5172 praecipimus
1556 5111 1588 5160 nt
1600 5106 1723 5178 'qnod-a
1749 5114 1777 5165 te

981 5193 1096 5252 consilio
1115 5190 1370 5263 prenominatorum
1393 5189 1507 5245 fratrum
1519 5191 1670 5264 judicatam
1686 5195 1777 5266 fuerit,

982 5285 1087 5356 absque
1102 5279 1292 5337 retractatione
1308 5278 1464 5336 observant.

1017 5383 1115 5526 Dqtum
1131 5376 1203 5451 apud
1218 5375 1327 5432 Clarum
1342 5383 1464 5434 montem
1486 5372 1550 5449 (fbf
1563 5392 1594 5435 ru
1613 5378 1707 5438 Nonas
1720 5382 1778 5441 Dc·

983 5487 1042 5530 cern
1064 5486 1113 5526 rrs.

164 5646 221 5720 (td)
236 5648 316 5702 dnae
331 5643 413 5708 ttae,
430 5652 485 5712 quo
499 5634 672 5694 innocentius
686 5633 710 5689 ll
725 5631 870 5691 concilium
885 5627 960 5702 apud
973 5626 1086 5684 Clarum
1100 5628 1219 5678 montem
1234 5617 1392 5676 celebrarit.
