3750 6000
86 242 139 301 189
282 289 284 294 .
688 241 867 302 EPlSl'ObAE
884 240 932 305 BT
952 244 1163 307 rattttsota.
1691 248 1746 308 tto

84 364 209 425 serabilli
224 365 298 425 tratri
319 367 465 426 Wanrsao
485 369 649 443 augustensi
672 369 811 442 episeopo,
837 369 929 432 sa-A
1295 375 1386 433 xxvt

85 455 171 556 ΜΨ
187 464 213 512 ⁶¹
227 457 407 529 ⁸⁹⁰⁸²⁰¹³⁰⁸m
423 459 655 558 b⁰”·³‘¹³.⁰²³⁰¹¹⁶¹¹¹·
695 546 701 559 .
873 545 890 559 ..
945 499 1323 573 reupqrumproesuessa
1346 501 1375 558 s.
1396 500 1528 573 sepum·
1542 499 1742 570 neronum-

120 544 247 600 Drlectus
259 543 331 600 iilius
344 554 440 602 noster
454 547 576 604 Bertrcus
590 548 717 603 Rotensrs
732 553 892 605 monasteris
1307 587 1375 641 ,m

89 631 190 696 abbas,
205 633 240 688 ad
256 633 351 690 sedem
366 635 544 704 apostolicam
558 636 672 691 veniens
694 644 724 690 tn
747 636 891 707 presentia
1378 629 1384 642 ’

83 727 179 778 nostra
194 729 308 793 quaestus
323 730 374 787 est,
391 722 464 794 quod
478 723 513 779 G.
538 724 633 779 relicta
658 720 766 780 Ottonis
783 722 891 780 comitis
1169 705 1258 780 (Ᾱῦὓο
1273 706 1355 776 ¹¹44,
1371 708 1437 764 1⁸¹¹·
1459 707 1515 779 ¹⁰·)

83 814 111 865 et
124 807 263 881 Siglridus
278 809 462 867 ministerialis
473 819 535 867 tuus
550 812 685 883 quasdam
698 811 890 883 possessiones
1010 802 1152 876 inerrans,
1170 804 1330 862 Cttrlttlalre
1341 803 1379 862 du
1388 804 1631 878 mint-sepulcre,
1642 801 1698 874 lll-

85 895 181 966 adjus
198 896 358 953 monasterii
389 898 441 952 sibi
464 900 603 955 commissi
632 900 800 968 pertinentes
826 901 890 955 vio·
979 901 1173 958 Coeuasrmus
1188 901 1609 973 episcopus,servusserrorum
1621 899 1681 967 lici,
1697 899 1743 955 di·

84 983 175 1040 lenter
189 985 321 1049 auferant,
341 993 368 1041 et
381 985 484 1057 injuste
508 988 652 1043 detineant
677 1004 685 1044 :
713 994 740 1044 et
762 989 890 1060 quoniam
941 988 1020 1045 lectis
1035 988 1096 1044 liliis
1113 991 1206 1046 Parae
1221 992 1309 1063 priori
1323 998 1350 1047 et
1370 992 1503 1047 iratribus
1519 990 1609 1046 Sancti
1616 988 1740 1059 Sepuleri

82 1071 177 1145 ὶρευω
191 1075 461 1131 monasteriumeum
485 1076 612 1132 omnibns
635 1075 716 1132 bonis
745 1077 802 1133 suis
822 1077 890 1147 iuris
941 1078 1171 1150 lerosolymitani,
1205 1089 1258 1136 tarn
1288 1080 1472 1151 presentibus
1510 1094 1593 1152 quam
1629 1076 1738 1145 lutaris,

85 1160 160 1217 beati
189 1162 262 1217 Petri
282 1164 386 1229 existit,
411 1175 439 1218 et
465 1165 500 1219 ad
536 1172 596 1234 etus
632 1164 826 1238 proprietatem
862 1170 889 1225 et
941 1168 1074 1224 canonice
1084 1168 1281 1224 substituendis
1291 1169 1318 1224 in
1334 1177 1508 1241 perpetuum.

80 1247 270 1307 detonsionem
293 1252 449 1320 specialiter
476 1253 616 1323 pertinere
630 1252 813 1325 dignoscitur,
839 1272 889 1327 per
976 1254 1004 1311 Si
1033 1257 1215 1312 mansuetudo
1244 1265 1271 1313 et
1296 1257 1446 1314 liberalitas
1473 1265 1576 1314 sanctae
1607 1257 1739 1313 llomanae

83 1339 232 1409 praesentia
254 1339 302 1394 tibi
324 1341 425 1412 scripta
452 1341 624 1408 mandamus,
650 1351 785 1415 quatenus
811 1361 888 1416 praa·
942 1343 1219 1401 Ecclesiaeuniversis
1234 1345 1490 1404 Christianisdebet
1509 1352 1664 1417 opportuna
1689 1359 1737 1401 so·

83 1424 537 1499 latosinrasoresbonaejusdem
551 1431 707 1486 monasterii
723 1431 782 1502 jam
805 1432 881 1491 dicto
939 1429 1002 1486 latia
1016 1432 1184 1501 ministrare,
1207 1434 1292 1490 multo
1320 1435 1409 1507 magis
1435 1435 1477 1490 bis
1502 1434 1549 1507 qui
1579 1432 1737 1505 religiosam

85 1514 180 1591 abbati
195 1523 222 1571 et
238 1515 366 1573 tratribus
389 1517 515 1584 reddere,
546 1527 574 1574 et
600 1519 628 1573 in
652 1535 719 1591 paca
745 1521 884 1580 dimittere
938 1519 1022 1576 vitam
1045 1520 1149 1578 ducunt
1172 1529 1198 1578 et
1221 1522 1401 1594 omnipotenti
1430 1524 1547 1580 Domino
1578 1520 1737 1577 familiarius

83 1602 208 1661 districte
221 1618 410 1662 commoneas.
430 1606 509 1676 Quod
522 1606 545 1663 si
558 1607 647 1664 lacere
671 1611 885 1680 contempserint
937 1609 1079 1665 adbaerare
1104 1609 1237 1679 uidentur,
1262 1611 1289 1666 id
1317 1611 1409 1683 ipsum
1437 1611 1563 1669 convenit
1592 1608 1734 1681 impertiri.

85 1706 137 1750 ecs
151 1708 267 1749 censum
282 1709 422 1752 coerceas.
897 1717 925 1779 B
940 1695 1010 1765 Quia
1024 1697 1118 1770 igitur,
1133 1699 1227 1756 dilecti
1236 1698 1264 1755 in
1278 1701 1395 1756 Domino
1417 1698 1475 1770 filii,
1500 1701 1579 1770 Juxta
1599 1697 1736 1773 llegulam

119 1780 189 1838 Data
204 1782 330 1840 Laterani
344 1798 373 1838 tv
387 1783 481 1841 Nonas
494 1784 630 1841 ianuarii.
938 1784 1013 1840 beati
1040 1786 1199 1860 Augustini,
1228 1788 1320 1846 virere
1340 1788 1515 1856 decrevistis,
1543 1795 1570 1845 et
1599 1788 1628 1843 in
1661 1787 1733 1857 loco,

936 1872 983 1928 ubi
997 1883 1131 1931 steterunt
1143 1876 1228 1947 pedes
1247 1876 1366 1944 Domini,
1392 1876 1547 1947 adorantes,
1569 1874 1642 1949 apud
1670 1875 1734 1950 glo·

431 1995 520 2052 m.
936 1961 1039 2018 riosum
1052 1964 1209 2036 sepulcrum
1229 1964 1301 2035 ejus,
1316 1965 1344 2020 in
1366 1981 1421 2038 quo
1446 1964 1535 2021 triduo
1554 1965 1732 2036 corporaliter

936 2051 1079 2122 requierit,
1094 2060 1121 2108 et
1135 2050 1191 2108 alia
1205 2053 1393 2110 sacratissima
1404 2053 1475 2123 loca,
1497 2053 1525 2109 in
1553 2053 1652 2128 quibus
1675 2053 1733 2110 lle·

936 2139 1061 2210 demptos
1073 2141 1167 2196 mundi
1179 2157 1229 2213 pro
1250 2142 1337 2198 salute
1351 2151 1446 2199 nostra
1466 2141 1584 2211 vincula,
1608 2141 1730 2215 flagella,

936 2227 1024 2284 crucis
1039 2226 1232 2300 ignominiam,
1256 2230 1372 2287 vulnera
1398 2238 1568 2302 mortemque
1591 2229 1729 2298 sustinuit,

935 2317 1099 2390 regulariter
1126 2318 1259 2387 militatis,
1293 2318 1390 2390 majori
1416 2334 1465 2376 ros
1486 2319 1675 2375 benevolentia
1705 2324 1734 2374 et

935 2406 1020 2477 gratia
1036 2405 1205 2479 dignosessa
1220 2424 1373 2474 censemus,
1389 2414 1417 2463 et
1440 2407 1560 2480 paternis
1584 2422 1633 2465 vos
1661 2405 1732 2462 alle·

936 2491 1026 2548 ctibus
1054 2494 1178 2552 volumus
1204 2495 1359 2553 confovere.
1382 2495 1484 2551 Vestris
1507 2510 1575 2569 ergo
1612 2495 1732 2567 postula·

937 2581 1055 2638 tionibus
1069 2583 1158 2640 debita
1174 2585 1340 2657 benignitate
1364 2584 1603 2641 accommodantes
1631 2599 1731 2640 assen-

936 2685 1005 2738 sum,
1029 2682 1231 2730 sacrosanctam
1247 2674 1391 2731 ecclesiam
1419 2672 1510 2729 Sancti
1538 2672 1672 2744 sepulcri,
1705 2671 1734 2728 in

80 2181 882 2258 Adlolmarumltiraougtememetddomamdlerscen·

376 2283 448 2337 aem,
463 2267 585 2325 abbates.

323 2445 413 2516 (duno
430 2446 509 2514 llll,
526 2446 586 2504 lan.
600 2447 640 2519 Ξ.)

220 2607 327 2682 [codex
342 2611 607 2682 Laureabomeaais,
625 2617 645 2686 l,
662 2616 743 2692 lib]

113 2767 309 2827 mmmm„
324 2772 480 2844 episeopus,
498 2791 593 2831 ,mus
607 2792 750 2834 ,pn-opum
766 2778 826 2844 005·
842 2778 882 2835 gi„
937 2774 1000 2831 qna,
1015 2760 1115 2818 divinis
1142 2761 1284 2834 obsequiis
1307 2762 1474 2829 insistentes,
1495 2762 1651 2833 passionem
1675 2761 1733 2817 Do·

79 2855 158 2913 lectis
172 2856 237 2914 liliis
247 2860 378 2917 Fonuano
394 2861 578 2934 Hirmugiensi
590 2872 617 2920 et
631 2866 734 2922 Animo
750 2867 776 2922 in
792 2869 883 2925 Ehem
936 2857 1062 2918 minicam
1079 2859 1346 2916 etviotoriosissimae
1359 2858 1449 2916 crucis
1466 2858 1636 2931 triumphum
1659 2857 1732 2913 assi-

80 2945 233 3013 abbstibus,
245 2950 361 3006 salumm
373 2961 401 3006 et
413 2953 591 3021 apostolicam
600 2955 826 3021 benedictionem.
935 2952 988 3007 due
1003 2949 1109 3006 oculata
1124 2947 1177 3004 fide
1209 2948 1338 3016 recolitis,
1361 2963 1469 3004 necnon
1491 2947 1573 3002 etiam
1599 2960 1733 3018 personas

111 3035 233 3092 Veniens
247 3037 282 3092 ad
297 3037 391 3094 sedern
407 3041 585 3109 apostolicam
596 3042 773 3101 Baldemamn
794 3045 881 3101 abbas
936 3049 1040 3096 uestras
1056 3038 1107 3092 sub
1123 3037 1195 3092 beati
1212 3036 1283 3092 Petri
1298 3043 1325 3092 et
1353 3043 1447 3092 nostra
1474 3035 1643 3106 protectione
1672 3050 1733 3089 sus·

80 3122 346 3182 hufflhtmmensis
359 3127 477 3185 abbatim
499 3130 535 3186 ad
562 3146 644 3202 quam
665 3148 696 3187 se
723 3133 883 3206 regulariter
935 3127 1060 3198 cipimus,
1079 3133 1106 3182 at
1122 3125 1250 3196 praesenti
1265 3124 1368 3195 pagina
1381 3124 1591 3189 communimus,
1607 3130 1733 3178 statuen-

79 3209 197 3269 aleetum
221 3213 306 3270 luisse
335 3216 487 3283 asserebat,
514 3223 543 3273 et
571 3218 670 3274 exinde
690 3221 831 3278 absentem
855 3230 883 3279 et
936 3222 976 3272 tes
991 3224 1019 3271 ut
1032 3228 1208 3285 quascunque
1237 3213 1436 3284 possessiones,
1465 3225 1634 3283 queconque
1663 3211 1736 3265 bona

78 3299 256 3369 sineiudioio
279 3303 426 3373 spoliatum
450 3321 511 3362 esse
539 3308 768 3379 conquerebatur,
798 3310 882 3367 resti-
933 3305 1029 3361 eadem
1057 3302 1173 3359 aeclesia
1187 3300 1434 3371 impresentiarum
1449 3300 1580 3357 canonice
1597 3296 1729 3370 possidet,

77 3389 210 3446 amonem
225 3391 383 3460 postulavit.
416 3394 516 3449 Varum
538 3410 601 3450 cum
632 3397 795 3453 venerabilis
819 3400 880 3454 irs·
935 3407 1104 3464 quecunque
1118 3390 1198 3446 etiam
1213 3389 1249 3444 ab
1263 3388 1385 3461 egregiae
1399 3387 1538 3444 memorie
1561 3387 1638 3455 viris,
1662 3387 1733 3444 duce

77 3476 128 3533 tn'a
143 3479 230 3534 nostri
243 3480 421 3537 Tbeodewini
437 3482 543 3539 saneim
561 3482 667 3541 flufinae
692 3486 813 3557 episcopi
836 3494 882 3543 m.
934 3480 1062 3537 uidelicet
1077 3475 1237 3535 Godolredo
1251 3485 1278 3532 et
1292 3486 1408 3548 utroque
1424 3492 1490 3549 rege
1514 3474 1656 3541 Balduino,
1678 3478 1731 3531 llr-

76 3565 224 3624 testatione
234 3577 262 3624 et
277 3569 423 3625 multorum
435 3570 616 3628 discretorum
641 3574 760 3630 virorum
783 3575 881 3632 litteris
933 3569 1035 3640 nulpbo
1050 3582 1159 3640 quoque
1171 3575 1199 3620 et
1214 3565 1275 3621 aliis
1289 3565 1465 3638 patriarchis,
1480 3564 1570 3620 eidem
1585 3564 1646 3620 loco
1657 3563 1732 3634 juste

76 3656 275 3729 eognovimus,
290 3657 363 3729 quod
388 3659 597 3715 laurishamum
620 3660 655 3716 ad
680 3662 881 3720 discussionem
931 3657 1032 3713 collata
1053 3666 1126 3720 sunt,
1150 3662 1196 3708 aut
1223 3655 1251 3708 in
1278 3662 1418 3724 posterum
1447 3669 1462 3708 a
1491 3653 1655 3724 patriarchis
1683 3651 1728 3708 vel

78 3756 169 3800 nasse
183 3760 240 3801 aare
251 3754 277 3801 et
292 3746 408 3817 objectis
423 3747 601 3819 respondere,
619 3749 706 3806 noluit
731 3750 878 3820 interesse,
932 3745 992 3800 aliis
1007 3743 1056 3799 Dei
1072 3740 1199 3799 fidelibus
1222 3741 1421 3797 rationabiliter
1449 3742 1626 3798 conterentur
1650 3740 1730 3796 firma

76 3840 104 3888 et
118 3847 136 3888 a
155 3833 291 3904 regimine
306 3835 424 3891 abbatiae
437 3836 596 3903 blidenstat,
613 3838 751 3910 adipeam
775 3839 881 3914 absque
933 3834 1011 3890 vobis
1025 3840 1052 3888 et
1066 3831 1169 3887 illibato
1183 3839 1372 3900 permaneant.
1406 3832 1437 3887 ln
1462 3830 1560 3902 quibus
1588 3831 1646 3888 brec
1673 3846 1733 3902 pro-

75 3920 209 3979 ltomanea
222 3923 352 3981 Ecclesiae
370 3924 532 3982 auctoritate
559 3926 704 3982 translatus
731 3928 828 3996 luerat,
854 3937 880 3984 et
932 3922 999 3993 priis
1014 3920 1143 3976 duximus
1160 3919 1340 3991 exprimenda
1364 3918 1506 3976 vocabulis
1526 3937 1532 3974 :
1554 3919 1729 3974 medietatem

74 4006 202 4066 iliamad
229 4027 312 4084 quam
339 4011 432 4068 illicite
460 4014 617 4082 transierat,
647 4015 676 4071 ei
706 4015 877 4084 abstulimus,
932 4010 1060 4067 videlicet
1087 4008 1254 4065 oblationum
1282 4006 1374 4065 Sancti
1403 4007 1536 4079 Sepulcri,
1567 4016 1593 4063 et
1634 4024 1730 4066 omnes

74 4096 478 4172 atabalteraquamprimum
499 4102 645 4166 habuerat,
670 4119 735 4160 eum
760 4120 880 4175 suspen·
931 4099 1083 4156 oblationes
1112 4097 1262 4154 Dominicae
1287 4097 1392 4163 Crucis,
1422 4112 1529 4153 necnon
1566 4106 1594 4153 et
1632 4113 1728 4154 omues

73 4185 321 4244 dimus.tlreterum
336 4205 398 4245 cum
420 4189 504 4246 irater
531 4190 586 4258 ille,
619 4192 665 4264 qui
694 4193 720 4248 in
744 4192 879 4266 regimina
930 4188 1086 4245 oblationes
1114 4186 1240 4242 altarium
1267 4186 1295 4241 in
1324 4185 1441 4243 ecelesia
1470 4184 1563 4241 Sancti
1605 4186 1728 4258 Sepulcri

73 4275 339 4332 laurishammensis
354 4277 879 4347 abbatiaesnbstitutnsest,decrimine
931 4277 1114 4343 existentium,
1131 4276 1202 4332 sicut
1228 4275 1446 4346 patriarcharum
1473 4274 1547 4330 dono
1571 4274 1653 4330 vobis
1680 4291 1727 4330 ra·

74 4363 200 4420 smoniae
220 4365 292 4434 apud
316 4380 367 4420 nos
394 4376 436 4423 ext
459 4365 626 4437 diffamatus,
649 4378 677 4425 et
702 4384 753 4425 nos
771 4377 874 4426 tantum
930 4366 1095 4423 tionsbiliter
1109 4366 1215 4421 donatas
1229 4374 1306 4432 sunt;
1322 4363 1430 4422 domos.
1445 4363 1576 4419 stationes
1591 4372 1617 4418 et
1632 4361 1726 4419 lurnos

72 4453 180 4510 crimen
195 4451 379 4510 indiscussum
395 4456 533 4524 preterire
555 4472 609 4512 non
632 4473 795 4527 possumus,
824 4427 1026 4518 neeDomnes
1050 4453 1167 4511 civitatis
1190 4454 1354 4517 lemaalem,
1372 4451 1494 4523 exceptis
1521 4451 1636 4521 duobus,
1667 4452 1726 4508 lio-

73 4539 227 4608 debemns,
241 4557 292 4613 per
308 4544 457 4613 presentia
485 4544 564 4601 robis
588 4546 690 4617 scripta
716 4548 875 4604 mandamus
929 4543 1169 4616 spitslisvidelicet
1183 4550 1210 4599 et
1224 4541 1349 4599 ecclesias
1363 4541 1470 4599 &notas
1492 4541 1582 4598 llariae
1610 4541 1722 4608 Latinae,

72 4636 209 4702 quatenus
224 4630 247 4684 si
257 4646 384 4701 personae
397 4633 588 4703 apparuerint,
612 4650 674 4705 quae
697 4634 733 4691 de
760 4635 875 4692 simonia
928 4633 997 4689 sicut
1017 4632 1090 4688 dono
1116 4631 1193 4688 ducis
1220 4630 1364 4688 Godolridi
1384 4638 1412 4686 et
1439 4630 1531 4686 fratris
1559 4631 1619 4701 ejus
1648 4630 1724 4703 regis

72 4715 162 4788 ἰρωω
177 4718 309 4775 canonice
323 4719 463 4791 impetant,
478 4736 600 4795 congmo
615 4721 676 4779 loco
700 4732 727 4780 et
751 4732 874 4794 tempore
927 4721 1049 4777 balduini
1066 4729 1092 4777 et
1106 4720 1223 4777 aliorum
1239 4719 1374 4776 bonorum
1388 4719 1530 4775 hominum
1545 4718 1624 4774 vobis
1649 4717 1724 4791 legi-

73 4813 192 4879 utraque
207 4815 282 4877 parte
303 4815 365 4865 ante
399 4815 517 4866 vestram
545 4819 658 4868 evocata
685 4815 871 4883 presentiam,
928 4811 992 4865 time
1016 4824 1149 4866 concessa
1176 4816 1256 4877 sunt;
1287 4808 1399 4877 casalia,
1429 4823 1491 4880 quse
1520 4807 1668 4879 possidetis
1695 4806 1724 4862 in

70 4909 185 4951 ausam
199 4894 346 4969 diligenter
359 4898 490 4967 audiatis,
507 4908 534 4954 et
549 4900 603 4955 line
628 4901 760 4958 canonico
781 4901 873 4957 termi·
927 4899 1062 4956 territorio
1090 4897 1254 4966 lesusalem‚
1278 4896 1472 4953 llabumeriam
1501 4895 1630 4954 videlieet
1658 4911 1724 4952 oum

73 4983 380 5056 natla;ali0quinidam
404 4986 489 5042 irater
507 4987 603 5059 quinta
624 5003 706 5044 mauu
729 4989 872 5061 religiosa·
924 4987 1099 5059 pertinentiis
1127 4985 1193 5051 suis,
1219 4985 1342 5052 Sabaiat,
1371 4984 1513 5052 Calsreab,
1537 4983 1721 5052 calandriam,

70 5087 131 5128 rum
158 5088 337 5144 personarum
365 5073 400 5130 de
425 5082 501 5131 tanto
520 5075 632 5131 crimine
657 5092 689 5133 sa
723 5084 869 5149 expurget.
926 5076 1089 5143 Armotiam,
1106 5074 1262 5140 llamittam,
1278 5072 1419 5146 Beteligal,
1437 5073 1719 5143 Batbsuri,1lessens,

72 5158 251 5231 Quodautam
266 5178 282 5217 a
296 5161 375 5218 robis
395 5162 494 5219 exinde
512 5161 613 5220 laetum
639 5163 727 5234 luerit,
758 5165 794 5222 de
817 5165 873 5222 ele·
925 5180 988 5222 cum
1002 5163 1173 5234 pertinentiis
1191 5162 1263 5231 suin
1288 5162 1317 5218 in
1337 5160 1473 5218 territorio
1499 5162 1629 5219 ilamensi
1656 5162 1723 5219 Gitb

70 5248 164 5309 eticae
178 5265 288 5323 quoque
302 5259 329 5307 et
343 5250 425 5307 modo
438 5251 592 5321 electionis,
618 5258 645 5309 et
668 5252 783 5311 utilitate
811 5270 871 5327 par·
924 5253 1014 5309 casata
1026 5267 1089 5310 cum
1102 5251 1229 5310 omnibus
1243 5249 1413 5324 pertinentiis
1426 5249 1498 5316 anis;
1523 5250 1552 5307 in
1579 5250 1721 5309 territorio

69 5337 302 5396 massaritatcm
316 5339 397 5396 nobis
416 5338 573 5413 significare
595 5340 709 5398 manime
729 5340 869 5410 differatis,
924 5339 1086 5398 Caesariensi
1108 5340 1253 5397 castellnm
1281 5338 1402 5397 Feniculi
1438 5354 1503 5396 cum
1548 5339 1722 5414 pertinentiis

69 5434 99 5482 et
112 5429 179 5482 tune
193 5425 426 5498 inauspicatos
441 5427 563 5502 cognita,
580 5428 654 5500 quod
673 5428 708 5485 ad
736 5429 871 5488 bonorem
925 5429 999 5493 suin
1013 5429 1043 5484 in
1056 5427 1191 5485 territorio
1205 5427 1272 5502 Tyri
1299 5427 1390 5486 maala
1416 5427 1521 5486 Derim
1549 5444 1612 5487 cum
1639 5429 1721 5501 perti·

70 5512 295 5572 milesendam
313 5513 406 5583 luerit,
421 5516 821 5575 auctoreilominolsciamns.
925 5516 1028 5576 scubia
1042 5516 1115 5585 suist
1143 5522 1245 5579 ortum,
1275 5531 1357 5590 quem
1385 5516 1492 5575 babetis
1519 5517 1591 5578 inter
1616 5533 1724 5576 murum

59 5668 65 5683 ,
105 5602 385 5677 mussantis
400 5605 494 5666 Nonas
507 5604 641 5664 tannarii.
926 5612 955 5665 et
976 5603 1145 5666 autemmala
1167 5603 1286 5665 cirinus
1308 5604 1385 5685 'ipris
1407 5612 1497 5666 ortum
1516 5614 1552 5685 at¹
1566 5606 1725 5670 molendina
