<?xml version="1.0" encoding="UTF-8"?>
<!DOCTYPE html PUBLIC "-//W3C//DTD XHTML 1.0 Transitional//EN"
    "http://www.w3.org/TR/xhtml1/DTD/xhtml1-transitional.dtd">
<html xmlns="http://www.w3.org/1999/xhtml" xml:lang="en" lang="en">
 <head>
  <title>
</title>
<meta http-equiv="Content-Type" content="text/html;charset=utf-8" />
  <meta name='ocr-system' content='tesseract 3.04.00' />
  <meta name='ocr-capabilities' content='ocr_page ocr_carea ocr_par ocr_line ocrx_word'/>
</head>
<body>
  <div class='ocr_page' id='page_1' title='image "./patrologiaecurs25unkngoog_0235.png"; bbox 0 0 3772 6006; ppageno 0'>
   <div class='ocr_carea' id='block_1_1' title="bbox 194 186 294 255">
    <p class='ocr_par' dir='ltr' id='par_1_1' title="bbox 194 186 294 255">
     <span class='ocr_line' id='line_1_1' title="bbox 194 186 294 255; baseline 0 -15"><span class='ocrx_word' id='word_1_1' title='bbox 194 186 246 241; x_wconf 80' lang='grc' dir='ltr'><strong>ιιι</strong></span> <span class='ocrx_word' id='word_1_2' title='bbox 290 248 294 255; x_wconf 54' lang='grc'><strong>,</strong></span> 
     </span>
    </p>
   </div>
   <div class='ocr_carea' id='block_1_2' title="bbox 751 180 1204 247">
    <p class='ocr_par' dir='ltr' id='par_1_2' title="bbox 751 180 1204 247">
     <span class='ocr_line' id='line_1_2' title="bbox 751 180 1204 247; baseline 0.013 -6"><span class='ocrx_word' id='word_1_3' title='bbox 751 236 754 241; x_wconf 90' lang='grc'>.</span> <span class='ocrx_word' id='word_1_4' title='bbox 818 180 1027 242; x_wconf 80' lang='lat' dir='ltr'><strong>lNNOCEN‘l&#39;ll</strong></span> <span class='ocrx_word' id='word_1_5' title='bbox 1055 185 1080 242; x_wconf 91' lang='lat' dir='ltr'><strong>ll</strong></span> <span class='ocrx_word' id='word_1_6' title='bbox 1109 185 1204 247; x_wconf 77' lang='lat' dir='ltr'>PAPAE</span> 
     </span>
    </p>
   </div>
   <div class='ocr_carea' id='block_1_3' title="bbox 1788 213 1841 268">
    <p class='ocr_par' dir='ltr' id='par_1_3' title="bbox 1788 213 1841 268">
     <span class='ocr_line' id='line_1_3' title="bbox 1788 213 1841 268; baseline 0 -1"><span class='ocrx_word' id='word_1_7' title='bbox 1788 213 1841 268; x_wconf 72' lang='grc'><strong>456</strong></span> 
     </span>
    </p>
   </div>
   <div class='ocr_carea' id='block_1_4' title="bbox 192 307 1842 404">
    <p class='ocr_par' dir='ltr' id='par_1_4' title="bbox 192 307 1842 404">
     <span class='ocr_line' id='line_1_4' title="bbox 192 307 1842 404; baseline 0.015 -38"><span class='ocrx_word' id='word_1_8' title='bbox 192 308 344 383; x_wconf 88' lang='lat' dir='ltr'><strong>praesertim</strong></span> <span class='ocrx_word' id='word_1_9' title='bbox 358 307 391 365; x_wconf 91' lang='lat' dir='ltr'><strong>iis</strong></span> <span class='ocrx_word' id='word_1_10' title='bbox 406 325 466 382; x_wconf 78' lang='lat' dir='ltr'><strong>que</strong></span> <span class='ocrx_word' id='word_1_11' title='bbox 480 307 551 365; x_wconf 81' lang='lat' dir='ltr'><strong>beati</strong></span> <span class='ocrx_word' id='word_1_12' title='bbox 576 308 646 364; x_wconf 88' lang='lat' dir='ltr'><strong>Petri</strong></span> <span class='ocrx_word' id='word_1_13' title='bbox 668 307 737 377; x_wconf 84' lang='lat' dir='ltr'><strong>juris</strong></span> <span class='ocrx_word' id='word_1_14' title='bbox 764 309 892 379; x_wconf 86' lang='lat' dir='ltr'><strong>existunt,</strong></span> <span class='ocrx_word' id='word_1_15' title='bbox 923 326 988 368; x_wconf 91' lang='lat' dir='ltr'><strong>con·</strong></span> <span class='ocrx_word' id='word_1_16' title='bbox 1001 315 1030 375; x_wconf 82' lang='grc' dir='ltr'><strong>Α</strong></span> <span class='ocrx_word' id='word_1_17' title='bbox 1044 322 1166 371; x_wconf 86' lang='grc' dir='ltr'>ιιιιιιιι</span> <span class='ocrx_word' id='word_1_18' title='bbox 1194 317 1286 389; x_wconf 82' lang='lat' dir='ltr'><strong>fuerit,</strong></span> <span class='ocrx_word' id='word_1_19' title='bbox 1315 319 1362 378; x_wconf 89' lang='lat' dir='ltr'><strong>ille</strong></span> <span class='ocrx_word' id='word_1_20' title='bbox 1385 322 1498 382; x_wconf 87' lang='lat' dir='ltr'><strong>honoris</strong></span> <span class='ocrx_word' id='word_1_21' title='bbox 1526 328 1606 399; x_wconf 86' lang='lat' dir='ltr'><strong>hujus</strong></span> <span class='ocrx_word' id='word_1_22' title='bbox 1636 345 1670 388; x_wconf 89' lang='lat' dir='ltr'><strong>ac</strong></span> <span class='ocrx_word' id='word_1_23' title='bbox 1698 336 1842 404; x_wconf 86' lang='lat' dir='ltr'><strong>potestatis</strong></span> 
     </span>
    </p>
   </div>
   <div class='ocr_carea' id='block_1_5' title="bbox 192 393 987 468">
    <p class='ocr_par' dir='ltr' id='par_1_5' title="bbox 192 393 987 468">
     <span class='ocr_line' id='line_1_5' title="bbox 192 393 987 468; baseline -0.001 -16"><span class='ocrx_word' id='word_1_24' title='bbox 192 411 305 452; x_wconf 89' lang='lat' dir='ltr'><strong>servare</strong></span> <span class='ocrx_word' id='word_1_25' title='bbox 320 393 425 466; x_wconf 79' lang='lat' dir='ltr'>integre</span> <span class='ocrx_word' id='word_1_26' title='bbox 440 394 603 449; x_wconf 77' lang='lat' dir='ltr'><strong>debeamus.</strong></span> <span class='ocrx_word' id='word_1_27' title='bbox 635 393 771 451; x_wconf 77' lang='lat' dir='ltr'><strong>Defuncto</strong></span> <span class='ocrx_word' id='word_1_28' title='bbox 799 394 892 468; x_wconf 88' lang='lat' dir='ltr'><strong>itaque</strong></span> <span class='ocrx_word' id='word_1_29' title='bbox 915 396 987 452; x_wconf 88' lang='lat' dir='ltr'><strong>Lan-</strong></span> 
     </span>
    </p>
   </div>
   <div class='ocr_carea' id='block_1_6' title="bbox 191 489 988 833">
    <p class='ocr_par' dir='ltr' id='par_1_6' title="bbox 191 489 988 833">
     <span class='ocr_line' id='line_1_6' title="bbox 192 489 988 565; baseline -0.001 -15"><span class='ocrx_word' id='word_1_30' title='bbox 192 492 303 564; x_wconf 88' lang='lat' dir='ltr'><strong>dalpho,</strong></span> <span class='ocrx_word' id='word_1_31' title='bbox 320 491 501 547; x_wconf 84' lang='lat' dir='ltr'><strong>Ferrarlensis</strong></span> <span class='ocrx_word' id='word_1_32' title='bbox 517 491 632 548; x_wconf 91' lang='lat' dir='ltr'><strong>civitatis</strong></span> <span class='ocrx_word' id='word_1_33' title='bbox 652 489 795 563; x_wconf 90' lang='lat' dir='ltr'><strong>episcopo,</strong></span> <span class='ocrx_word' id='word_1_34' title='bbox 816 493 926 565; x_wconf 89' lang='lat' dir='ltr'><strong>quidam</strong></span> <span class='ocrx_word' id='word_1_35' title='bbox 953 493 988 549; x_wconf 91' lang='lat' dir='ltr'><strong>de</strong></span> 
     </span>
     <span class='ocr_line' id='line_1_7' title="bbox 191 578 988 652; baseline -0.004 -12"><span class='ocrx_word' id='word_1_36' title='bbox 191 581 299 640; x_wconf 82' lang='lat' dir='ltr'><strong>clericis</strong></span> <span class='ocrx_word' id='word_1_37' title='bbox 313 596 346 637; x_wconf 88' lang='lat' dir='ltr'><strong>ac</strong></span> <span class='ocrx_word' id='word_1_38' title='bbox 362 580 438 636; x_wconf 88' lang='lat' dir='ltr'><strong>laicis</strong></span> <span class='ocrx_word' id='word_1_39' title='bbox 448 578 616 652; x_wconf 75' lang='lat' dir='ltr'><strong>generaliter</strong></span> <span class='ocrx_word' id='word_1_40' title='bbox 631 579 717 635; x_wconf 89' lang='lat' dir='ltr'><strong>vicem</strong></span> <span class='ocrx_word' id='word_1_41' title='bbox 732 590 858 652; x_wconf 84' lang='lat' dir='ltr'><strong>gerentes</strong></span> <span class='ocrx_word' id='word_1_42' title='bbox 880 582 913 636; x_wconf 90' lang='lat' dir='ltr'><strong>ad</strong></span> <span class='ocrx_word' id='word_1_43' title='bbox 939 597 988 637; x_wconf 92' lang='lat' dir='ltr'><strong>no-</strong></span> 
     </span>
     <span class='ocr_line' id='line_1_8' title="bbox 193 669 987 742; baseline -0.004 -15"><span class='ocrx_word' id='word_1_44' title='bbox 193 681 275 729; x_wconf 89' lang='lat' dir='ltr'><strong>stram</strong></span> <span class='ocrx_word' id='word_1_45' title='bbox 291 669 465 742; x_wconf 71' lang='lat' dir='ltr'><strong>presentiam</strong></span> <span class='ocrx_word' id='word_1_46' title='bbox 492 676 636 733; x_wconf 86' lang='lat' dir='ltr'><strong>venerant,</strong></span> <span class='ocrx_word' id='word_1_47' title='bbox 661 676 688 722; x_wconf 84' lang='grc' dir='ltr'><strong>ιι</strong></span> <span class='ocrx_word' id='word_1_48' title='bbox 716 674 745 722; x_wconf 91' lang='grc' dir='ltr'><strong>ιι</strong></span> <span class='ocrx_word' id='word_1_49' title='bbox 761 670 838 739; x_wconf 79' lang='lat' dir='ltr'><strong>justa</strong></span> <span class='ocrx_word' id='word_1_50' title='bbox 866 679 987 726; x_wconf 92' lang='lat' dir='ltr'><strong>tenorem</strong></span> 
     </span>
     <span class='ocr_line' id='line_1_9' title="bbox 191 755 988 833; baseline -0.001 -18"><span class='ocrx_word' id='word_1_51' title='bbox 191 759 395 833; x_wconf 78' lang='lat' dir='ltr'><strong>privilegiorum</strong></span> <span class='ocrx_word' id='word_1_52' title='bbox 411 773 523 813; x_wconf 85' lang='lat' dir='ltr'><strong>suoram</strong></span> <span class='ocrx_word' id='word_1_53' title='bbox 539 755 706 813; x_wconf 88' lang='lat' dir='ltr'><strong>Ferrariensi</strong></span> <span class='ocrx_word' id='word_1_54' title='bbox 725 757 856 814; x_wconf 77' lang='lat' dir='ltr'><strong>Ecclesiae</strong></span> <span class='ocrx_word' id='word_1_55' title='bbox 883 759 988 830; x_wconf 88' lang='lat' dir='ltr'><strong>episco-</strong></span> 
     </span>
    </p>
   </div>
   <div class='ocr_carea' id='block_1_7' title="bbox 188 851 988 1635">
    <p class='ocr_par' dir='ltr' id='par_1_7' title="bbox 188 851 988 1635">
     <span class='ocr_line' id='line_1_10' title="bbox 191 851 988 930; baseline -0.008 -16"><span class='ocrx_word' id='word_1_56' title='bbox 191 874 255 930; x_wconf 92' lang='lat' dir='ltr'><strong>pam</strong></span> <span class='ocrx_word' id='word_1_57' title='bbox 271 857 399 912; x_wconf 83' lang='lat' dir='ltr'><strong>daremus</strong></span> <span class='ocrx_word' id='word_1_58' title='bbox 413 852 550 909; x_wconf 82' lang='lat' dir='ltr'><strong>lumiliter</strong></span> <span class='ocrx_word' id='word_1_59' title='bbox 563 851 753 924; x_wconf 87' lang='lat' dir='ltr'><strong>implorarant.</strong></span> <span class='ocrx_word' id='word_1_60' title='bbox 786 852 895 918; x_wconf 89' lang='lat' dir='ltr'><strong>Verum,</strong></span> <span class='ocrx_word' id='word_1_61' title='bbox 925 853 988 924; x_wconf 84' lang='lat' dir='ltr'><strong>qaia</strong></span> 
     </span>
     <span class='ocr_line' id='line_1_11' title="bbox 190 941 987 1007; baseline -0.009 -5"><span class='ocrx_word' id='word_1_62' title='bbox 190 956 254 1002; x_wconf 91' lang='lat' dir='ltr'><strong>tunc</strong></span> <span class='ocrx_word' id='word_1_63' title='bbox 269 943 433 1000; x_wconf 86' lang='lat' dir='ltr'><strong>venerabilis</strong></span> <span class='ocrx_word' id='word_1_64' title='bbox 449 942 532 997; x_wconf 90' lang='lat' dir='ltr'><strong>lrater</strong></span> <span class='ocrx_word' id='word_1_65' title='bbox 547 951 640 997; x_wconf 87' lang='lat' dir='ltr'><strong>noster</strong></span> <span class='ocrx_word' id='word_1_66' title='bbox 664 941 698 996; x_wconf 77' lang='lat' dir='ltr'><strong>G.</strong></span> <span class='ocrx_word' id='word_1_67' title='bbox 716 942 871 1007; x_wconf 87' lang='lat' dir='ltr'><strong>llaveaaas,</strong></span> <span class='ocrx_word' id='word_1_68' title='bbox 895 941 987 997; x_wconf 89' lang='lat' dir='ltr'><strong>archi·</strong></span> 
     </span>
     <span class='ocr_line' id='line_1_12' title="bbox 190 1031 987 1107; baseline -0.008 -16"><span class='ocrx_word' id='word_1_69' title='bbox 190 1033 488 1107; x_wconf 88' lang='lat' dir='ltr'><strong>episcopus,adversas</strong></span> <span class='ocrx_word' id='word_1_70' title='bbox 503 1046 552 1086; x_wconf 88' lang='lat' dir='ltr'><strong>eoa</strong></span> <span class='ocrx_word' id='word_1_71' title='bbox 570 1045 666 1102; x_wconf 78' lang='lat' dir='ltr'><strong>ageas,</strong></span> <span class='ocrx_word' id='word_1_72' title='bbox 698 1046 746 1101; x_wconf 91' lang='lat' dir='ltr'><strong>per</strong></span> <span class='ocrx_word' id='word_1_73' title='bbox 772 1031 860 1098; x_wconf 84' lang='lat' dir='ltr'><strong>ipsam</strong></span> <span class='ocrx_word' id='word_1_74' title='bbox 890 1046 987 1085; x_wconf 87' lang='lat' dir='ltr'><strong>conse-</strong></span> 
     </span>
     <span class='ocr_line' id='line_1_13' title="bbox 192 1116 987 1190; baseline -0.005 -10"><span class='ocrx_word' id='word_1_75' title='bbox 192 1124 344 1181; x_wconf 88' lang='lat' dir='ltr'><strong>crationem</strong></span> <span class='ocrx_word' id='word_1_76' title='bbox 360 1120 545 1176; x_wconf 79' lang='lat' dir='ltr'><strong>Ferrariensis</strong></span> <span class='ocrx_word' id='word_1_77' title='bbox 555 1119 675 1190; x_wconf 84' lang='lat' dir='ltr'><strong>episcopi</strong></span> <span class='ocrx_word' id='word_1_78' title='bbox 691 1116 750 1174; x_wconf 87' lang='lat' dir='ltr'><strong>lieri</strong></span> <span class='ocrx_word' id='word_1_79' title='bbox 765 1117 866 1174; x_wconf 87' lang='lat' dir='ltr'><strong>debera</strong></span> <span class='ocrx_word' id='word_1_80' title='bbox 879 1116 987 1176; x_wconf 82' lang='lat' dir='ltr'><strong>clama-</strong></span> 
     </span>
     <span class='ocr_line' id='line_1_14' title="bbox 190 1207 986 1283; baseline -0.006 -15"><span class='ocrx_word' id='word_1_81' title='bbox 190 1214 247 1277; x_wconf 83' lang='lat' dir='ltr'><strong>bat,</strong></span> <span class='ocrx_word' id='word_1_82' title='bbox 263 1211 329 1283; x_wconf 89' lang='lat' dir='ltr'><strong>ipsis</strong></span> <span class='ocrx_word' id='word_1_83' title='bbox 344 1209 450 1275; x_wconf 88' lang='lat' dir='ltr'><strong>litteris,</strong></span> <span class='ocrx_word' id='word_1_84' title='bbox 466 1216 493 1263; x_wconf 88' lang='lat' dir='ltr'><strong>et</strong></span> <span class='ocrx_word' id='word_1_85' title='bbox 522 1211 583 1263; x_wconf 86' lang='lat' dir='ltr'><strong>viva</strong></span> <span class='ocrx_word' id='word_1_86' title='bbox 605 1221 671 1263; x_wconf 92' lang='lat' dir='ltr'><strong>voce</strong></span> <span class='ocrx_word' id='word_1_87' title='bbox 699 1207 870 1278; x_wconf 69' lang='lat' dir='ltr'><strong>precipimus</strong></span> <span class='ocrx_word' id='word_1_88' title='bbox 895 1216 923 1262; x_wconf 95' lang='grc' dir='ltr'><strong>ιι</strong></span> <span class='ocrx_word' id='word_1_89' title='bbox 950 1209 986 1263; x_wconf 89' lang='lat' dir='ltr'><strong>ad</strong></span> 
     </span>
     <span class='ocr_line' id='line_1_15' title="bbox 190 1294 985 1372; baseline -0.005 -17"><span class='ocrx_word' id='word_1_90' title='bbox 190 1300 338 1372; x_wconf 86' lang='lat' dir='ltr'><strong>proximam</strong></span> <span class='ocrx_word' id='word_1_91' title='bbox 358 1297 493 1369; x_wconf 78' lang='lat' dir='ltr'><strong>synodum</strong></span> <span class='ocrx_word' id='word_1_92' title='bbox 521 1295 658 1366; x_wconf 77' lang='lat' dir='ltr'><strong>sepientes</strong></span> <span class='ocrx_word' id='word_1_93' title='bbox 686 1311 718 1351; x_wconf 91' lang='lat' dir='ltr'><strong>ac</strong></span> <span class='ocrx_word' id='word_1_94' title='bbox 745 1294 880 1351; x_wconf 89' lang='lat' dir='ltr'><strong>discretos</strong></span> <span class='ocrx_word' id='word_1_95' title='bbox 909 1296 985 1351; x_wconf 88' lang='lat' dir='ltr'><strong>viros</strong></span> 
     </span>
     <span class='ocr_line' id='line_1_16' title="bbox 189 1383 984 1445; baseline -0.009 0"><span class='ocrx_word' id='word_1_96' title='bbox 189 1406 251 1445; x_wconf 90' lang='lat' dir='ltr'><strong>cam</strong></span> <span class='ocrx_word' id='word_1_97' title='bbox 270 1387 456 1444; x_wconf 83' lang='lat' dir='ltr'><strong>instrumentis</strong></span> <span class='ocrx_word' id='word_1_98' title='bbox 469 1383 632 1440; x_wconf 73' lang='lat' dir='ltr'><strong>authenticis</strong></span> <span class='ocrx_word' id='word_1_99' title='bbox 647 1392 674 1439; x_wconf 92' lang='lat' dir='ltr'><strong>et</strong></span> <span class='ocrx_word' id='word_1_100' title='bbox 687 1385 749 1438; x_wconf 91' lang='lat' dir='ltr'><strong>aliis</strong></span> <span class='ocrx_word' id='word_1_101' title='bbox 770 1383 921 1439; x_wconf 91' lang='lat' dir='ltr'><strong>rationibus</strong></span> <span class='ocrx_word' id='word_1_102' title='bbox 949 1385 984 1439; x_wconf 92' lang='lat' dir='ltr'><strong>ad</strong></span> 
     </span>
     <span class='ocr_line' id='line_1_17' title="bbox 188 1472 984 1544; baseline -0.009 -10"><span class='ocrx_word' id='word_1_103' title='bbox 188 1495 238 1534; x_wconf 87' lang='lat' dir='ltr'><strong>no.</strong></span> <span class='ocrx_word' id='word_1_104' title='bbox 249 1519 255 1532; x_wconf 90' lang='lat'><strong>.</strong></span> <span class='ocrx_word' id='word_1_105' title='bbox 266 1519 288 1532; x_wconf 91' lang='lat'><strong>..</strong></span> <span class='ocrx_word' id='word_1_106' title='bbox 307 1486 378 1543; x_wconf 86' lang='lat' dir='ltr'><strong>tanc,</strong></span> <span class='ocrx_word' id='word_1_107' title='bbox 392 1473 538 1529; x_wconf 80' lang='lat' dir='ltr'><strong>auxiliante</strong></span> <span class='ocrx_word' id='word_1_108' title='bbox 552 1473 679 1537; x_wconf 90' lang='lat' dir='ltr'><strong>Domino,</strong></span> <span class='ocrx_word' id='word_1_109' title='bbox 697 1472 827 1541; x_wconf 71' lang='lat' dir='ltr'><strong>iustitiam</strong></span> <span class='ocrx_word' id='word_1_110' title='bbox 855 1487 984 1544; x_wconf 88' lang='lat' dir='ltr'><strong>asseque-</strong></span> 
     </span>
     <span class='ocr_line' id='line_1_18' title="bbox 189 1561 985 1635; baseline -0.009 -14"><span class='ocrx_word' id='word_1_111' title='bbox 189 1575 290 1631; x_wconf 81' lang='lat' dir='ltr'><strong>rentur,</strong></span> <span class='ocrx_word' id='word_1_112' title='bbox 306 1564 392 1635; x_wconf 90' lang='lat' dir='ltr'><strong>quod.</strong></span> <span class='ocrx_word' id='word_1_113' title='bbox 402 1604 409 1618; x_wconf 90' lang='lat'>.</span> <span class='ocrx_word' id='word_1_114' title='bbox 420 1603 445 1618; x_wconf 90' lang='lat'><strong>..</strong></span> <span class='ocrx_word' id='word_1_115' title='bbox 462 1570 512 1618; x_wconf 91' lang='lat' dir='ltr'><strong>est.</strong></span> <span class='ocrx_word' id='word_1_116' title='bbox 529 1561 601 1617; x_wconf 83' lang='lat' dir='ltr'><strong>Visis</strong></span> <span class='ocrx_word' id='word_1_117' title='bbox 629 1561 719 1633; x_wconf 88' lang='lat' dir='ltr'><strong>itaque</strong></span> <span class='ocrx_word' id='word_1_118' title='bbox 733 1569 760 1617; x_wconf 90' lang='lat' dir='ltr'><strong>et</strong></span> <span class='ocrx_word' id='word_1_119' title='bbox 774 1561 922 1631; x_wconf 79' lang='lat' dir='ltr'><strong>diligenter</strong></span> <span class='ocrx_word' id='word_1_120' title='bbox 945 1561 985 1615; x_wconf 89' lang='lat' dir='ltr'><strong>iu·</strong></span> 
     </span>
    </p>
   </div>
   <div class='ocr_carea' id='block_1_8' title="bbox 1042 411 1841 587">
    <p class='ocr_par' dir='ltr' id='par_1_8' title="bbox 1042 411 1841 587">
     <span class='ocr_line' id='line_1_19' title="bbox 1043 411 1841 488; baseline 0.026 -22"><span class='ocrx_word' id='word_1_121' title='bbox 1043 411 1202 484; x_wconf 71' lang='lat' dir='ltr'><strong>integritate</strong></span> <span class='ocrx_word' id='word_1_122' title='bbox 1216 414 1350 488; x_wconf 79' lang='lat' dir='ltr'><strong>iungatur.</strong></span> <span class='ocrx_word' id='word_1_123' title='bbox 1367 419 1518 477; x_wconf 81' lang='lat' dir='ltr'><strong>Comitatus</strong></span> <span class='ocrx_word' id='word_1_124' title='bbox 1535 433 1626 481; x_wconf 83' lang='lat' dir='ltr'><strong>satem</strong></span> <span class='ocrx_word' id='word_1_125' title='bbox 1654 427 1841 487; x_wconf 83' lang='lat' dir='ltr'><strong>Ferrarieusis</strong></span> 
     </span>
     <span class='ocr_line' id='line_1_20' title="bbox 1042 498 1841 587; baseline 0.03 -34"><span class='ocrx_word' id='word_1_126' title='bbox 1042 498 1111 555; x_wconf 88' lang='lat' dir='ltr'><strong>fines</strong></span> <span class='ocrx_word' id='word_1_127' title='bbox 1125 509 1152 557; x_wconf 92' lang='lat' dir='ltr'><strong>et</strong></span> <span class='ocrx_word' id='word_1_128' title='bbox 1167 504 1273 558; x_wconf 88' lang='lat' dir='ltr'><strong>termini</strong></span> <span class='ocrx_word' id='word_1_129' title='bbox 1288 515 1358 575; x_wconf 89' lang='lat' dir='ltr'><strong>suat,</strong></span> <span class='ocrx_word' id='word_1_130' title='bbox 1376 509 1411 563; x_wconf 87' lang='lat' dir='ltr'><strong>ab</strong></span> <span class='ocrx_word' id='word_1_131' title='bbox 1426 511 1532 568; x_wconf 91' lang='lat' dir='ltr'><strong>oriente</strong></span> <span class='ocrx_word' id='word_1_132' title='bbox 1546 514 1580 568; x_wconf 89' lang='lat' dir='ltr'><strong>ab</strong></span> <span class='ocrx_word' id='word_1_133' title='bbox 1599 531 1650 570; x_wconf 91' lang='lat' dir='ltr'><strong>una</strong></span> <span class='ocrx_word' id='word_1_134' title='bbox 1665 526 1741 587; x_wconf 89' lang='lat' dir='ltr'><strong>parte</strong></span> <span class='ocrx_word' id='word_1_135' title='bbox 1756 518 1841 576; x_wconf 89' lang='lat' dir='ltr'><strong>llumi·</strong></span> 
     </span>
    </p>
   </div>
   <div class='ocr_carea' id='block_1_9' title="bbox 1039 597 1842 1655">
    <p class='ocr_par' dir='ltr' id='par_1_9' title="bbox 1039 597 1842 1655">
     <span class='ocr_line' id='line_1_21' title="bbox 1043 597 1842 678; baseline 0.028 -27"><span class='ocrx_word' id='word_1_136' title='bbox 1043 597 1085 652; x_wconf 88' lang='lat' dir='ltr'><strong>nis</strong></span> <span class='ocrx_word' id='word_1_137' title='bbox 1100 598 1274 666; x_wconf 83' lang='lat' dir='ltr'><strong>Padi,altei·a</strong></span> <span class='ocrx_word' id='word_1_138' title='bbox 1295 613 1387 660; x_wconf 89' lang='lat' dir='ltr'><strong>nostra</strong></span> <span class='ocrx_word' id='word_1_139' title='bbox 1415 621 1507 664; x_wconf 86' lang='lat' dir='ltr'><strong>massa</strong></span> <span class='ocrx_word' id='word_1_140' title='bbox 1536 609 1682 678; x_wconf 88' lang='lat' dir='ltr'><strong>Phiscelia,</strong></span> <span class='ocrx_word' id='word_1_141' title='bbox 1710 623 1737 671; x_wconf 88' lang='lat' dir='ltr'><strong>et</strong></span> <span class='ocrx_word' id='word_1_142' title='bbox 1764 621 1842 673; x_wconf 86' lang='lat' dir='ltr'><strong>vete-</strong></span> 
     </span>
     <span class='ocr_line' id='line_1_22' title="bbox 1043 687 1839 761; baseline 0.026 -22"><span class='ocrx_word' id='word_1_143' title='bbox 1043 687 1121 751; x_wconf 89' lang='lat' dir='ltr'><strong>raria,</strong></span> <span class='ocrx_word' id='word_1_144' title='bbox 1137 690 1268 760; x_wconf 88' lang='lat' dir='ltr'><strong>usquead</strong></span> <span class='ocrx_word' id='word_1_145' title='bbox 1282 690 1384 747; x_wconf 80' lang='lat' dir='ltr'><strong>lessam</strong></span> <span class='ocrx_word' id='word_1_146' title='bbox 1406 694 1535 752; x_wconf 85' lang='lat' dir='ltr'><strong>Bassania</strong></span> <span class='ocrx_word' id='word_1_147' title='bbox 1564 707 1708 756; x_wconf 88' lang='lat' dir='ltr'><strong>transeunt</strong></span> <span class='ocrx_word' id='word_1_148' title='bbox 1736 702 1839 761; x_wconf 85' lang='lat' dir='ltr'><strong>dumea</strong></span> 
     </span>
     <span class='ocr_line' id='line_1_23' title="bbox 1043 774 1840 850; baseline 0.024 -19"><span class='ocrx_word' id='word_1_149' title='bbox 1043 774 1153 831; x_wconf 90' lang='lat' dir='ltr'><strong>Sandali</strong></span> <span class='ocrx_word' id='word_1_150' title='bbox 1166 794 1253 850; x_wconf 88' lang='lat' dir='ltr'><strong>usqae</strong></span> <span class='ocrx_word' id='word_1_151' title='bbox 1267 779 1439 848; x_wconf 89' lang='lat' dir='ltr'><strong>Pacilletam,</strong></span> <span class='ocrx_word' id='word_1_152' title='bbox 1456 791 1627 844; x_wconf 88' lang='lat' dir='ltr'><strong>transeuntes</strong></span> <span class='ocrx_word' id='word_1_153' title='bbox 1651 789 1752 846; x_wconf 88' lang='lat' dir='ltr'><strong>llamea</strong></span> <span class='ocrx_word' id='word_1_154' title='bbox 1781 792 1840 849; x_wconf 86' lang='lat' dir='ltr'><strong>Ga·</strong></span> 
     </span>
     <span class='ocr_line' id='line_1_24' title="bbox 1041 862 1841 949; baseline 0.026 -32"><span class='ocrx_word' id='word_1_155' title='bbox 1041 862 1125 918; x_wconf 85' lang='lat' dir='ltr'><strong>hiena</strong></span> <span class='ocrx_word' id='word_1_156' title='bbox 1141 881 1188 934; x_wconf 90' lang='lat' dir='ltr'><strong>per</strong></span> <span class='ocrx_word' id='word_1_157' title='bbox 1203 867 1350 927; x_wconf 85' lang='lat' dir='ltr'><strong>Laduriara</strong></span> <span class='ocrx_word' id='word_1_158' title='bbox 1363 869 1535 928; x_wconf 89' lang='lat' dir='ltr'><strong>circumdant</strong></span> <span class='ocrx_word' id='word_1_159' title='bbox 1551 875 1645 931; x_wconf 89' lang='lat' dir='ltr'><strong>villam</strong></span> <span class='ocrx_word' id='word_1_160' title='bbox 1659 893 1785 949; x_wconf 78' lang='lat' dir='ltr'><strong>magnam</strong></span> <span class='ocrx_word' id='word_1_161' title='bbox 1814 891 1841 937; x_wconf 88' lang='lat' dir='ltr'><strong>et</strong></span> 
     </span>
     <span class='ocr_line' id='line_1_25' title="bbox 1041 953 1841 1034; baseline 0.024 -27"><span class='ocrx_word' id='word_1_162' title='bbox 1041 953 1216 1020; x_wconf 87' lang='lat' dir='ltr'><strong>lladrasiam,</strong></span> <span class='ocrx_word' id='word_1_163' title='bbox 1241 958 1433 1026; x_wconf 81' lang='lat' dir='ltr'><strong>pervenientes</strong></span> <span class='ocrx_word' id='word_1_164' title='bbox 1458 977 1544 1034; x_wconf 89' lang='lat' dir='ltr'><strong>usqae</strong></span> <span class='ocrx_word' id='word_1_165' title='bbox 1562 964 1713 1031; x_wconf 86' lang='lat' dir='ltr'><strong>llaletam;</strong></span> <span class='ocrx_word' id='word_1_166' title='bbox 1740 970 1841 1026; x_wconf 85' lang='lat' dir='ltr'><strong>llaleto</strong></span> 
     </span>
     <span class='ocr_line' id='line_1_26' title="bbox 1041 1043 1842 1125; baseline 0.021 -28"><span class='ocrx_word' id='word_1_167' title='bbox 1041 1043 1247 1112; x_wconf 76' lang='lat' dir='ltr'><strong>perguntjaxta</strong></span> <span class='ocrx_word' id='word_1_168' title='bbox 1262 1045 1386 1117; x_wconf 74' lang='lat' dir='ltr'><strong>argilem</strong></span> <span class='ocrx_word' id='word_1_169' title='bbox 1414 1049 1564 1105; x_wconf 78' lang='lat' dir='ltr'><strong>Ansiaaum</strong></span> <span class='ocrx_word' id='word_1_170' title='bbox 1592 1069 1642 1122; x_wconf 83' lang='lat' dir='ltr'><strong>per</strong></span> <span class='ocrx_word' id='word_1_171' title='bbox 1669 1055 1785 1125; x_wconf 88' lang='lat' dir='ltr'><strong>paludes</strong></span> <span class='ocrx_word' id='word_1_172' title='bbox 1813 1068 1842 1114; x_wconf 89' lang='lat' dir='ltr'><strong>et</strong></span> 
     </span>
     <span class='ocr_line' id='line_1_27' title="bbox 1040 1129 1839 1204; baseline 0.024 -21"><span class='ocrx_word' id='word_1_173' title='bbox 1040 1129 1171 1199; x_wconf 85' lang='lat' dir='ltr'><strong>piscarias</strong></span> <span class='ocrx_word' id='word_1_174' title='bbox 1188 1149 1275 1204; x_wconf 90' lang='lat' dir='ltr'><strong>usqae</strong></span> <span class='ocrx_word' id='word_1_175' title='bbox 1291 1135 1428 1204; x_wconf 78' lang='lat' dir='ltr'><strong>vitricam,</strong></span> <span class='ocrx_word' id='word_1_176' title='bbox 1458 1147 1484 1194; x_wconf 94' lang='lat' dir='ltr'><strong>et</strong></span> <span class='ocrx_word' id='word_1_177' title='bbox 1504 1145 1676 1197; x_wconf 90' lang='lat' dir='ltr'><strong>transeuntes</strong></span> <span class='ocrx_word' id='word_1_178' title='bbox 1708 1144 1839 1202; x_wconf 82' lang='lat' dir='ltr'><strong>Vitricam</strong></span> 
     </span>
     <span class='ocr_line' id='line_1_28' title="bbox 1040 1219 1836 1302; baseline 0.023 -28"><span class='ocrx_word' id='word_1_179' title='bbox 1040 1219 1150 1275; x_wconf 87' lang='lat' dir='ltr'><strong>veniant</strong></span> <span class='ocrx_word' id='word_1_180' title='bbox 1165 1237 1250 1293; x_wconf 90' lang='lat' dir='ltr'><strong>usque</strong></span> <span class='ocrx_word' id='word_1_181' title='bbox 1265 1221 1366 1278; x_wconf 85' lang='lat' dir='ltr'><strong>lessam</strong></span> <span class='ocrx_word' id='word_1_182' title='bbox 1382 1225 1522 1295; x_wconf 79' lang='lat' dir='ltr'><strong>Baranam,</strong></span> <span class='ocrx_word' id='word_1_183' title='bbox 1540 1238 1639 1284; x_wconf 80' lang='lat' dir='ltr'><strong>exeunt</strong></span> <span class='ocrx_word' id='word_1_184' title='bbox 1664 1230 1691 1285; x_wconf 89' lang='lat' dir='ltr'><strong>in</strong></span> <span class='ocrx_word' id='word_1_185' title='bbox 1721 1233 1836 1302; x_wconf 83' lang='lat' dir='ltr'><strong>Padum,</strong></span> 
     </span>
     <span class='ocr_line' id='line_1_29' title="bbox 1040 1306 1839 1389; baseline 0.023 -26"><span class='ocrx_word' id='word_1_186' title='bbox 1040 1315 1067 1363; x_wconf 89' lang='lat' dir='ltr'><strong>et</strong></span> <span class='ocrx_word' id='word_1_187' title='bbox 1081 1306 1249 1365; x_wconf 87' lang='lat' dir='ltr'><strong>descendant</strong></span> <span class='ocrx_word' id='word_1_188' title='bbox 1264 1311 1299 1366; x_wconf 91' lang='lat' dir='ltr'><strong>ad</strong></span> <span class='ocrx_word' id='word_1_189' title='bbox 1310 1310 1480 1370; x_wconf 84' lang='lat' dir='ltr'><strong>occidentem</strong></span> <span class='ocrx_word' id='word_1_190' title='bbox 1491 1333 1577 1389; x_wconf 86' lang='lat' dir='ltr'><strong>usqae</strong></span> <span class='ocrx_word' id='word_1_191' title='bbox 1598 1318 1632 1373; x_wconf 90' lang='lat' dir='ltr'><strong>ad</strong></span> <span class='ocrx_word' id='word_1_192' title='bbox 1648 1318 1757 1377; x_wconf 91' lang='lat' dir='ltr'><strong>Ulmum</strong></span> <span class='ocrx_word' id='word_1_193' title='bbox 1782 1323 1839 1380; x_wconf 88' lang='lat' dir='ltr'><strong>lor·</strong></span> 
     </span>
     <span class='ocr_line' id='line_1_30' title="bbox 1040 1399 1837 1469; baseline 0.023 -19"><span class='ocrx_word' id='word_1_194' title='bbox 1040 1411 1155 1463; x_wconf 88' lang='lat' dir='ltr'><strong>mosam,</strong></span> <span class='ocrx_word' id='word_1_195' title='bbox 1173 1415 1234 1469; x_wconf 84' lang='lat' dir='ltr'><strong>qaae</strong></span> <span class='ocrx_word' id='word_1_196' title='bbox 1249 1408 1324 1456; x_wconf 90' lang='lat' dir='ltr'><strong>certa</strong></span> <span class='ocrx_word' id='word_1_197' title='bbox 1337 1399 1451 1458; x_wconf 85' lang='lat' dir='ltr'><strong>finisest</strong></span> <span class='ocrx_word' id='word_1_198' title='bbox 1465 1403 1535 1460; x_wconf 88' lang='lat' dir='ltr'><strong>inter</strong></span> <span class='ocrx_word' id='word_1_199' title='bbox 1548 1405 1706 1464; x_wconf 86' lang='lat' dir='ltr'><strong>llamaaiam</strong></span> <span class='ocrx_word' id='word_1_200' title='bbox 1721 1417 1748 1465; x_wconf 94' lang='lat' dir='ltr'><strong>et</strong></span> <span class='ocrx_word' id='word_1_201' title='bbox 1765 1410 1837 1468; x_wconf 88' lang='lat' dir='ltr'><strong>Lon-</strong></span> 
     </span>
     <span class='ocr_line' id='line_1_31' title="bbox 1039 1486 1836 1564; baseline 0.023 -26"><span class='ocrx_word' id='word_1_202' title='bbox 1039 1486 1212 1557; x_wconf 83' lang='lat' dir='ltr'><strong>gobardiam.</strong></span> <span class='ocrx_word' id='word_1_203' title='bbox 1229 1489 1275 1543; x_wconf 89' lang='lat' dir='ltr'><strong>Ab</strong></span> <span class='ocrx_word' id='word_1_204' title='bbox 1289 1489 1375 1545; x_wconf 90' lang='lat' dir='ltr'><strong>altera</strong></span> <span class='ocrx_word' id='word_1_205' title='bbox 1394 1499 1483 1546; x_wconf 90' lang='lat' dir='ltr'><strong>autem</strong></span> <span class='ocrx_word' id='word_1_206' title='bbox 1511 1501 1590 1564; x_wconf 91' lang='lat' dir='ltr'><strong>parte</strong></span> <span class='ocrx_word' id='word_1_207' title='bbox 1620 1494 1740 1553; x_wconf 87' lang='lat' dir='ltr'><strong>llamiais</strong></span> <span class='ocrx_word' id='word_1_208' title='bbox 1766 1501 1836 1559; x_wconf 88' lang='lat' dir='ltr'><strong>lines</strong></span> 
     </span>
     <span class='ocr_line' id='line_1_32' title="bbox 1039 1574 1839 1655; baseline 0.024 -28"><span class='ocrx_word' id='word_1_209' title='bbox 1039 1582 1100 1628; x_wconf 88' lang='lat' dir='ltr'><strong>snut</strong></span> <span class='ocrx_word' id='word_1_210' title='bbox 1111 1574 1236 1631; x_wconf 89' lang='lat' dir='ltr'><strong>similiter</strong></span> <span class='ocrx_word' id='word_1_211' title='bbox 1251 1577 1285 1632; x_wconf 89' lang='lat' dir='ltr'><strong>ab</strong></span> <span class='ocrx_word' id='word_1_212' title='bbox 1298 1578 1407 1635; x_wconf 84' lang='lat' dir='ltr'><strong>oriente</strong></span> <span class='ocrx_word' id='word_1_213' title='bbox 1421 1579 1500 1635; x_wconf 89' lang='lat' dir='ltr'><strong>collis</strong></span> <span class='ocrx_word' id='word_1_214' title='bbox 1515 1581 1549 1638; x_wconf 89' lang='lat' dir='ltr'><strong>de</strong></span> <span class='ocrx_word' id='word_1_215' title='bbox 1565 1581 1630 1650; x_wconf 85' lang='lat' dir='ltr'><strong>tiae,</strong></span> <span class='ocrx_word' id='word_1_216' title='bbox 1643 1601 1703 1655; x_wconf 82' lang='lat' dir='ltr'><strong>qaae</strong></span> <span class='ocrx_word' id='word_1_217' title='bbox 1716 1585 1778 1644; x_wconf 87' lang='lat' dir='ltr'><strong>linis</strong></span> <span class='ocrx_word' id='word_1_218' title='bbox 1797 1601 1839 1646; x_wconf 92' lang='lat' dir='ltr'><strong>est</strong></span> 
     </span>
    </p>
   </div>
   <div class='ocr_carea' id='block_1_10' title="bbox 187 1656 1838 1735">
    <p class='ocr_par' dir='ltr' id='par_1_10' title="bbox 187 1656 1838 1735">
     <span class='ocr_line' id='line_1_33' title="bbox 187 1656 1838 1735; baseline 0.011 -19"><span class='ocrx_word' id='word_1_219' title='bbox 187 1662 288 1735; x_wconf 89' lang='lat' dir='ltr'><strong>speetis</strong></span> <span class='ocrx_word' id='word_1_220' title='bbox 303 1670 358 1715; x_wconf 91' lang='lat' dir='ltr'><strong>tam</strong></span> <span class='ocrx_word' id='word_1_221' title='bbox 368 1657 593 1724; x_wconf 84' lang='lat' dir='ltr'><strong>Farrariensium,</strong></span> <span class='ocrx_word' id='word_1_222' title='bbox 609 1671 691 1728; x_wconf 89' lang='lat' dir='ltr'><strong>qaam</strong></span> <span class='ocrx_word' id='word_1_223' title='bbox 711 1656 817 1727; x_wconf 85' lang='lat' dir='ltr'><strong>praesati</strong></span> <span class='ocrx_word' id='word_1_224' title='bbox 845 1658 981 1730; x_wconf 89' lang='lat' dir='ltr'><strong>archiepi-</strong></span> <span class='ocrx_word' id='word_1_225' title='bbox 997 1672 1024 1731; x_wconf 82' lang='grc' dir='ltr'>Β</span> <span class='ocrx_word' id='word_1_226' title='bbox 1039 1662 1108 1718; x_wconf 90' lang='lat' dir='ltr'><strong>inter</strong></span> <span class='ocrx_word' id='word_1_227' title='bbox 1123 1673 1247 1720; x_wconf 89' lang='lat' dir='ltr'><strong>nostram</strong></span> <span class='ocrx_word' id='word_1_228' title='bbox 1277 1668 1436 1724; x_wconf 88' lang='lat' dir='ltr'><strong>comitatam</strong></span> <span class='ocrx_word' id='word_1_229' title='bbox 1460 1669 1666 1729; x_wconf 78' lang='lat' dir='ltr'><strong>Femarieasem</strong></span> <span class='ocrx_word' id='word_1_230' title='bbox 1678 1683 1705 1730; x_wconf 92' lang='lat' dir='ltr'><strong>et</strong></span> <span class='ocrx_word' id='word_1_231' title='bbox 1720 1677 1838 1734; x_wconf 88' lang='lat' dir='ltr'><strong>alterum</strong></span> 
     </span>
    </p>
   </div>
   <div class='ocr_carea' id='block_1_11' title="bbox 186 1753 984 1916">
    <p class='ocr_par' dir='ltr' id='par_1_11' title="bbox 186 1753 984 1916">
     <span class='ocr_line' id='line_1_34' title="bbox 187 1753 984 1830; baseline -0.01 -14"><span class='ocrx_word' id='word_1_232' title='bbox 187 1759 264 1830; x_wconf 85' lang='lat' dir='ltr'><strong>scopi</strong></span> <span class='ocrx_word' id='word_1_233' title='bbox 277 1754 469 1827; x_wconf 86' lang='lat' dir='ltr'><strong>corrquereutis</strong></span> <span class='ocrx_word' id='word_1_234' title='bbox 483 1753 634 1827; x_wconf 75' lang='lat' dir='ltr'><strong>privilegiis</strong></span> <span class='ocrx_word' id='word_1_235' title='bbox 658 1761 683 1808; x_wconf 93' lang='lat' dir='ltr'><strong>et</strong></span> <span class='ocrx_word' id='word_1_236' title='bbox 699 1753 857 1822; x_wconf 90' lang='lat' dir='ltr'><strong>rationibus,</strong></span> <span class='ocrx_word' id='word_1_237' title='bbox 890 1754 984 1810; x_wconf 82' lang='lat' dir='ltr'><strong>Ferra-</strong></span> 
     </span>
     <span class='ocr_line' id='line_1_35' title="bbox 186 1842 982 1916; baseline -0.009 -11"><span class='ocrx_word' id='word_1_238' title='bbox 186 1848 315 1905; x_wconf 90' lang='lat' dir='ltr'><strong>rieusium</strong></span> <span class='ocrx_word' id='word_1_239' title='bbox 331 1846 433 1916; x_wconf 87' lang='lat' dir='ltr'><strong>scripta</strong></span> <span class='ocrx_word' id='word_1_240' title='bbox 451 1844 602 1915; x_wconf 75' lang='lat' dir='ltr'><strong>prevalere</strong></span> <span class='ocrx_word' id='word_1_241' title='bbox 630 1843 819 1914; x_wconf 77' lang='lat' dir='ltr'><strong>cognovimus.</strong></span> <span class='ocrx_word' id='word_1_242' title='bbox 850 1842 982 1898; x_wconf 90' lang='lat' dir='ltr'><strong>Comma·</strong></span> 
     </span>
    </p>
   </div>
   <div class='ocr_carea' id='block_1_12' title="bbox 185 1938 983 2101">
    <p class='ocr_par' dir='ltr' id='par_1_12' title="bbox 185 1938 983 2101">
     <span class='ocr_line' id='line_1_36' title="bbox 185 1938 983 2015; baseline -0.008 -13"><span class='ocrx_word' id='word_1_243' title='bbox 185 1948 276 2003; x_wconf 90' lang='lat' dir='ltr'><strong>nicato</strong></span> <span class='ocrx_word' id='word_1_244' title='bbox 290 1945 380 2015; x_wconf 88' lang='lat' dir='ltr'><strong>itaque</strong></span> <span class='ocrx_word' id='word_1_245' title='bbox 409 1942 520 1997; x_wconf 80' lang='lat' dir='ltr'><strong>fratrum</strong></span> <span class='ocrx_word' id='word_1_246' title='bbox 550 1947 707 1996; x_wconf 81' lang='lat' dir='ltr'><strong>nostrarum</strong></span> <span class='ocrx_word' id='word_1_247' title='bbox 735 1938 924 2011; x_wconf 89' lang='lat' dir='ltr'><strong>episcoporum</strong></span> <span class='ocrx_word' id='word_1_248' title='bbox 952 1956 983 1996; x_wconf 91' lang='lat' dir='ltr'><strong>ac</strong></span> 
     </span>
     <span class='ocr_line' id='line_1_37' title="bbox 187 2029 981 2101; baseline -0.008 -11"><span class='ocrx_word' id='word_1_249' title='bbox 187 2034 364 2091; x_wconf 83' lang='lat' dir='ltr'><strong>cardinalium</strong></span> <span class='ocrx_word' id='word_1_250' title='bbox 380 2030 503 2095; x_wconf 90' lang='lat' dir='ltr'><strong>coasilio,</strong></span> <span class='ocrx_word' id='word_1_251' title='bbox 524 2030 599 2099; x_wconf 81' lang='lat' dir='ltr'><strong>juxta</strong></span> <span class='ocrx_word' id='word_1_252' title='bbox 622 2037 742 2084; x_wconf 89' lang='lat' dir='ltr'><strong>tenorem</strong></span> <span class='ocrx_word' id='word_1_253' title='bbox 772 2029 981 2101; x_wconf 76' lang='lat' dir='ltr'><strong>privilegiorum</strong></span> 
     </span>
    </p>
   </div>
   <div class='ocr_carea' id='block_1_13' title="bbox 105 2127 982 3014">
    <p class='ocr_par' dir='ltr' id='par_1_13' title="bbox 105 2127 982 3014">
     <span class='ocr_line' id='line_1_38' title="bbox 184 2127 982 2201; baseline -0.008 -11"><span class='ocrx_word' id='word_1_254' title='bbox 184 2131 398 2190; x_wconf 81' lang='lat' dir='ltr'><strong>Ferrariensium</strong></span> <span class='ocrx_word' id='word_1_255' title='bbox 421 2129 579 2201; x_wconf 87' lang='lat' dir='ltr'><strong>episcopam</strong></span> <span class='ocrx_word' id='word_1_256' title='bbox 594 2127 761 2199; x_wconf 78' lang='lat' dir='ltr'><strong>eligendam,</strong></span> <span class='ocrx_word' id='word_1_257' title='bbox 788 2135 814 2182; x_wconf 87' lang='lat' dir='ltr'><strong>et</strong></span> <span class='ocrx_word' id='word_1_258' title='bbox 838 2143 888 2198; x_wconf 92' lang='lat' dir='ltr'><strong>per</strong></span> <span class='ocrx_word' id='word_1_259' title='bbox 923 2128 982 2184; x_wconf 82' lang='lat' dir='ltr'><strong>tto-</strong></span> 
     </span>
     <span class='ocr_line' id='line_1_39' title="bbox 185 2215 980 2281; baseline -0.011 -4"><span class='ocrx_word' id='word_1_260' title='bbox 185 2237 271 2277; x_wconf 82' lang='lat' dir='ltr'><strong>maaae</strong></span> <span class='ocrx_word' id='word_1_261' title='bbox 289 2219 364 2274; x_wconf 89' lang='lat' dir='ltr'><strong>sedis</strong></span> <span class='ocrx_word' id='word_1_262' title='bbox 385 2217 530 2272; x_wconf 82' lang='lat' dir='ltr'><strong>antistitem</strong></span> <span class='ocrx_word' id='word_1_263' title='bbox 559 2216 771 2271; x_wconf 90' lang='lat' dir='ltr'><strong>consecrandum</strong></span> <span class='ocrx_word' id='word_1_264' title='bbox 799 2215 980 2281; x_wconf 87' lang='lat' dir='ltr'><strong>decrevimus,</strong></span> 
     </span>
     <span class='ocr_line' id='line_1_40' title="bbox 182 2304 979 2383; baseline -0.006 -18"><span class='ocrx_word' id='word_1_265' title='bbox 182 2319 263 2383; x_wconf 87' lang='lat' dir='ltr'><strong>atqua</strong></span> <span class='ocrx_word' id='word_1_266' title='bbox 285 2307 487 2364; x_wconf 77' lang='lat' dir='ltr'><strong>Ferrarieasem</strong></span> <span class='ocrx_word' id='word_1_267' title='bbox 501 2305 653 2361; x_wconf 82' lang='lat' dir='ltr'><strong>Ecclesiam</strong></span> <span class='ocrx_word' id='word_1_268' title='bbox 669 2305 720 2359; x_wconf 90' lang='lat' dir='ltr'><strong>sub</strong></span> <span class='ocrx_word' id='word_1_269' title='bbox 736 2305 798 2374; x_wconf 80' lang='lat' dir='ltr'><strong>jare</strong></span> <span class='ocrx_word' id='word_1_270' title='bbox 816 2314 843 2359; x_wconf 91' lang='lat' dir='ltr'><strong>et</strong></span> <span class='ocrx_word' id='word_1_271' title='bbox 858 2304 979 2360; x_wconf 91' lang='lat' dir='ltr'><strong>dominio</strong></span> 
     </span>
     <span class='ocr_line' id='line_1_41' title="bbox 105 2392 981 2471; baseline -0.011 -14"><span class='ocrx_word' id='word_1_272' title='bbox 105 2398 108 2402; x_wconf 79' lang='grc'><strong>’</strong></span> <span class='ocrx_word' id='word_1_273' title='bbox 183 2398 343 2471; x_wconf 76' lang='lat' dir='ltr'><strong>apostolice</strong></span> <span class='ocrx_word' id='word_1_274' title='bbox 362 2395 445 2459; x_wconf 88' lang='lat' dir='ltr'><strong>sedis,</strong></span> <span class='ocrx_word' id='word_1_275' title='bbox 474 2395 585 2450; x_wconf 87' lang='lat' dir='ltr'><strong>decreto</strong></span> <span class='ocrx_word' id='word_1_276' title='bbox 609 2409 720 2448; x_wconf 89' lang='lat' dir='ltr'><strong>manere</strong></span> <span class='ocrx_word' id='word_1_277' title='bbox 747 2392 903 2448; x_wconf 86' lang='lat' dir='ltr'><strong>statuimus.</strong></span> <span class='ocrx_word' id='word_1_278' title='bbox 934 2393 981 2447; x_wconf 88' lang='lat' dir='ltr'><strong>llis</strong></span> 
     </span>
     <span class='ocr_line' id='line_1_42' title="bbox 184 2488 981 2570; baseline -0.013 -16"><span class='ocrx_word' id='word_1_279' title='bbox 184 2494 386 2570; x_wconf 76' lang='lat' dir='ltr'><strong>itaqaegestis,</strong></span> <span class='ocrx_word' id='word_1_280' title='bbox 411 2493 508 2548; x_wconf 89' lang='lat' dir='ltr'><strong>dilecte</strong></span> <span class='ocrx_word' id='word_1_281' title='bbox 537 2491 564 2546; x_wconf 94' lang='lat' dir='ltr'><strong>iu</strong></span> <span class='ocrx_word' id='word_1_282' title='bbox 591 2491 707 2545; x_wconf 86' lang='lat' dir='ltr'><strong>Domino</strong></span> <span class='ocrx_word' id='word_1_283' title='bbox 734 2488 773 2545; x_wconf 82' lang='lat' dir='ltr'><strong>sali</strong></span> <span class='ocrx_word' id='word_1_284' title='bbox 802 2489 923 2561; x_wconf 78' lang='lat' dir='ltr'><strong>Gryplro,</strong></span> <span class='ocrx_word' id='word_1_285' title='bbox 955 2498 981 2545; x_wconf 89' lang='lat' dir='ltr'><strong>te</strong></span> 
     </span>
     <span class='ocr_line' id='line_1_43' title="bbox 185 2577 981 2646; baseline -0.013 -3"><span class='ocrx_word' id='word_1_286' title='bbox 185 2596 286 2643; x_wconf 82' lang='lat' dir='ltr'><strong>nostrae</strong></span> <span class='ocrx_word' id='word_1_287' title='bbox 299 2592 401 2640; x_wconf 80' lang='lat' dir='ltr'><strong>sanctae</strong></span> <span class='ocrx_word' id='word_1_288' title='bbox 423 2583 550 2637; x_wconf 83' lang='lat' dir='ltr'><strong>llomanae</strong></span> <span class='ocrx_word' id='word_1_289' title='bbox 569 2578 708 2646; x_wconf 75' lang='lat' dir='ltr'><strong>Ecclesia,</strong></span> <span class='ocrx_word' id='word_1_290' title='bbox 725 2585 751 2634; x_wconf 90' lang='lat' dir='ltr'><strong>et</strong></span> <span class='ocrx_word' id='word_1_291' title='bbox 778 2577 850 2632; x_wconf 88' lang='lat' dir='ltr'><strong>tituli</strong></span> <span class='ocrx_word' id='word_1_292' title='bbox 874 2579 981 2634; x_wconf 73' lang='lat' dir='ltr'><strong>Sancta</strong></span> 
     </span>
     <span class='ocr_line' id='line_1_44' title="bbox 186 2674 980 2739; baseline -0.013 0"><span class='ocrx_word' id='word_1_293' title='bbox 186 2682 350 2739; x_wconf 83' lang='lat' dir='ltr'><strong>Potentiaaae</strong></span> <span class='ocrx_word' id='word_1_294' title='bbox 365 2678 532 2735; x_wconf 87' lang='lat' dir='ltr'><strong>cardinalem</strong></span> <span class='ocrx_word' id='word_1_295' title='bbox 547 2684 572 2730; x_wconf 90' lang='lat' dir='ltr'><strong>et</strong></span> <span class='ocrx_word' id='word_1_296' title='bbox 587 2674 720 2731; x_wconf 73' lang='lat' dir='ltr'><strong>Ecclesiae</strong></span> <span class='ocrx_word' id='word_1_297' title='bbox 748 2674 819 2730; x_wconf 89' lang='lat' dir='ltr'><strong>beati</strong></span> <span class='ocrx_word' id='word_1_298' title='bbox 846 2675 915 2730; x_wconf 90' lang='lat' dir='ltr'><strong>Petri</strong></span> <span class='ocrx_word' id='word_1_299' title='bbox 936 2691 980 2729; x_wconf 90' lang='lat' dir='ltr'><strong>ar·</strong></span> 
     </span>
     <span class='ocr_line' id='line_1_45' title="bbox 182 2762 977 2842; baseline -0.014 -14"><span class='ocrx_word' id='word_1_300' title='bbox 182 2771 425 2842; x_wconf 77' lang='lat' dir='ltr'><strong>cltipresbvterum,</strong></span> <span class='ocrx_word' id='word_1_301' title='bbox 443 2781 480 2821; x_wconf 78' lang='lat' dir='ltr'><strong>ex</strong></span> <span class='ocrx_word' id='word_1_302' title='bbox 508 2763 696 2821; x_wconf 85' lang='lat' dir='ltr'><strong>cardinalibus</strong></span> <span class='ocrx_word' id='word_1_303' title='bbox 724 2762 823 2818; x_wconf 90' lang='lat' dir='ltr'><strong>uostris</strong></span> <span class='ocrx_word' id='word_1_304' title='bbox 848 2763 977 2830; x_wconf 88' lang='lat' dir='ltr'><strong>electam,</strong></span> 
     </span>
     <span class='ocr_line' id='line_1_46' title="bbox 130 2850 980 2927; baseline -0.011 -11"><span class='ocrx_word' id='word_1_305' title='bbox 130 2877 133 2882; x_wconf 90' lang='lat'>·</span> <span class='ocrx_word' id='word_1_306' title='bbox 183 2860 310 2915; x_wconf 85' lang='lat' dir='ltr'><strong>invocata</strong></span> <span class='ocrx_word' id='word_1_307' title='bbox 323 2855 441 2927; x_wconf 89' lang='lat' dir='ltr'><strong>Spiritus</strong></span> <span class='ocrx_word' id='word_1_308' title='bbox 456 2854 542 2908; x_wconf 88' lang='lat' dir='ltr'><strong>sancti</strong></span> <span class='ocrx_word' id='word_1_309' title='bbox 565 2853 653 2924; x_wconf 76' lang='lat' dir='ltr'><strong>gratia</strong></span> <span class='ocrx_word' id='word_1_310' title='bbox 675 2850 702 2905; x_wconf 91' lang='lat' dir='ltr'><strong>ia</strong></span> <span class='ocrx_word' id='word_1_311' title='bbox 725 2851 883 2922; x_wconf 88' lang='lat' dir='ltr'><strong>episcopum</strong></span> <span class='ocrx_word' id='word_1_312' title='bbox 914 2868 980 2907; x_wconf 90' lang='lat' dir='ltr'><strong>con·</strong></span> 
     </span>
     <span class='ocr_line' id='line_1_47' title="bbox 183 2941 977 3014; baseline -0.009 -11"><span class='ocrx_word' id='word_1_313' title='bbox 183 2962 332 3010; x_wconf 87' lang='lat' dir='ltr'><strong>sacramus,</strong></span> <span class='ocrx_word' id='word_1_314' title='bbox 347 2943 477 3013; x_wconf 80' lang='lat' dir='ltr'><strong>atuaead</strong></span> <span class='ocrx_word' id='word_1_315' title='bbox 502 2941 714 3014; x_wconf 78' lang='lat' dir='ltr'><strong>gubernandum</strong></span> <span class='ocrx_word' id='word_1_316' title='bbox 742 2957 861 3013; x_wconf 76' lang='lat' dir='ltr'><strong>gregem</strong></span> <span class='ocrx_word' id='word_1_317' title='bbox 887 2941 977 2996; x_wconf 79' lang='lat' dir='ltr'><strong>Ferra-</strong></span> 
     </span>
    </p>
   </div>
   <div class='ocr_carea' id='block_1_14' title="bbox 1036 1754 1837 2271">
    <p class='ocr_par' dir='ltr' id='par_1_14' title="bbox 1036 1754 1837 2271">
     <span class='ocr_line' id='line_1_48' title="bbox 1038 1754 1837 1828; baseline 0.02 -22"><span class='ocrx_word' id='word_1_318' title='bbox 1038 1761 1162 1807; x_wconf 87' lang='lat' dir='ltr'><strong>nostram</strong></span> <span class='ocrx_word' id='word_1_319' title='bbox 1190 1754 1347 1810; x_wconf 88' lang='lat' dir='ltr'><strong>comitatam</strong></span> <span class='ocrx_word' id='word_1_320' title='bbox 1377 1757 1593 1828; x_wconf 83' lang='lat' dir='ltr'><strong>comaclensem,</strong></span> <span class='ocrx_word' id='word_1_321' title='bbox 1622 1765 1776 1821; x_wconf 83' lang='lat' dir='ltr'><strong>extendant</strong></span> <span class='ocrx_word' id='word_1_322' title='bbox 1807 1785 1837 1822; x_wconf 91' lang='lat' dir='ltr'><strong>se</strong></span> 
     </span>
     <span class='ocr_line' id='line_1_49' title="bbox 1036 1842 1835 1918; baseline 0.02 -22"><span class='ocrx_word' id='word_1_323' title='bbox 1036 1857 1085 1912; x_wconf 91' lang='lat' dir='ltr'><strong>per</strong></span> <span class='ocrx_word' id='word_1_324' title='bbox 1100 1842 1213 1913; x_wconf 91' lang='lat' dir='ltr'><strong>paludes</strong></span> <span class='ocrx_word' id='word_1_325' title='bbox 1228 1853 1253 1898; x_wconf 90' lang='lat' dir='ltr'><strong>et</strong></span> <span class='ocrx_word' id='word_1_326' title='bbox 1269 1842 1398 1916; x_wconf 87' lang='lat' dir='ltr'><strong>piscarias</strong></span> <span class='ocrx_word' id='word_1_327' title='bbox 1414 1849 1544 1918; x_wconf 87' lang='lat' dir='ltr'><strong>usquead</strong></span> <span class='ocrx_word' id='word_1_328' title='bbox 1563 1850 1703 1907; x_wconf 86' lang='lat' dir='ltr'><strong>Fossatum</strong></span> <span class='ocrx_word' id='word_1_329' title='bbox 1721 1854 1757 1910; x_wconf 91' lang='lat' dir='ltr'><strong>de</strong></span> <span class='ocrx_word' id='word_1_330' title='bbox 1780 1855 1835 1911; x_wconf 87' lang='lat' dir='ltr'><strong>Sil·</strong></span> 
     </span>
     <span class='ocr_line' id='line_1_50' title="bbox 1038 1929 1833 2014; baseline 0.019 -30"><span class='ocrx_word' id='word_1_331' title='bbox 1038 1929 1117 1998; x_wconf 85' lang='lat' dir='ltr'><strong>valae,</strong></span> <span class='ocrx_word' id='word_1_332' title='bbox 1155 1931 1324 1986; x_wconf 89' lang='lat' dir='ltr'><strong>circumdant</strong></span> <span class='ocrx_word' id='word_1_333' title='bbox 1338 1948 1458 1987; x_wconf 88' lang='lat' dir='ltr'><strong>massam</strong></span> <span class='ocrx_word' id='word_1_334' title='bbox 1484 1936 1590 1991; x_wconf 85' lang='lat' dir='ltr'><strong>Corneli</strong></span> <span class='ocrx_word' id='word_1_335' title='bbox 1619 1946 1645 1993; x_wconf 90' lang='lat' dir='ltr'><strong>et</strong></span> <span class='ocrx_word' id='word_1_336' title='bbox 1673 1940 1833 2014; x_wconf 78' lang='lat' dir='ltr'><strong>Longaaum</strong></span> 
     </span>
     <span class='ocr_line' id='line_1_51' title="bbox 1037 2019 1830 2094; baseline 0.021 -24"><span class='ocrx_word' id='word_1_337' title='bbox 1037 2035 1098 2088; x_wconf 85' lang='lat' dir='ltr'><strong>quae</strong></span> <span class='ocrx_word' id='word_1_338' title='bbox 1112 2019 1146 2073; x_wconf 89' lang='lat' dir='ltr'><strong>de</strong></span> <span class='ocrx_word' id='word_1_339' title='bbox 1162 2028 1254 2075; x_wconf 82' lang='lat' dir='ltr'><strong>nostro</strong></span> <span class='ocrx_word' id='word_1_340' title='bbox 1269 2021 1396 2076; x_wconf 85' lang='lat' dir='ltr'><strong>comitata</strong></span> <span class='ocrx_word' id='word_1_341' title='bbox 1417 2023 1550 2078; x_wconf 81' lang='lat' dir='ltr'><strong>Ferrariae</strong></span> <span class='ocrx_word' id='word_1_342' title='bbox 1579 2035 1630 2094; x_wconf 89' lang='lat' dir='ltr'><strong>est,</strong></span> <span class='ocrx_word' id='word_1_343' title='bbox 1660 2028 1830 2087; x_wconf 87' lang='lat' dir='ltr'><strong>descendunt</strong></span> 
     </span>
     <span class='ocr_line' id='line_1_52' title="bbox 1037 2105 1833 2191; baseline 0.021 -32"><span class='ocrx_word' id='word_1_344' title='bbox 1037 2105 1100 2161; x_wconf 86' lang='lat' dir='ltr'><strong>iude</strong></span> <span class='ocrx_word' id='word_1_345' title='bbox 1114 2107 1148 2161; x_wconf 92' lang='lat' dir='ltr'><strong>ad</strong></span> <span class='ocrx_word' id='word_1_346' title='bbox 1163 2107 1331 2163; x_wconf 87' lang='lat' dir='ltr'><strong>occidentem</strong></span> <span class='ocrx_word' id='word_1_347' title='bbox 1347 2125 1397 2179; x_wconf 88' lang='lat' dir='ltr'><strong>per</strong></span> <span class='ocrx_word' id='word_1_348' title='bbox 1412 2110 1524 2180; x_wconf 87' lang='lat' dir='ltr'><strong>paludes</strong></span> <span class='ocrx_word' id='word_1_349' title='bbox 1553 2121 1579 2167; x_wconf 87' lang='lat' dir='ltr'><strong>et</strong></span> <span class='ocrx_word' id='word_1_350' title='bbox 1606 2115 1723 2185; x_wconf 92' lang='lat' dir='ltr'><strong>picarias</strong></span> <span class='ocrx_word' id='word_1_351' title='bbox 1748 2136 1833 2191; x_wconf 84' lang='lat' dir='ltr'><strong>nsque</strong></span> 
     </span>
     <span class='ocr_line' id='line_1_53' title="bbox 1036 2194 1830 2271; baseline 0.02 -24"><span class='ocrx_word' id='word_1_352' title='bbox 1036 2195 1071 2248; x_wconf 88' lang='lat' dir='ltr'><strong>sd</strong></span> <span class='ocrx_word' id='word_1_353' title='bbox 1086 2194 1186 2250; x_wconf 84' lang='lat' dir='ltr'><strong>ssrrrnea</strong></span> <span class='ocrx_word' id='word_1_354' title='bbox 1201 2197 1316 2262; x_wconf 84' lang='lat' dir='ltr'><strong>Tartari,</strong></span> <span class='ocrx_word' id='word_1_355' title='bbox 1330 2206 1447 2271; x_wconf 85' lang='lat' dir='ltr'><strong>pergant</strong></span> <span class='ocrx_word' id='word_1_356' title='bbox 1472 2216 1557 2270; x_wconf 84' lang='lat' dir='ltr'><strong>usqae</strong></span> <span class='ocrx_word' id='word_1_357' title='bbox 1582 2201 1608 2256; x_wconf 89' lang='lat' dir='ltr'><strong>ia</strong></span> <span class='ocrx_word' id='word_1_358' title='bbox 1629 2202 1731 2261; x_wconf 86' lang='lat' dir='ltr'><strong>llamen</strong></span> <span class='ocrx_word' id='word_1_359' title='bbox 1757 2208 1830 2262; x_wconf 87' lang='lat' dir='ltr'><strong>Padi.</strong></span> 
     </span>
    </p>
   </div>
   <div class='ocr_carea' id='block_1_15' title="bbox 1033 2291 1835 2640">
    <p class='ocr_par' dir='ltr' id='par_1_15' title="bbox 1033 2291 1835 2640">
     <span class='ocr_line' id='line_1_54' title="bbox 1037 2291 1834 2365; baseline 0.02 -20"><span class='ocrx_word' id='word_1_360' title='bbox 1037 2291 1106 2347; x_wconf 89' lang='lat' dir='ltr'><strong>Sane</strong></span> <span class='ocrx_word' id='word_1_361' title='bbox 1121 2292 1318 2348; x_wconf 89' lang='lat' dir='ltr'><strong>habitatoribus</strong></span> <span class='ocrx_word' id='word_1_362' title='bbox 1346 2293 1414 2364; x_wconf 92' lang='lat' dir='ltr'><strong>ipsis</strong></span> <span class='ocrx_word' id='word_1_363' title='bbox 1437 2296 1549 2365; x_wconf 74' lang='lat' dir='ltr'><strong>maioris</strong></span> <span class='ocrx_word' id='word_1_364' title='bbox 1576 2313 1673 2356; x_wconf 74' lang='lat' dir='ltr'><strong>massae</strong></span> <span class='ocrx_word' id='word_1_365' title='bbox 1701 2303 1834 2361; x_wconf 73' lang='lat' dir='ltr'><strong>Ferraria</strong></span> 
     </span>
     <span class='ocr_line' id='line_1_55' title="bbox 1036 2380 1834 2457; baseline 0.016 -23"><span class='ocrx_word' id='word_1_366' title='bbox 1036 2380 1123 2436; x_wconf 88' lang='lat' dir='ltr'><strong>malas</strong></span> <span class='ocrx_word' id='word_1_367' title='bbox 1134 2383 1482 2452; x_wconf 87' lang='lat' dir='ltr'><strong>etpravascoasaetadines</strong></span> <span class='ocrx_word' id='word_1_368' title='bbox 1491 2401 1675 2457; x_wconf 86' lang='lat' dir='ltr'><strong>removemus,</strong></span> <span class='ocrx_word' id='word_1_369' title='bbox 1687 2391 1738 2444; x_wconf 91' lang='lat' dir='ltr'><strong>nisi</strong></span> <span class='ocrx_word' id='word_1_370' title='bbox 1754 2400 1834 2448; x_wconf 81' lang='grc' dir='ltr'>ιιιιιιι</span> 
     </span>
     <span class='ocr_line' id='line_1_56' title="bbox 1035 2469 1835 2543; baseline 0.015 -20"><span class='ocrx_word' id='word_1_371' title='bbox 1035 2469 1113 2523; x_wconf 90' lang='lat' dir='ltr'><strong>sicuti</strong></span> <span class='ocrx_word' id='word_1_372' title='bbox 1130 2470 1290 2539; x_wconf 85' lang='lat' dir='ltr'><strong>solitisnnt,</strong></span> <span class='ocrx_word' id='word_1_373' title='bbox 1318 2470 1353 2526; x_wconf 95' lang='lat' dir='ltr'><strong>ad</strong></span> <span class='ocrx_word' id='word_1_374' title='bbox 1381 2470 1545 2543; x_wconf 78' lang='lat' dir='ltr'><strong>saffra,iam</strong></span> <span class='ocrx_word' id='word_1_375' title='bbox 1576 2486 1677 2532; x_wconf 84' lang='lat' dir='ltr'><strong>sanctae</strong></span> <span class='ocrx_word' id='word_1_376' title='bbox 1705 2480 1835 2536; x_wconf 78' lang='lat' dir='ltr'><strong>Romanae</strong></span> 
     </span>
     <span class='ocr_line' id='line_1_57' title="bbox 1033 2557 1830 2640; baseline 0.018 -29"><span class='ocrx_word' id='word_1_377' title='bbox 1033 2557 1164 2614; x_wconf 81' lang='lat' dir='ltr'><strong>Ecclesiae</strong></span> <span class='ocrx_word' id='word_1_378' title='bbox 1174 2559 1313 2614; x_wconf 86' lang='lat' dir='ltr'><strong>annaliter</strong></span> <span class='ocrx_word' id='word_1_379' title='bbox 1327 2575 1376 2630; x_wconf 88' lang='lat' dir='ltr'><strong>per</strong></span> <span class='ocrx_word' id='word_1_380' title='bbox 1389 2560 1497 2615; x_wconf 89' lang='lat' dir='ltr'><strong>illarum</strong></span> <span class='ocrx_word' id='word_1_381' title='bbox 1520 2566 1645 2619; x_wconf 85' lang='lat' dir='ltr'><strong>nantium</strong></span> <span class='ocrx_word' id='word_1_382' title='bbox 1656 2582 1830 2640; x_wconf 75' lang='lat' dir='ltr'><strong>unaqueque</strong></span> 
     </span>
    </p>
   </div>
   <div class='ocr_carea' id='block_1_16' title="bbox 1033 2654 1832 2822">
    <p class='ocr_par' dir='ltr' id='par_1_16' title="bbox 1033 2654 1832 2822">
     <span class='ocr_line' id='line_1_58' title="bbox 1034 2654 1832 2728; baseline 0.019 -18"><span class='ocrx_word' id='word_1_383' title='bbox 1034 2654 1121 2712; x_wconf 85' lang='lat' dir='ltr'><strong>libera</strong></span> <span class='ocrx_word' id='word_1_384' title='bbox 1136 2673 1254 2727; x_wconf 90' lang='lat' dir='ltr'><strong>persona</strong></span> <span class='ocrx_word' id='word_1_385' title='bbox 1270 2657 1366 2728; x_wconf 90' lang='lat' dir='ltr'><strong>capitis</strong></span> <span class='ocrx_word' id='word_1_386' title='bbox 1377 2661 1500 2716; x_wconf 86' lang='lat' dir='ltr'><strong>massarii</strong></span> <span class='ocrx_word' id='word_1_387' title='bbox 1519 2661 1553 2718; x_wconf 90' lang='lat' dir='ltr'><strong>de</strong></span> <span class='ocrx_word' id='word_1_388' title='bbox 1577 2674 1684 2720; x_wconf 90' lang='lat' dir='ltr'><strong>moneta</strong></span> <span class='ocrx_word' id='word_1_389' title='bbox 1711 2667 1832 2725; x_wconf 81' lang='lat' dir='ltr'><strong>Venetiae</strong></span> 
     </span>
     <span class='ocr_line' id='line_1_59' title="bbox 1033 2745 1830 2822; baseline 0.018 -24"><span class='ocrx_word' id='word_1_390' title='bbox 1033 2745 1160 2819; x_wconf 85' lang='lat' dir='ltr'><strong>denarios</strong></span> <span class='ocrx_word' id='word_1_391' title='bbox 1183 2745 1307 2819; x_wconf 79' lang='lat' dir='ltr'><strong>singulos</strong></span> <span class='ocrx_word' id='word_1_392' title='bbox 1334 2747 1420 2802; x_wconf 86' lang='lat' dir='ltr'><strong>dabit.</strong></span> <span class='ocrx_word' id='word_1_393' title='bbox 1449 2749 1552 2805; x_wconf 87' lang='lat' dir='ltr'><strong>Census</strong></span> <span class='ocrx_word' id='word_1_394' title='bbox 1580 2767 1656 2822; x_wconf 90' lang='lat' dir='ltr'><strong>vero,</strong></span> <span class='ocrx_word' id='word_1_395' title='bbox 1683 2762 1710 2810; x_wconf 92' lang='lat' dir='ltr'><strong>et</strong></span> <span class='ocrx_word' id='word_1_396' title='bbox 1737 2756 1830 2811; x_wconf 89' lang='lat' dir='ltr'><strong>tributi</strong></span> 
     </span>
    </p>
   </div>
   <div class='ocr_carea' id='block_1_17' title="bbox 1032 2843 1832 3009">
    <p class='ocr_par' dir='ltr' id='par_1_17' title="bbox 1032 2843 1832 3009">
     <span class='ocr_line' id='line_1_60' title="bbox 1033 2843 1831 2915; baseline 0.016 -18"><span class='ocrx_word' id='word_1_397' title='bbox 1033 2852 1113 2915; x_wconf 85' lang='lat' dir='ltr'><strong>atque</strong></span> <span class='ocrx_word' id='word_1_398' title='bbox 1129 2843 1228 2898; x_wconf 89' lang='lat' dir='ltr'><strong>telonei</strong></span> <span class='ocrx_word' id='word_1_399' title='bbox 1257 2845 1290 2900; x_wconf 90' lang='lat' dir='ltr'><strong>de</strong></span> <span class='ocrx_word' id='word_1_400' title='bbox 1315 2846 1374 2915; x_wconf 88' lang='lat' dir='ltr'><strong>ripa</strong></span> <span class='ocrx_word' id='word_1_401' title='bbox 1399 2846 1517 2902; x_wconf 92' lang='lat' dir='ltr'><strong>llumiais</strong></span> <span class='ocrx_word' id='word_1_402' title='bbox 1544 2866 1626 2904; x_wconf 91' lang='lat' dir='ltr'><strong>anam</strong></span> <span class='ocrx_word' id='word_1_403' title='bbox 1655 2851 1831 2910; x_wconf 86' lang='lat' dir='ltr'><strong>medietatem</strong></span> 
     </span>
     <span class='ocr_line' id='line_1_61' title="bbox 1032 2932 1832 3009; baseline 0.018 -24"><span class='ocrx_word' id='word_1_404' title='bbox 1032 2947 1082 3002; x_wconf 88' lang='lat' dir='ltr'><strong>pro</strong></span> <span class='ocrx_word' id='word_1_405' title='bbox 1097 2932 1286 2989; x_wconf 88' lang='lat' dir='ltr'><strong>benedictione</strong></span> <span class='ocrx_word' id='word_1_406' title='bbox 1300 2934 1516 2991; x_wconf 88' lang='lat' dir='ltr'><strong>adcommunem</strong></span> <span class='ocrx_word' id='word_1_407' title='bbox 1542 2938 1692 3009; x_wconf 85' lang='lat' dir='ltr'><strong>utilitatem,</strong></span> <span class='ocrx_word' id='word_1_408' title='bbox 1722 2950 1747 2997; x_wconf 89' lang='lat' dir='ltr'><strong>et</strong></span> <span class='ocrx_word' id='word_1_409' title='bbox 1771 2959 1832 2998; x_wconf 91' lang='lat' dir='ltr'><strong>me-</strong></span> 
     </span>
    </p>
   </div>
   <div class='ocr_carea' id='block_1_18' title="bbox 183 3021 1832 3103">
    <p class='ocr_par' dir='ltr' id='par_1_18' title="bbox 183 3021 1832 3103">
     <span class='ocr_line' id='line_1_62' title="bbox 183 3021 1832 3103; baseline -0.002 -11"><span class='ocrx_word' id='word_1_410' title='bbox 183 3037 279 3093; x_wconf 87' lang='lat' dir='ltr'><strong>riensis</strong></span> <span class='ocrx_word' id='word_1_411' title='bbox 307 3032 440 3098; x_wconf 77' lang='lat' dir='ltr'><strong>ecclesiae,</strong></span> <span class='ocrx_word' id='word_1_412' title='bbox 465 3039 594 3103; x_wconf 71' lang='lat' dir='ltr'><strong>anquam</strong></span> <span class='ocrx_word' id='word_1_413' title='bbox 618 3028 777 3100; x_wconf 72' lang='lat' dir='ltr'><strong>apostolieae</strong></span> <span class='ocrx_word' id='word_1_414' title='bbox 804 3030 878 3085; x_wconf 88' lang='lat' dir='ltr'><strong>sedis</strong></span> <span class='ocrx_word' id='word_1_415' title='bbox 903 3028 975 3097; x_wconf 80' lang='lat' dir='ltr'><strong>lilim,</strong></span> <span class='ocrx_word' id='word_1_416' title='bbox 994 3024 1018 3087; x_wconf 86' lang='lat' dir='ltr'>G</span> <span class='ocrx_word' id='word_1_417' title='bbox 1035 3021 1204 3076; x_wconf 88' lang='lat' dir='ltr'><strong>liorationem</strong></span> <span class='ocrx_word' id='word_1_418' title='bbox 1223 3037 1271 3076; x_wconf 89' lang='lat' dir='ltr'><strong>sea</strong></span> <span class='ocrx_word' id='word_1_419' title='bbox 1286 3023 1510 3080; x_wconf 88' lang='lat' dir='ltr'><strong>restaurationem</strong></span> <span class='ocrx_word' id='word_1_420' title='bbox 1535 3025 1591 3094; x_wconf 87' lang='lat' dir='ltr'><strong>jam</strong></span> <span class='ocrx_word' id='word_1_421' title='bbox 1610 3028 1689 3084; x_wconf 89' lang='lat' dir='ltr'><strong>dictae</strong></span> <span class='ocrx_word' id='word_1_422' title='bbox 1716 3031 1832 3101; x_wconf 88' lang='lat' dir='ltr'><strong>majoris</strong></span> 
     </span>
    </p>
   </div>
   <div class='ocr_carea' id='block_1_19' title="bbox 183 3117 976 3193">
    <p class='ocr_par' dir='ltr' id='par_1_19' title="bbox 183 3117 976 3193">
     <span class='ocr_line' id='line_1_63' title="bbox 183 3117 976 3193; baseline -0.011 -11"><span class='ocrx_word' id='word_1_423' title='bbox 183 3125 282 3182; x_wconf 84' lang='lat' dir='ltr'><strong>landos</strong></span> <span class='ocrx_word' id='word_1_424' title='bbox 291 3123 412 3193; x_wconf 84' lang='lat' dir='ltr'><strong>ejusdem</strong></span> <span class='ocrx_word' id='word_1_425' title='bbox 428 3120 534 3185; x_wconf 89' lang='lat' dir='ltr'><strong>matris,</strong></span> <span class='ocrx_word' id='word_1_426' title='bbox 550 3122 578 3174; x_wconf 90' lang='lat' dir='ltr'><strong>et</strong></span> <span class='ocrx_word' id='word_1_427' title='bbox 592 3117 976 3190; x_wconf 80' lang='lat' dir='ltr'><strong>patrimoniaconlirmamas3</strong></span> 
     </span>
    </p>
   </div>
   <div class='ocr_carea' id='block_1_20' title="bbox 180 3213 979 3555">
    <p class='ocr_par' dir='ltr' id='par_1_20' title="bbox 180 3213 979 3555">
     <span class='ocr_line' id='line_1_64' title="bbox 182 3213 979 3295; baseline -0.013 -17"><span class='ocrx_word' id='word_1_428' title='bbox 182 3224 268 3295; x_wconf 91' lang='lat' dir='ltr'><strong>ipsam</strong></span> <span class='ocrx_word' id='word_1_429' title='bbox 283 3219 537 3278; x_wconf 88' lang='lat' dir='ltr'><strong>videlieetrnassam</strong></span> <span class='ocrx_word' id='word_1_430' title='bbox 565 3213 756 3285; x_wconf 86' lang='lat' dir='ltr'><strong>Babylonicam</strong></span> <span class='ocrx_word' id='word_1_431' title='bbox 787 3230 848 3283; x_wconf 76' lang='lat' dir='ltr'><strong>qua</strong></span> <span class='ocrx_word' id='word_1_432' title='bbox 867 3222 979 3269; x_wconf 90' lang='lat' dir='ltr'><strong>vocatur</strong></span> 
     </span>
     <span class='ocr_line' id='line_1_65' title="bbox 182 3302 978 3367; baseline -0.015 1"><span class='ocrx_word' id='word_1_433' title='bbox 182 3311 308 3367; x_wconf 82' lang='lat' dir='ltr'><strong>Ferraria</strong></span> <span class='ocrx_word' id='word_1_434' title='bbox 322 3324 384 3365; x_wconf 91' lang='lat' dir='ltr'><strong>cam</strong></span> <span class='ocrx_word' id='word_1_435' title='bbox 398 3304 541 3362; x_wconf 90' lang='lat' dir='ltr'><strong>duodecim</strong></span> <span class='ocrx_word' id='word_1_436' title='bbox 556 3303 647 3357; x_wconf 85' lang='lat' dir='ltr'><strong>lundis</strong></span> <span class='ocrx_word' id='word_1_437' title='bbox 663 3302 720 3357; x_wconf 89' lang='lat' dir='ltr'><strong>suis</strong></span> <span class='ocrx_word' id='word_1_438' title='bbox 737 3317 743 3356; x_wconf 74' lang='grc' dir='ltr'><strong>ε</strong></span> <span class='ocrx_word' id='word_1_439' title='bbox 760 3302 804 3357; x_wconf 88' lang='lat' dir='ltr'><strong>cai</strong></span> <span class='ocrx_word' id='word_1_440' title='bbox 827 3302 897 3357; x_wconf 90' lang='lat' dir='ltr'><strong>alias</strong></span> <span class='ocrx_word' id='word_1_441' title='bbox 926 3319 978 3356; x_wconf 87' lang='grc' dir='ltr'>ιιι-</span> 
     </span>
     <span class='ocr_line' id='line_1_66' title="bbox 180 3389 978 3461; baseline -0.015 -4"><span class='ocrx_word' id='word_1_442' title='bbox 180 3401 268 3457; x_wconf 89' lang='lat' dir='ltr'><strong>decim</strong></span> <span class='ocrx_word' id='word_1_443' title='bbox 283 3410 390 3454; x_wconf 88' lang='lat' dir='ltr'><strong>massas</strong></span> <span class='ocrx_word' id='word_1_444' title='bbox 402 3394 523 3448; x_wconf 89' lang='lat' dir='ltr'><strong>minores</strong></span> <span class='ocrx_word' id='word_1_445' title='bbox 537 3407 598 3446; x_wconf 86' lang='lat' dir='ltr'><strong>cum</strong></span> <span class='ocrx_word' id='word_1_446' title='bbox 620 3390 694 3445; x_wconf 92' lang='lat' dir='ltr'><strong>omni</strong></span> <span class='ocrx_word' id='word_1_447' title='bbox 718 3389 870 3445; x_wconf 88' lang='lat' dir='ltr'><strong>obedientia</strong></span> <span class='ocrx_word' id='word_1_448' title='bbox 897 3397 978 3461; x_wconf 86' lang='lat' dir='ltr'><strong>atque</strong></span> 
     </span>
     <span class='ocr_line' id='line_1_67' title="bbox 181 3478 977 3555; baseline -0.014 -11"><span class='ocrx_word' id='word_1_449' title='bbox 181 3490 309 3546; x_wconf 90' lang='lat' dir='ltr'><strong>servitute</strong></span> <span class='ocrx_word' id='word_1_450' title='bbox 338 3486 526 3555; x_wconf 74' lang='lat' dir='ltr'><strong>subjugamus,</strong></span> <span class='ocrx_word' id='word_1_451' title='bbox 565 3480 592 3533; x_wconf 92' lang='lat' dir='ltr'><strong>id</strong></span> <span class='ocrx_word' id='word_1_452' title='bbox 617 3488 660 3534; x_wconf 89' lang='lat' dir='ltr'><strong>est</strong></span> <span class='ocrx_word' id='word_1_453' title='bbox 687 3494 807 3534; x_wconf 90' lang='lat' dir='ltr'><strong>massam</strong></span> <span class='ocrx_word' id='word_1_454' title='bbox 836 3487 865 3534; x_wconf 91' lang='lat' dir='ltr'><strong>et</strong></span> <span class='ocrx_word' id='word_1_455' title='bbox 892 3478 977 3550; x_wconf 86' lang='lat' dir='ltr'><strong>ripam</strong></span> 
     </span>
    </p>
   </div>
   <div class='ocr_carea' id='block_1_21' title="bbox 181 3576 977 3735">
    <p class='ocr_par' dir='ltr' id='par_1_21' title="bbox 181 3576 977 3735">
     <span class='ocr_line' id='line_1_68' title="bbox 181 3576 977 3641; baseline -0.011 -1"><span class='ocrx_word' id='word_1_456' title='bbox 181 3584 339 3641; x_wconf 90' lang='lat' dir='ltr'><strong>Palatiolum</strong></span> <span class='ocrx_word' id='word_1_457' title='bbox 353 3597 415 3636; x_wconf 89' lang='lat' dir='ltr'><strong>cam</strong></span> <span class='ocrx_word' id='word_1_458' title='bbox 430 3577 573 3633; x_wconf 90' lang='lat' dir='ltr'><strong>duodecim</strong></span> <span class='ocrx_word' id='word_1_459' title='bbox 596 3576 687 3630; x_wconf 84' lang='lat' dir='ltr'><strong>lundis</strong></span> <span class='ocrx_word' id='word_1_460' title='bbox 709 3576 775 3640; x_wconf 89' lang='lat' dir='ltr'><strong>suis,</strong></span> <span class='ocrx_word' id='word_1_461' title='bbox 805 3583 831 3630; x_wconf 92' lang='lat' dir='ltr'><strong>et</strong></span> <span class='ocrx_word' id='word_1_462' title='bbox 859 3591 977 3631; x_wconf 84' lang='lat' dir='ltr'><strong>massam</strong></span> 
     </span>
     <span class='ocr_line' id='line_1_69' title="bbox 182 3663 977 3735; baseline -0.013 -6"><span class='ocrx_word' id='word_1_463' title='bbox 182 3671 399 3729; x_wconf 77' lang='lat' dir='ltr'><strong>constanciacus</strong></span> <span class='ocrx_word' id='word_1_464' title='bbox 414 3682 477 3723; x_wconf 92' lang='lat' dir='ltr'><strong>cum</strong></span> <span class='ocrx_word' id='word_1_465' title='bbox 493 3664 637 3721; x_wconf 85' lang='lat' dir='ltr'><strong>duodecim</strong></span> <span class='ocrx_word' id='word_1_466' title='bbox 655 3664 744 3718; x_wconf 86' lang='lat' dir='ltr'><strong>landis</strong></span> <span class='ocrx_word' id='word_1_467' title='bbox 759 3663 827 3728; x_wconf 79' lang='lat' dir='ltr'><strong>sais,</strong></span> <span class='ocrx_word' id='word_1_468' title='bbox 843 3663 977 3735; x_wconf 87' lang='lat' dir='ltr'><strong>simulque</strong></span> 
     </span>
    </p>
   </div>
   <div class='ocr_carea' id='block_1_22' title="bbox 177 3761 977 4010">
    <p class='ocr_par' dir='ltr' id='par_1_22' title="bbox 177 3761 977 4010">
     <span class='ocr_line' id='line_1_70' title="bbox 179 3761 977 3836; baseline -0.014 -9"><span class='ocrx_word' id='word_1_469' title='bbox 179 3786 300 3827; x_wconf 89' lang='lat' dir='ltr'><strong>massam</strong></span> <span class='ocrx_word' id='word_1_470' title='bbox 315 3765 515 3836; x_wconf 85' lang='lat' dir='ltr'><strong>Quartisianam</strong></span> <span class='ocrx_word' id='word_1_471' title='bbox 533 3779 597 3819; x_wconf 79' lang='lat' dir='ltr'><strong>earm</strong></span> <span class='ocrx_word' id='word_1_472' title='bbox 614 3762 760 3817; x_wconf 87' lang='lat' dir='ltr'><strong>duodecim</strong></span> <span class='ocrx_word' id='word_1_473' title='bbox 776 3761 977 3828; x_wconf 85' lang='lat' dir='ltr'><strong>lundissuis,et</strong></span> 
     </span>
     <span class='ocr_line' id='line_1_71' title="bbox 177 3850 976 3927; baseline -0.013 -10"><span class='ocrx_word' id='word_1_474' title='bbox 177 3869 262 3917; x_wconf 85' lang='lat' dir='ltr'><strong>totam</strong></span> <span class='ocrx_word' id='word_1_475' title='bbox 276 3866 303 3914; x_wconf 92' lang='lat' dir='ltr'><strong>et</strong></span> <span class='ocrx_word' id='word_1_476' title='bbox 321 3855 453 3927; x_wconf 83' lang='lat' dir='ltr'><strong>integram</strong></span> <span class='ocrx_word' id='word_1_477' title='bbox 465 3867 585 3907; x_wconf 85' lang='lat' dir='ltr'><strong>massam</strong></span> <span class='ocrx_word' id='word_1_478' title='bbox 608 3852 719 3906; x_wconf 86' lang='lat' dir='ltr'><strong>Donoro</strong></span> <span class='ocrx_word' id='word_1_479' title='bbox 742 3865 802 3906; x_wconf 77' lang='lat' dir='ltr'><strong>carn</strong></span> <span class='ocrx_word' id='word_1_480' title='bbox 832 3850 976 3907; x_wconf 88' lang='lat' dir='ltr'><strong>duodecim</strong></span> 
     </span>
     <span class='ocr_line' id='line_1_72' title="bbox 178 3938 977 4010; baseline -0.013 -4"><span class='ocrx_word' id='word_1_481' title='bbox 178 3949 269 4007; x_wconf 85' lang='lat' dir='ltr'><strong>landis</strong></span> <span class='ocrx_word' id='word_1_482' title='bbox 285 3946 351 4002; x_wconf 88' lang='lat' dir='ltr'><strong>sais.</strong></span> <span class='ocrx_word' id='word_1_483' title='bbox 381 3941 514 3998; x_wconf 87' lang='lat' dir='ltr'><strong>Similiter</strong></span> <span class='ocrx_word' id='word_1_484' title='bbox 529 3956 644 3995; x_wconf 88' lang='lat' dir='ltr'><strong>massam</strong></span> <span class='ocrx_word' id='word_1_485' title='bbox 656 3938 818 4010; x_wconf 90' lang='lat' dir='ltr'><strong>Popularem</strong></span> <span class='ocrx_word' id='word_1_486' title='bbox 833 3955 893 3995; x_wconf 91' lang='lat' dir='ltr'><strong>eum</strong></span> <span class='ocrx_word' id='word_1_487' title='bbox 910 3945 977 3996; x_wconf 90' lang='lat' dir='ltr'><strong>dao-</strong></span> 
     </span>
    </p>
   </div>
   <div class='ocr_carea' id='block_1_23' title="bbox 160 4020 976 4379">
    <p class='ocr_par' dir='ltr' id='par_1_23' title="bbox 160 4020 976 4379">
     <span class='ocr_line' id='line_1_73' title="bbox 160 4020 975 4109; baseline -0.017 -1"><span class='ocrx_word' id='word_1_488' title='bbox 160 4020 265 4108; x_wconf 43' lang='lat' dir='ltr'><strong>&#39;decim</strong></span> <span class='ocrx_word' id='word_1_489' title='bbox 281 4045 372 4104; x_wconf 77' lang='lat' dir='ltr'><strong>dandis</strong></span> <span class='ocrx_word' id='word_1_490' title='bbox 385 4043 451 4109; x_wconf 90' lang='lat' dir='ltr'><strong>suis,</strong></span> <span class='ocrx_word' id='word_1_491' title='bbox 468 4055 574 4097; x_wconf 90' lang='lat' dir='ltr'><strong>necnon</strong></span> <span class='ocrx_word' id='word_1_492' title='bbox 590 4055 709 4095; x_wconf 84' lang='lat' dir='ltr'><strong>massam</strong></span> <span class='ocrx_word' id='word_1_493' title='bbox 720 4039 848 4095; x_wconf 82' lang='lat' dir='ltr'><strong>curulum</strong></span> <span class='ocrx_word' id='word_1_494' title='bbox 863 4047 889 4094; x_wconf 91' lang='lat' dir='ltr'><strong>et</strong></span> <span class='ocrx_word' id='word_1_495' title='bbox 899 4055 975 4094; x_wconf 85' lang='lat' dir='ltr'><strong>mas-</strong></span> 
     </span>
     <span class='ocr_line' id='line_1_74' title="bbox 179 4127 976 4201; baseline -0.016 -5"><span class='ocrx_word' id='word_1_496' title='bbox 179 4156 237 4196; x_wconf 89' lang='lat' dir='ltr'><strong>sam</strong></span> <span class='ocrx_word' id='word_1_497' title='bbox 254 4136 386 4194; x_wconf 81' lang='lat' dir='ltr'><strong>salestam</strong></span> <span class='ocrx_word' id='word_1_498' title='bbox 402 4147 462 4187; x_wconf 86' lang='lat' dir='ltr'><strong>cam</strong></span> <span class='ocrx_word' id='word_1_499' title='bbox 475 4129 570 4201; x_wconf 78' lang='lat' dir='ltr'><strong>viginti</strong></span> <span class='ocrx_word' id='word_1_500' title='bbox 588 4137 706 4199; x_wconf 85' lang='lat' dir='ltr'><strong>quatuor</strong></span> <span class='ocrx_word' id='word_1_501' title='bbox 734 4127 824 4181; x_wconf 87' lang='lat' dir='ltr'><strong>landis</strong></span> <span class='ocrx_word' id='word_1_502' title='bbox 852 4128 919 4195; x_wconf 89' lang='lat' dir='ltr'><strong>suis,</strong></span> <span class='ocrx_word' id='word_1_503' title='bbox 949 4135 976 4183; x_wconf 87' lang='lat' dir='ltr'><strong>et</strong></span> 
     </span>
     <span class='ocr_line' id='line_1_75' title="bbox 178 4214 975 4284; baseline -0.016 0"><span class='ocrx_word' id='word_1_504' title='bbox 178 4242 298 4284; x_wconf 86' lang='lat' dir='ltr'><strong>massam</strong></span> <span class='ocrx_word' id='word_1_505' title='bbox 313 4222 474 4283; x_wconf 87' lang='lat' dir='ltr'><strong>Senetieam,</strong></span> <span class='ocrx_word' id='word_1_506' title='bbox 503 4226 529 4274; x_wconf 91' lang='lat' dir='ltr'><strong>et</strong></span> <span class='ocrx_word' id='word_1_507' title='bbox 557 4217 732 4271; x_wconf 83' lang='lat' dir='ltr'><strong>Cassilionenr</strong></span> <span class='ocrx_word' id='word_1_508' title='bbox 762 4214 888 4271; x_wconf 87' lang='lat' dir='ltr'><strong>similiter</strong></span> <span class='ocrx_word' id='word_1_509' title='bbox 913 4233 975 4271; x_wconf 87' lang='lat' dir='ltr'><strong>cum</strong></span> 
     </span>
     <span class='ocr_line' id='line_1_76' title="bbox 177 4304 974 4379; baseline -0.014 -8"><span class='ocrx_word' id='word_1_510' title='bbox 177 4315 268 4371; x_wconf 84' lang='lat' dir='ltr'><strong>landis</strong></span> <span class='ocrx_word' id='word_1_511' title='bbox 283 4314 350 4368; x_wconf 88' lang='lat' dir='ltr'><strong>sais.</strong></span> <span class='ocrx_word' id='word_1_512' title='bbox 366 4310 421 4365; x_wconf 87' lang='lat' dir='ltr'><strong>Eas</strong></span> <span class='ocrx_word' id='word_1_513' title='bbox 436 4306 545 4379; x_wconf 90' lang='lat' dir='ltr'><strong>quidem</strong></span> <span class='ocrx_word' id='word_1_514' title='bbox 574 4304 750 4375; x_wconf 77' lang='lat' dir='ltr'><strong>prescriptae</strong></span> <span class='ocrx_word' id='word_1_515' title='bbox 777 4318 883 4359; x_wconf 88' lang='lat' dir='ltr'><strong>massas</strong></span> <span class='ocrx_word' id='word_1_516' title='bbox 911 4321 974 4360; x_wconf 89' lang='lat' dir='ltr'><strong>cata</strong></span> 
     </span>
    </p>
   </div>
   <div class='ocr_carea' id='block_1_24' title="bbox 1032 3118 1831 3460">
    <p class='ocr_par' dir='ltr' id='par_1_24' title="bbox 1032 3118 1831 3460">
     <span class='ocr_line' id='line_1_77' title="bbox 1034 3118 1831 3186; baseline 0.018 -15"><span class='ocrx_word' id='word_1_517' title='bbox 1034 3133 1131 3174; x_wconf 81' lang='lat' dir='ltr'><strong>masse</strong></span> <span class='ocrx_word' id='word_1_518' title='bbox 1145 3118 1329 3184; x_wconf 89' lang='lat' dir='ltr'><strong>concedimus,</strong></span> <span class='ocrx_word' id='word_1_519' title='bbox 1343 3127 1369 3174; x_wconf 87' lang='lat' dir='ltr'><strong>et</strong></span> <span class='ocrx_word' id='word_1_520' title='bbox 1388 3119 1500 3176; x_wconf 88' lang='lat' dir='ltr'><strong>alteram</strong></span> <span class='ocrx_word' id='word_1_521' title='bbox 1515 3123 1688 3182; x_wconf 88' lang='lat' dir='ltr'><strong>medietatem</strong></span> <span class='ocrx_word' id='word_1_522' title='bbox 1715 3128 1750 3182; x_wconf 91' lang='lat' dir='ltr'><strong>ad</strong></span> <span class='ocrx_word' id='word_1_523' title='bbox 1778 3144 1831 3186; x_wconf 91' lang='lat' dir='ltr'><strong>no·</strong></span> 
     </span>
     <span class='ocr_line' id='line_1_78' title="bbox 1033 3208 1830 3274; baseline 0.015 -13"><span class='ocrx_word' id='word_1_524' title='bbox 1033 3213 1102 3261; x_wconf 82' lang='lat' dir='ltr'><strong>atras</strong></span> <span class='ocrx_word' id='word_1_525' title='bbox 1116 3222 1212 3261; x_wconf 91' lang='lat' dir='ltr'><strong>manas</strong></span> <span class='ocrx_word' id='word_1_526' title='bbox 1228 3223 1405 3262; x_wconf 87' lang='lat' dir='ltr'><strong>reservamus.</strong></span> <span class='ocrx_word' id='word_1_527' title='bbox 1422 3208 1553 3266; x_wconf 89' lang='lat' dir='ltr'><strong>Similiter</strong></span> <span class='ocrx_word' id='word_1_528' title='bbox 1567 3213 1666 3270; x_wconf 88' lang='lat' dir='ltr'><strong>telonei</strong></span> <span class='ocrx_word' id='word_1_529' title='bbox 1694 3215 1729 3270; x_wconf 92' lang='lat' dir='ltr'><strong>de</strong></span> <span class='ocrx_word' id='word_1_530' title='bbox 1753 3233 1830 3274; x_wconf 89' lang='lat' dir='ltr'><strong>mer·</strong></span> 
     </span>
     <span class='ocr_line' id='line_1_79' title="bbox 1033 3296 1830 3375; baseline 0.014 -24"><span class='ocrx_word' id='word_1_531' title='bbox 1033 3304 1189 3351; x_wconf 88' lang='lat' dir='ltr'><strong>catoaaam</strong></span> <span class='ocrx_word' id='word_1_532' title='bbox 1214 3296 1390 3352; x_wconf 86' lang='lat' dir='ltr'><strong>medietatem</strong></span> <span class='ocrx_word' id='word_1_533' title='bbox 1418 3299 1550 3368; x_wconf 87' lang='lat' dir='ltr'><strong>praedicto</strong></span> <span class='ocrx_word' id='word_1_534' title='bbox 1579 3302 1709 3375; x_wconf 88' lang='lat' dir='ltr'><strong>episcopo</strong></span> <span class='ocrx_word' id='word_1_535' title='bbox 1732 3314 1830 3362; x_wconf 82' lang='lat' dir='ltr'><strong>nostro</strong></span> 
     </span>
     <span class='ocr_line' id='line_1_80' title="bbox 1032 3382 1831 3460; baseline 0.014 -21"><span class='ocrx_word' id='word_1_536' title='bbox 1032 3382 1229 3439; x_wconf 90' lang='lat' dir='ltr'><strong>condonamus.</strong></span> <span class='ocrx_word' id='word_1_537' title='bbox 1245 3383 1376 3439; x_wconf 91' lang='lat' dir='ltr'><strong>Placitum</strong></span> <span class='ocrx_word' id='word_1_538' title='bbox 1401 3386 1509 3457; x_wconf 90' lang='lat' dir='ltr'><strong>quidem</strong></span> <span class='ocrx_word' id='word_1_539' title='bbox 1526 3390 1671 3460; x_wconf 81' lang='lat' dir='ltr'><strong>generale,</strong></span> <span class='ocrx_word' id='word_1_540' title='bbox 1702 3392 1831 3450; x_wconf 89' lang='lat' dir='ltr'><strong>similiter</strong></span> 
     </span>
    </p>
   </div>
   <div class='ocr_carea' id='block_1_25' title="bbox 1031 3480 1829 3552">
    <p class='ocr_par' dir='ltr' id='par_1_25' title="bbox 1031 3480 1829 3552">
     <span class='ocr_line' id='line_1_81' title="bbox 1031 3480 1829 3552; baseline 0.018 -18"><span class='ocrx_word' id='word_1_541' title='bbox 1031 3480 1059 3534; x_wconf 91' lang='lat' dir='ltr'><strong>in</strong></span> <span class='ocrx_word' id='word_1_542' title='bbox 1073 3480 1193 3536; x_wconf 90' lang='lat' dir='ltr'><strong>dominio</strong></span> <span class='ocrx_word' id='word_1_543' title='bbox 1208 3489 1235 3536; x_wconf 93' lang='lat' dir='ltr'><strong>et</strong></span> <span class='ocrx_word' id='word_1_544' title='bbox 1249 3488 1383 3552; x_wconf 86' lang='lat' dir='ltr'><strong>potestate</strong></span> <span class='ocrx_word' id='word_1_545' title='bbox 1397 3492 1490 3539; x_wconf 85' lang='lat' dir='ltr'><strong>sancta</strong></span> <span class='ocrx_word' id='word_1_546' title='bbox 1506 3493 1610 3542; x_wconf 72' lang='lat' dir='ltr'><strong>nostre</strong></span> <span class='ocrx_word' id='word_1_547' title='bbox 1625 3487 1753 3545; x_wconf 77' lang='lat' dir='ltr'><strong>Romanae</strong></span> <span class='ocrx_word' id='word_1_548' title='bbox 1775 3493 1829 3549; x_wconf 85' lang='lat' dir='ltr'><strong>Ec-</strong></span> 
     </span>
    </p>
   </div>
   <div class='ocr_carea' id='block_1_26' title="bbox 1030 3577 1829 3835">
    <p class='ocr_par' dir='ltr' id='par_1_26' title="bbox 1030 3577 1829 3835">
     <span class='ocr_line' id='line_1_82' title="bbox 1031 3577 1829 3648; baseline 0.014 -15"><span class='ocrx_word' id='word_1_549' title='bbox 1031 3577 1123 3634; x_wconf 83' lang='lat' dir='ltr'><strong>clesiae</strong></span> <span class='ocrx_word' id='word_1_550' title='bbox 1137 3585 1270 3648; x_wconf 89' lang='lat' dir='ltr'><strong>tenemus,</strong></span> <span class='ocrx_word' id='word_1_551' title='bbox 1282 3586 1311 3632; x_wconf 90' lang='grc' dir='ltr'><strong>ιι</strong></span> <span class='ocrx_word' id='word_1_552' title='bbox 1324 3582 1415 3634; x_wconf 88' lang='lat' dir='ltr'><strong>tamea</strong></span> <span class='ocrx_word' id='word_1_553' title='bbox 1441 3589 1534 3636; x_wconf 91' lang='lat' dir='ltr'><strong>nostro</strong></span> <span class='ocrx_word' id='word_1_554' title='bbox 1565 3583 1657 3639; x_wconf 89' lang='lat' dir='ltr'><strong>nuntio</strong></span> <span class='ocrx_word' id='word_1_555' title='bbox 1686 3588 1771 3642; x_wconf 91' lang='lat' dir='ltr'><strong>semel</strong></span> <span class='ocrx_word' id='word_1_556' title='bbox 1801 3589 1829 3644; x_wconf 92' lang='lat' dir='ltr'><strong>ia</strong></span> 
     </span>
     <span class='ocr_line' id='line_1_83' title="bbox 1030 3666 1828 3743; baseline 0.014 -22"><span class='ocrx_word' id='word_1_557' title='bbox 1030 3681 1102 3721; x_wconf 91' lang='lat' dir='ltr'><strong>anuo</strong></span> <span class='ocrx_word' id='word_1_558' title='bbox 1117 3666 1233 3722; x_wconf 82' lang='lat' dir='ltr'><strong>iaciente</strong></span> <span class='ocrx_word' id='word_1_559' title='bbox 1247 3666 1371 3735; x_wconf 89' lang='lat' dir='ltr'><strong>jutitiam,</strong></span> <span class='ocrx_word' id='word_1_560' title='bbox 1394 3668 1427 3722; x_wconf 92' lang='lat' dir='ltr'><strong>ab</strong></span> <span class='ocrx_word' id='word_1_561' title='bbox 1455 3670 1583 3726; x_wconf 87' lang='lat' dir='ltr'><strong>omnibns</strong></span> <span class='ocrx_word' id='word_1_562' title='bbox 1612 3688 1662 3743; x_wconf 92' lang='lat' dir='ltr'><strong>per</strong></span> <span class='ocrx_word' id='word_1_563' title='bbox 1686 3682 1741 3732; x_wconf 90' lang='lat' dir='ltr'><strong>tres</strong></span> <span class='ocrx_word' id='word_1_564' title='bbox 1769 3677 1828 3734; x_wconf 86' lang='lat' dir='ltr'><strong>dics</strong></span> 
     </span>
     <span class='ocr_line' id='line_1_84' title="bbox 1030 3754 1827 3835; baseline 0.013 -24"><span class='ocrx_word' id='word_1_565' title='bbox 1030 3755 1199 3811; x_wconf 90' lang='lat' dir='ltr'><strong>custodiatur</strong></span> <span class='ocrx_word' id='word_1_566' title='bbox 1215 3769 1221 3823; x_wconf 92' lang='lat'>;</span> <span class='ocrx_word' id='word_1_567' title='bbox 1238 3754 1378 3812; x_wconf 80' lang='lat' dir='ltr'><strong>collectam</strong></span> <span class='ocrx_word' id='word_1_568' title='bbox 1390 3774 1455 3814; x_wconf 91' lang='lat' dir='ltr'><strong>vero</strong></span> <span class='ocrx_word' id='word_1_569' title='bbox 1466 3759 1509 3813; x_wconf 88' lang='lat' dir='ltr'><strong>vel</strong></span> <span class='ocrx_word' id='word_1_570' title='bbox 1524 3759 1641 3830; x_wconf 85' lang='lat' dir='ltr'><strong>ladrum,</strong></span> <span class='ocrx_word' id='word_1_571' title='bbox 1653 3771 1698 3818; x_wconf 86' lang='lat' dir='ltr'><strong>ant</strong></span> <span class='ocrx_word' id='word_1_572' title='bbox 1713 3780 1827 3835; x_wconf 88' lang='lat' dir='ltr'><strong>pravam</strong></span> 
     </span>
    </p>
   </div>
   <div class='ocr_carea' id='block_1_27' title="bbox 1028 3853 1829 4286">
    <p class='ocr_par' dir='ltr' id='par_1_27' title="bbox 1028 3853 1829 4286">
     <span class='ocr_line' id='line_1_85' title="bbox 1030 3853 1829 3928; baseline 0.013 -17"><span class='ocrx_word' id='word_1_573' title='bbox 1030 3855 1073 3911; x_wconf 86' lang='lat' dir='ltr'><strong>vel</strong></span> <span class='ocrx_word' id='word_1_574' title='bbox 1097 3853 1225 3923; x_wconf 86' lang='lat' dir='ltr'><strong>injustam</strong></span> <span class='ocrx_word' id='word_1_575' title='bbox 1251 3853 1426 3922; x_wconf 85' lang='lat' dir='ltr'><strong>lunationem,</strong></span> <span class='ocrx_word' id='word_1_576' title='bbox 1452 3865 1499 3912; x_wconf 91' lang='grc' dir='ltr'><strong>ιιι</strong></span> <span class='ocrx_word' id='word_1_577' title='bbox 1522 3857 1667 3928; x_wconf 88' lang='lat' dir='ltr'><strong>dationem,</strong></span> <span class='ocrx_word' id='word_1_578' title='bbox 1690 3878 1737 3918; x_wconf 90' lang='lat' dir='ltr'><strong>seu</strong></span> <span class='ocrx_word' id='word_1_579' title='bbox 1766 3880 1829 3921; x_wconf 91' lang='lat' dir='ltr'><strong>con·</strong></span> 
     </span>
     <span class='ocr_line' id='line_1_86' title="bbox 1029 3941 1826 4025; baseline 0.013 -26"><span class='ocrx_word' id='word_1_580' title='bbox 1029 3941 1198 3999; x_wconf 89' lang='lat' dir='ltr'><strong>suetudinem</strong></span> <span class='ocrx_word' id='word_1_581' title='bbox 1221 3959 1390 4016; x_wconf 88' lang='lat' dir='ltr'><strong>nequaquam</strong></span> <span class='ocrx_word' id='word_1_582' title='bbox 1417 3947 1564 4018; x_wconf 80' lang='lat' dir='ltr'><strong>exigimus,</strong></span> <span class='ocrx_word' id='word_1_583' title='bbox 1593 3950 1642 4005; x_wconf 91' lang='lat' dir='ltr'><strong>sed</strong></span> <span class='ocrx_word' id='word_1_584' title='bbox 1666 3952 1759 4009; x_wconf 89' lang='lat' dir='ltr'><strong>ornuia</strong></span> <span class='ocrx_word' id='word_1_585' title='bbox 1777 3969 1826 4025; x_wconf 92' lang='lat' dir='ltr'><strong>pro</strong></span> 
     </span>
     <span class='ocr_line' id='line_1_87' title="bbox 1028 4030 1826 4105; baseline 0.016 -19"><span class='ocrx_word' id='word_1_586' title='bbox 1028 4030 1079 4086; x_wconf 90' lang='lat' dir='ltr'><strong>Dei</strong></span> <span class='ocrx_word' id='word_1_587' title='bbox 1095 4030 1193 4086; x_wconf 90' lang='lat' dir='ltr'><strong>timore</strong></span> <span class='ocrx_word' id='word_1_588' title='bbox 1216 4035 1300 4102; x_wconf 87' lang='lat' dir='ltr'><strong>alque</strong></span> <span class='ocrx_word' id='word_1_589' title='bbox 1320 4047 1414 4089; x_wconf 83' lang='lat' dir='ltr'><strong>aurore</strong></span> <span class='ocrx_word' id='word_1_590' title='bbox 1435 4036 1573 4105; x_wconf 71' lang='lat' dir='ltr'><strong>predicta</strong></span> <span class='ocrx_word' id='word_1_591' title='bbox 1597 4048 1697 4095; x_wconf 80' lang='lat' dir='ltr'><strong>nostrae</strong></span> <span class='ocrx_word' id='word_1_592' title='bbox 1726 4050 1826 4099; x_wconf 80' lang='lat' dir='ltr'><strong>sanctae</strong></span> 
     </span>
     <span class='ocr_line' id='line_1_88' title="bbox 1029 4118 1826 4203; baseline 0.014 -28"><span class='ocrx_word' id='word_1_593' title='bbox 1029 4119 1159 4175; x_wconf 80' lang='lat' dir='ltr'><strong>Ecclesia</strong></span> <span class='ocrx_word' id='word_1_594' title='bbox 1174 4118 1249 4174; x_wconf 85' lang='lat' dir='ltr'><strong>Beati</strong></span> <span class='ocrx_word' id='word_1_595' title='bbox 1263 4120 1376 4194; x_wconf 78' lang='lat' dir='ltr'><strong>Georgii</strong></span> <span class='ocrx_word' id='word_1_596' title='bbox 1392 4123 1518 4179; x_wconf 84' lang='lat' dir='ltr'><strong>omnibus</strong></span> <span class='ocrx_word' id='word_1_597' title='bbox 1532 4125 1727 4184; x_wconf 82' lang='lat' dir='ltr'><strong>habitatoribus</strong></span> <span class='ocrx_word' id='word_1_598' title='bbox 1741 4130 1826 4203; x_wconf 88' lang='lat' dir='ltr'><strong>ipsias</strong></span> 
     </span>
     <span class='ocr_line' id='line_1_89' title="bbox 1028 4208 1825 4286; baseline 0.015 -23"><span class='ocrx_word' id='word_1_599' title='bbox 1028 4224 1124 4265; x_wconf 71' lang='lat' dir='ltr'><strong>massae</strong></span> <span class='ocrx_word' id='word_1_600' title='bbox 1138 4208 1248 4278; x_wconf 89' lang='lat' dir='ltr'><strong>majoris</strong></span> <span class='ocrx_word' id='word_1_601' title='bbox 1271 4211 1462 4281; x_wconf 69' lang='lat' dir='ltr'><strong>pepercimus,</strong></span> <span class='ocrx_word' id='word_1_602' title='bbox 1482 4213 1602 4286; x_wconf 86' lang='lat' dir='ltr'><strong>aliasque</strong></span> <span class='ocrx_word' id='word_1_603' title='bbox 1618 4216 1740 4273; x_wconf 89' lang='lat' dir='ltr'><strong>minores</strong></span> <span class='ocrx_word' id='word_1_604' title='bbox 1755 4234 1825 4274; x_wconf 88' lang='lat' dir='ltr'><strong>mas·</strong></span> 
     </span>
    </p>
   </div>
   <div class='ocr_carea' id='block_1_28' title="bbox 1028 4305 1825 4376">
    <p class='ocr_par' dir='ltr' id='par_1_28' title="bbox 1028 4305 1825 4376">
     <span class='ocr_line' id='line_1_90' title="bbox 1028 4305 1825 4376; baseline 0.011 -14"><span class='ocrx_word' id='word_1_605' title='bbox 1028 4322 1073 4362; x_wconf 86' lang='lat' dir='ltr'><strong>aas</strong></span> <span class='ocrx_word' id='word_1_606' title='bbox 1087 4306 1122 4372; x_wconf 91' lang='lat' dir='ltr'><strong>ei,</strong></span> <span class='ocrx_word' id='word_1_607' title='bbox 1141 4305 1212 4362; x_wconf 89' lang='lat' dir='ltr'><strong>sicat</strong></span> <span class='ocrx_word' id='word_1_608' title='bbox 1232 4322 1314 4376; x_wconf 91' lang='lat' dir='ltr'><strong>supra</strong></span> <span class='ocrx_word' id='word_1_609' title='bbox 1333 4308 1435 4364; x_wconf 88' lang='lat' dir='ltr'><strong>dictum</strong></span> <span class='ocrx_word' id='word_1_610' title='bbox 1458 4320 1510 4376; x_wconf 90' lang='lat' dir='ltr'><strong>est,</strong></span> <span class='ocrx_word' id='word_1_611' title='bbox 1531 4327 1592 4367; x_wconf 90' lang='lat' dir='ltr'><strong>cam</strong></span> <span class='ocrx_word' id='word_1_612' title='bbox 1612 4315 1740 4370; x_wconf 88' lang='lat' dir='ltr'><strong>omuibus</strong></span> <span class='ocrx_word' id='word_1_613' title='bbox 1767 4317 1825 4371; x_wconf 91' lang='lat' dir='ltr'><strong>suis</strong></span> 
     </span>
    </p>
   </div>
   <div class='ocr_carea' id='block_1_29' title="bbox 177 4381 1824 4482">
    <p class='ocr_par' dir='ltr' id='par_1_29' title="bbox 177 4381 1824 4482">
     <span class='ocr_line' id='line_1_91' title="bbox 177 4381 1824 4482; baseline 0 -5"><span class='ocrx_word' id='word_1_614' title='bbox 177 4421 303 4478; x_wconf 88' lang='lat' dir='ltr'><strong>omnibus</strong></span> <span class='ocrx_word' id='word_1_615' title='bbox 319 4417 352 4473; x_wconf 90' lang='lat' dir='ltr'><strong>ad</strong></span> <span class='ocrx_word' id='word_1_616' title='bbox 368 4430 461 4471; x_wconf 88' lang='lat' dir='ltr'><strong>earum</strong></span> <span class='ocrx_word' id='word_1_617' title='bbox 474 4413 537 4482; x_wconf 87' lang='lat' dir='ltr'><strong>jara</strong></span> <span class='ocrx_word' id='word_1_618' title='bbox 556 4411 763 4482; x_wconf 90' lang='lat' dir='ltr'><strong>pertinentibus,</strong></span> <span class='ocrx_word' id='word_1_619' title='bbox 789 4410 824 4466; x_wconf 92' lang='lat' dir='ltr'><strong>de</strong></span> <span class='ocrx_word' id='word_1_620' title='bbox 851 4411 973 4468; x_wconf 89' lang='lat' dir='ltr'><strong>dominio</strong></span> <span class='ocrx_word' id='word_1_621' title='bbox 988 4381 1014 4455; x_wconf 77' lang='lat' dir='ltr'>D</span> <span class='ocrx_word' id='word_1_622' title='bbox 1029 4393 1206 4450; x_wconf 68' lang='lat' dir='ltr'><strong>⁸0¹Vl²l¹llb⁰⁸</strong></span> <span class='ocrx_word' id='word_1_623' title='bbox 1228 4394 1419 4469; x_wconf 62' lang='lat' dir='ltr'><strong>subjugamus·</strong></span> <span class='ocrx_word' id='word_1_624' title='bbox 1437 4397 1464 4454; x_wconf 73' lang='lat' dir='ltr'><strong>Sl</strong></span> <span class='ocrx_word' id='word_1_625' title='bbox 1480 4414 1534 4471; x_wconf 62' lang='lat'>‘11¹³</span> <span class='ocrx_word' id='word_1_626' title='bbox 1549 4416 1614 4456; x_wconf 72' lang='lat'><strong>⁵⁸⁰⁸</strong></span> <span class='ocrx_word' id='word_1_627' title='bbox 1638 4403 1824 4460; x_wconf 72' lang='lat' dir='ltr'><strong>⁰0⁰¹⁰⁸l⁰⁸¹l⁰⁸</strong></span> 
     </span>
    </p>
   </div>
   <div class='ocr_carea' id='block_1_30' title="bbox 177 4500 973 4580">
    <p class='ocr_par' dir='ltr' id='par_1_30' title="bbox 177 4500 973 4580">
     <span class='ocr_line' id='line_1_92' title="bbox 177 4500 973 4580; baseline -0.01 -15"><span class='ocrx_word' id='word_1_628' title='bbox 177 4509 277 4580; x_wconf 86' lang='lat' dir='ltr'><strong>eljure</strong></span> <span class='ocrx_word' id='word_1_629' title='bbox 287 4515 368 4577; x_wconf 87' lang='lat' dir='ltr'><strong>atque</strong></span> <span class='ocrx_word' id='word_1_630' title='bbox 383 4508 516 4575; x_wconf 88' lang='lat' dir='ltr'><strong>potestate</strong></span> <span class='ocrx_word' id='word_1_631' title='bbox 531 4500 610 4569; x_wconf 82' lang='lat' dir='ltr'><strong>hujus</strong></span> <span class='ocrx_word' id='word_1_632' title='bbox 624 4508 724 4555; x_wconf 82' lang='lat' dir='ltr'><strong>sanctae</strong></span> <span class='ocrx_word' id='word_1_633' title='bbox 738 4500 869 4555; x_wconf 81' lang='lat' dir='ltr'><strong>llomanae</strong></span> <span class='ocrx_word' id='word_1_634' title='bbox 887 4500 973 4557; x_wconf 91' lang='lat' dir='ltr'><strong>eccle·</strong></span> 
     </span>
    </p>
   </div>
   <div class='ocr_carea' id='block_1_31' title="bbox 176 4605 973 4860">
    <p class='ocr_par' dir='ltr' id='par_1_31' title="bbox 176 4605 973 4860">
     <span class='ocr_line' id='line_1_93' title="bbox 177 4605 973 4677; baseline -0.011 -4"><span class='ocrx_word' id='word_1_635' title='bbox 177 4618 226 4673; x_wconf 74' lang='lat' dir='ltr'><strong>siae</strong></span> <span class='ocrx_word' id='word_1_636' title='bbox 240 4616 268 4670; x_wconf 95' lang='lat' dir='ltr'><strong>ia</strong></span> <span class='ocrx_word' id='word_1_637' title='bbox 280 4620 401 4669; x_wconf 91' lang='lat' dir='ltr'><strong>sanctam</strong></span> <span class='ocrx_word' id='word_1_638' title='bbox 417 4606 619 4664; x_wconf 87' lang='lat' dir='ltr'><strong>Ferrarieasem</strong></span> <span class='ocrx_word' id='word_1_639' title='bbox 639 4605 798 4673; x_wconf 88' lang='lat' dir='ltr'><strong>Ecclesiam,</strong></span> <span class='ocrx_word' id='word_1_640' title='bbox 828 4622 877 4677; x_wconf 83' lang='lat' dir='ltr'><strong>per</strong></span> <span class='ocrx_word' id='word_1_641' title='bbox 904 4607 973 4665; x_wconf 89' lang='lat' dir='ltr'><strong>hanc</strong></span> 
     </span>
     <span class='ocr_line' id='line_1_94' title="bbox 178 4695 972 4768; baseline -0.015 -5"><span class='ocrx_word' id='word_1_642' title='bbox 178 4702 330 4763; x_wconf 91' lang='lat' dir='ltr'><strong>donationis</strong></span> <span class='ocrx_word' id='word_1_643' title='bbox 345 4708 371 4757; x_wconf 90' lang='lat' dir='ltr'><strong>et</strong></span> <span class='ocrx_word' id='word_1_644' title='bbox 387 4695 539 4754; x_wconf 90' lang='lat' dir='ltr'><strong>traditionis</strong></span> <span class='ocrx_word' id='word_1_645' title='bbox 548 4696 675 4768; x_wconf 76' lang='lat' dir='ltr'><strong>paginam</strong></span> <span class='ocrx_word' id='word_1_646' title='bbox 689 4696 835 4762; x_wconf 90' lang='lat' dir='ltr'><strong>donamus,</strong></span> <span class='ocrx_word' id='word_1_647' title='bbox 859 4704 886 4752; x_wconf 92' lang='lat' dir='ltr'><strong>et</strong></span> <span class='ocrx_word' id='word_1_648' title='bbox 915 4705 972 4752; x_wconf 87' lang='lat' dir='ltr'><strong>tra-</strong></span> 
     </span>
     <span class='ocr_line' id='line_1_95' title="bbox 176 4784 971 4860; baseline -0.013 -10"><span class='ocrx_word' id='word_1_649' title='bbox 176 4796 276 4860; x_wconf 90' lang='lat' dir='ltr'><strong>dimus,</strong></span> <span class='ocrx_word' id='word_1_650' title='bbox 291 4799 320 4848; x_wconf 92' lang='lat' dir='ltr'><strong>at</strong></span> <span class='ocrx_word' id='word_1_651' title='bbox 334 4790 368 4845; x_wconf 88' lang='lat' dir='ltr'><strong>ab</strong></span> <span class='ocrx_word' id='word_1_652' title='bbox 383 4789 435 4844; x_wconf 91' lang='lat' dir='ltr'><strong>hac</strong></span> <span class='ocrx_word' id='word_1_653' title='bbox 450 4787 518 4841; x_wconf 85' lang='lat' dir='ltr'><strong>bora</strong></span> <span class='ocrx_word' id='word_1_654' title='bbox 529 4786 556 4839; x_wconf 89' lang='lat' dir='ltr'><strong>in</strong></span> <span class='ocrx_word' id='word_1_655' title='bbox 573 4792 653 4840; x_wconf 89' lang='lat' dir='ltr'><strong>antea</strong></span> <span class='ocrx_word' id='word_1_656' title='bbox 669 4784 749 4840; x_wconf 89' lang='lat' dir='ltr'><strong>liceat</strong></span> <span class='ocrx_word' id='word_1_657' title='bbox 763 4791 817 4838; x_wconf 89' lang='lat' dir='ltr'><strong>tarn</strong></span> <span class='ocrx_word' id='word_1_658' title='bbox 833 4785 891 4852; x_wconf 90' lang='lat' dir='ltr'><strong>tibi,</strong></span> <span class='ocrx_word' id='word_1_659' title='bbox 903 4788 971 4842; x_wconf 89' lang='lat' dir='ltr'><strong>cha·</strong></span> 
     </span>
    </p>
   </div>
   <div class='ocr_carea' id='block_1_32' title="bbox 173 4881 973 5680">
    <p class='ocr_par' dir='ltr' id='par_1_32' title="bbox 173 4881 973 5680">
     <span class='ocr_line' id='line_1_96' title="bbox 175 4881 973 4958; baseline -0.011 -10"><span class='ocrx_word' id='word_1_660' title='bbox 175 4892 283 4949; x_wconf 90' lang='lat' dir='ltr'><strong>rissime</strong></span> <span class='ocrx_word' id='word_1_661' title='bbox 298 4889 382 4945; x_wconf 79' lang='lat' dir='ltr'><strong>irater</strong></span> <span class='ocrx_word' id='word_1_662' title='bbox 397 4884 510 4958; x_wconf 85' lang='lat' dir='ltr'><strong>Gryplto</strong></span> <span class='ocrx_word' id='word_1_663' title='bbox 526 4881 752 4954; x_wconf 89' lang='lat' dir='ltr'><strong>episcope,quam</strong></span> <span class='ocrx_word' id='word_1_664' title='bbox 766 4884 973 4940; x_wconf 89' lang='lat' dir='ltr'><strong>successoribus</strong></span> 
     </span>
     <span class='ocr_line' id='line_1_97' title="bbox 178 4970 972 5049; baseline -0.01 -13"><span class='ocrx_word' id='word_1_665' title='bbox 178 4981 239 5045; x_wconf 88' lang='lat' dir='ltr'><strong>tais,</strong></span> <span class='ocrx_word' id='word_1_666' title='bbox 269 4980 296 5033; x_wconf 91' lang='lat' dir='ltr'><strong>in</strong></span> <span class='ocrx_word' id='word_1_667' title='bbox 323 4974 440 5049; x_wconf 76' lang='lat' dir='ltr'><strong>singulis</strong></span> <span class='ocrx_word' id='word_1_668' title='bbox 468 4972 568 5027; x_wconf 90' lang='lat' dir='ltr'><strong>massis</strong></span> <span class='ocrx_word' id='word_1_669' title='bbox 596 4970 729 5026; x_wconf 86' lang='lat' dir='ltr'><strong>ecclesias</strong></span> <span class='ocrx_word' id='word_1_670' title='bbox 759 4986 821 5024; x_wconf 91' lang='lat' dir='ltr'><strong>curn</strong></span> <span class='ocrx_word' id='word_1_671' title='bbox 854 4971 972 5037; x_wconf 89' lang='lat' dir='ltr'><strong>clericis,</strong></span> 
     </span>
     <span class='ocr_line' id='line_1_98' title="bbox 177 5058 973 5135; baseline -0.006 -12"><span class='ocrx_word' id='word_1_672' title='bbox 177 5066 298 5123; x_wconf 87' lang='lat' dir='ltr'><strong>diaconis</strong></span> <span class='ocrx_word' id='word_1_673' title='bbox 313 5073 339 5120; x_wconf 88' lang='lat' dir='ltr'><strong>et</strong></span> <span class='ocrx_word' id='word_1_674' title='bbox 353 5060 522 5135; x_wconf 87' lang='lat' dir='ltr'><strong>presbyteris</strong></span> <span class='ocrx_word' id='word_1_675' title='bbox 536 5058 664 5115; x_wconf 89' lang='lat' dir='ltr'><strong>ordinare</strong></span> <span class='ocrx_word' id='word_1_676' title='bbox 679 5067 705 5113; x_wconf 88' lang='lat' dir='ltr'><strong>et</strong></span> <span class='ocrx_word' id='word_1_677' title='bbox 720 5073 893 5116; x_wconf 88' lang='lat' dir='ltr'><strong>consecrare.</strong></span> <span class='ocrx_word' id='word_1_678' title='bbox 904 5060 973 5118; x_wconf 92' lang='lat' dir='ltr'><strong>lllad</strong></span> 
     </span>
     <span class='ocr_line' id='line_1_99' title="bbox 177 5148 973 5213; baseline -0.009 0"><span class='ocrx_word' id='word_1_679' title='bbox 177 5154 340 5213; x_wconf 84' lang='lat' dir='ltr'><strong>omnimodis</strong></span> <span class='ocrx_word' id='word_1_680' title='bbox 354 5151 516 5213; x_wconf 84' lang='lat' dir='ltr'><strong>sancientes,</strong></span> <span class='ocrx_word' id='word_1_681' title='bbox 533 5157 561 5202; x_wconf 91' lang='grc' dir='ltr'><strong>ιι</strong></span> <span class='ocrx_word' id='word_1_682' title='bbox 575 5148 757 5203; x_wconf 77' lang='lat' dir='ltr'><strong>Farrariensis</strong></span> <span class='ocrx_word' id='word_1_683' title='bbox 780 5149 898 5205; x_wconf 86' lang='lat' dir='ltr'><strong>ecclesia</strong></span> <span class='ocrx_word' id='word_1_684' title='bbox 912 5167 973 5206; x_wconf 92' lang='lat' dir='ltr'><strong>cam</strong></span> 
     </span>
     <span class='ocr_line' id='line_1_100' title="bbox 176 5236 972 5315; baseline -0.006 -14"><span class='ocrx_word' id='word_1_685' title='bbox 176 5251 232 5301; x_wconf 85' lang='lat' dir='ltr'><strong>tota</strong></span> <span class='ocrx_word' id='word_1_686' title='bbox 246 5240 376 5315; x_wconf 87' lang='lat' dir='ltr'><strong>parochia</strong></span> <span class='ocrx_word' id='word_1_687' title='bbox 391 5238 477 5294; x_wconf 88' lang='lat' dir='ltr'><strong>suain</strong></span> <span class='ocrx_word' id='word_1_688' title='bbox 502 5238 566 5306; x_wconf 83' lang='lat' dir='ltr'><strong>jure</strong></span> <span class='ocrx_word' id='word_1_689' title='bbox 585 5243 612 5292; x_wconf 89' lang='lat' dir='ltr'><strong>et</strong></span> <span class='ocrx_word' id='word_1_690' title='bbox 638 5236 759 5292; x_wconf 92' lang='lat' dir='ltr'><strong>dominio</strong></span> <span class='ocrx_word' id='word_1_691' title='bbox 774 5253 805 5292; x_wconf 92' lang='lat' dir='ltr'><strong>ac</strong></span> <span class='ocrx_word' id='word_1_692' title='bbox 830 5238 972 5313; x_wconf 78' lang='lat' dir='ltr'><strong>privilegio</strong></span> 
     </span>
     <span class='ocr_line' id='line_1_101' title="bbox 175 5331 972 5405; baseline -0.005 -9"><span class='ocrx_word' id='word_1_693' title='bbox 175 5348 270 5396; x_wconf 89' lang='lat' dir='ltr'><strong>nostro</strong></span> <span class='ocrx_word' id='word_1_694' title='bbox 283 5344 385 5393; x_wconf 86' lang='lat' dir='ltr'><strong>esactae</strong></span> <span class='ocrx_word' id='word_1_695' title='bbox 401 5334 513 5389; x_wconf 78' lang='lat' dir='ltr'><strong>Romnae</strong></span> <span class='ocrx_word' id='word_1_696' title='bbox 531 5331 662 5388; x_wconf 76' lang='lat' dir='ltr'><strong>Ecclesiae</strong></span> <span class='ocrx_word' id='word_1_697' title='bbox 688 5332 761 5388; x_wconf 86' lang='lat' dir='ltr'><strong>beati</strong></span> <span class='ocrx_word' id='word_1_698' title='bbox 784 5333 866 5404; x_wconf 85' lang='lat' dir='ltr'><strong>Petri,</strong></span> <span class='ocrx_word' id='word_1_699' title='bbox 895 5337 972 5405; x_wconf 89' lang='lat' dir='ltr'><strong>cajus</strong></span> 
     </span>
     <span class='ocr_line' id='line_1_102' title="bbox 175 5423 972 5499; baseline -0.006 -13"><span class='ocrx_word' id='word_1_700' title='bbox 175 5438 218 5487; x_wconf 90' lang='lat' dir='ltr'><strong>est</strong></span> <span class='ocrx_word' id='word_1_701' title='bbox 232 5424 423 5499; x_wconf 87' lang='lat' dir='ltr'><strong>patrimonium</strong></span> <span class='ocrx_word' id='word_1_702' title='bbox 434 5429 568 5493; x_wconf 89' lang='lat' dir='ltr'><strong>perpetuo</strong></span> <span class='ocrx_word' id='word_1_703' title='bbox 580 5429 765 5489; x_wconf 87' lang='lat' dir='ltr'><strong>conservetur,</strong></span> <span class='ocrx_word' id='word_1_704' title='bbox 780 5430 806 5478; x_wconf 87' lang='lat' dir='ltr'><strong>et</strong></span> <span class='ocrx_word' id='word_1_705' title='bbox 818 5423 854 5479; x_wconf 90' lang='lat' dir='ltr'><strong>sit</strong></span> <span class='ocrx_word' id='word_1_706' title='bbox 863 5441 972 5497; x_wconf 84' lang='lat' dir='ltr'><strong>semper</strong></span> 
     </span>
     <span class='ocr_line' id='line_1_103' title="bbox 175 5509 968 5583; baseline -0.004 -9"><span class='ocrx_word' id='word_1_707' title='bbox 175 5518 227 5574; x_wconf 88' lang='lat' dir='ltr'><strong>sub</strong></span> <span class='ocrx_word' id='word_1_708' title='bbox 239 5523 335 5572; x_wconf 87' lang='lat' dir='ltr'><strong>nostra</strong></span> <span class='ocrx_word' id='word_1_709' title='bbox 348 5512 459 5578; x_wconf 89' lang='lat' dir='ltr'><strong>ditione,</strong></span> <span class='ocrx_word' id='word_1_710' title='bbox 477 5509 647 5567; x_wconf 87' lang='lat' dir='ltr'><strong>ordinatione</strong></span> <span class='ocrx_word' id='word_1_711' title='bbox 657 5518 738 5583; x_wconf 88' lang='lat' dir='ltr'><strong>atque</strong></span> <span class='ocrx_word' id='word_1_712' title='bbox 751 5514 968 5581; x_wconf 84' lang='lat' dir='ltr'><strong>consecratione,</strong></span> 
     </span>
     <span class='ocr_line' id='line_1_104' title="bbox 173 5597 970 5680; baseline -0.008 -16"><span class='ocrx_word' id='word_1_713' title='bbox 173 5606 372 5680; x_wconf 80' lang='lat' dir='ltr'><strong>etquicunque</strong></span> <span class='ocrx_word' id='word_1_714' title='bbox 386 5615 436 5674; x_wconf 87' lang='lat' dir='ltr'><strong>per</strong></span> <span class='ocrx_word' id='word_1_715' title='bbox 448 5613 500 5656; x_wconf 86' lang='lat' dir='ltr'><strong>nos</strong></span> <span class='ocrx_word' id='word_1_716' title='bbox 512 5597 570 5655; x_wconf 87' lang='lat' dir='ltr'><strong>illic</strong></span> <span class='ocrx_word' id='word_1_717' title='bbox 582 5599 696 5668; x_wconf 88' lang='lat' dir='ltr'><strong>electas,</strong></span> <span class='ocrx_word' id='word_1_718' title='bbox 712 5599 853 5658; x_wconf 82' lang='lat' dir='ltr'><strong>ordinatas</strong></span> <span class='ocrx_word' id='word_1_719' title='bbox 863 5609 890 5658; x_wconf 85' lang='lat' dir='ltr'><strong>et</strong></span> <span class='ocrx_word' id='word_1_720' title='bbox 906 5618 970 5660; x_wconf 88' lang='lat' dir='ltr'><strong>con·</strong></span> 
     </span>
    </p>
   </div>
   <div class='ocr_carea' id='block_1_33' title="bbox 1027 4488 1824 4666">
    <p class='ocr_par' dir='ltr' id='par_1_33' title="bbox 1027 4488 1824 4666">
     <span class='ocr_line' id='line_1_105' title="bbox 1027 4488 1824 4572; baseline 0.013 -26"><span class='ocrx_word' id='word_1_721' title='bbox 1027 4488 1200 4547; x_wconf 77' lang='lat' dir='ltr'><strong>secularisve</strong></span> <span class='ocrx_word' id='word_1_722' title='bbox 1216 4506 1345 4563; x_wconf 90' lang='lat' dir='ltr'><strong>persona,</strong></span> <span class='ocrx_word' id='word_1_723' title='bbox 1359 4494 1429 4550; x_wconf 89' lang='lat' dir='ltr'><strong>hanc</strong></span> <span class='ocrx_word' id='word_1_724' title='bbox 1443 4503 1547 4552; x_wconf 83' lang='lat' dir='ltr'><strong>nostrae</strong></span> <span class='ocrx_word' id='word_1_725' title='bbox 1559 4498 1760 4555; x_wconf 89' lang='lat' dir='ltr'><strong>constitutionis</strong></span> <span class='ocrx_word' id='word_1_726' title='bbox 1775 4515 1824 4572; x_wconf 92' lang='lat' dir='ltr'><strong>pa·</strong></span> 
     </span>
     <span class='ocr_line' id='line_1_106' title="bbox 1027 4590 1821 4666; baseline 0.011 -21"><span class='ocrx_word' id='word_1_727' title='bbox 1027 4591 1117 4665; x_wconf 68' lang='lat' dir='ltr'><strong>pinam</strong></span> <span class='ocrx_word' id='word_1_728' title='bbox 1133 4590 1235 4656; x_wconf 89' lang='lat' dir='ltr'><strong>scieas,</strong></span> <span class='ocrx_word' id='word_1_729' title='bbox 1246 4598 1343 4648; x_wconf 87' lang='lat' dir='ltr'><strong>contra</strong></span> <span class='ocrx_word' id='word_1_730' title='bbox 1358 4609 1419 4650; x_wconf 83' lang='lat' dir='ltr'><strong>eam</strong></span> <span class='ocrx_word' id='word_1_731' title='bbox 1433 4603 1534 4651; x_wconf 88' lang='lat' dir='ltr'><strong>temere</strong></span> <span class='ocrx_word' id='word_1_732' title='bbox 1551 4596 1645 4653; x_wconf 86' lang='lat' dir='ltr'><strong>venire</strong></span> <span class='ocrx_word' id='word_1_733' title='bbox 1664 4599 1821 4666; x_wconf 87' lang='lat' dir='ltr'><strong>tentaverit,</strong></span> 
     </span>
    </p>
   </div>
   <div class='ocr_carea' id='block_1_34' title="bbox 1027 4692 1822 4859">
    <p class='ocr_par' dir='ltr' id='par_1_34' title="bbox 1027 4692 1822 4859">
     <span class='ocr_line' id='line_1_107' title="bbox 1027 4692 1822 4773; baseline 0.011 -25"><span class='ocrx_word' id='word_1_734' title='bbox 1027 4700 1054 4753; x_wconf 86' lang='lat' dir='ltr'><strong>et</strong></span> <span class='ocrx_word' id='word_1_735' title='bbox 1068 4699 1112 4748; x_wconf 93' lang='grc' dir='ltr'><strong>ιιι</strong></span> <span class='ocrx_word' id='word_1_736' title='bbox 1122 4692 1328 4759; x_wconf 85' lang='lat' dir='ltr'><strong>Ferrariensem</strong></span> <span class='ocrx_word' id='word_1_737' title='bbox 1343 4696 1494 4753; x_wconf 87' lang='lat' dir='ltr'><strong>Ecclesiam</strong></span> <span class='ocrx_word' id='word_1_738' title='bbox 1508 4697 1560 4764; x_wconf 90' lang='lat' dir='ltr'><strong>his,</strong></span> <span class='ocrx_word' id='word_1_739' title='bbox 1577 4715 1638 4771; x_wconf 79' lang='lat' dir='ltr'><strong>qam</strong></span> <span class='ocrx_word' id='word_1_740' title='bbox 1653 4702 1822 4773; x_wconf 89' lang='lat' dir='ltr'><strong>supradicta</strong></span> 
     </span>
     <span class='ocr_line' id='line_1_108' title="bbox 1027 4781 1822 4859; baseline 0.009 -20"><span class='ocrx_word' id='word_1_741' title='bbox 1027 4788 1089 4839; x_wconf 83' lang='lat' dir='ltr'><strong>sant</strong></span> <span class='ocrx_word' id='word_1_742' title='bbox 1103 4781 1265 4851; x_wconf 86' lang='lat' dir='ltr'><strong>diminuere,</strong></span> <span class='ocrx_word' id='word_1_743' title='bbox 1280 4793 1326 4840; x_wconf 89' lang='lat' dir='ltr'><strong>aut</strong></span> <span class='ocrx_word' id='word_1_744' title='bbox 1339 4793 1439 4842; x_wconf 79' lang='lat' dir='ltr'><strong>sanctae</strong></span> <span class='ocrx_word' id='word_1_745' title='bbox 1459 4787 1520 4843; x_wconf 90' lang='lat' dir='ltr'><strong>sedi</strong></span> <span class='ocrx_word' id='word_1_746' title='bbox 1543 4788 1700 4859; x_wconf 80' lang='lat' dir='ltr'><strong>apostolieae</strong></span> <span class='ocrx_word' id='word_1_747' title='bbox 1716 4805 1766 4846; x_wconf 90' lang='lat' dir='ltr'><strong>saa</strong></span> <span class='ocrx_word' id='word_1_748' title='bbox 1792 4792 1822 4847; x_wconf 93' lang='lat' dir='ltr'><strong>in</strong></span> 
     </span>
    </p>
   </div>
   <div class='ocr_carea' id='block_1_35' title="bbox 1026 4878 1824 5043">
    <p class='ocr_par' dir='ltr' id='par_1_35' title="bbox 1026 4878 1824 5043">
     <span class='ocr_line' id='line_1_109' title="bbox 1027 4878 1823 4954; baseline 0.01 -19"><span class='ocrx_word' id='word_1_749' title='bbox 1027 4878 1067 4935; x_wconf 87' lang='lat' dir='ltr'><strong>eis</strong></span> <span class='ocrx_word' id='word_1_750' title='bbox 1089 4880 1159 4948; x_wconf 83' lang='lat' dir='ltr'><strong>jura,</strong></span> <span class='ocrx_word' id='word_1_751' title='bbox 1190 4896 1250 4952; x_wconf 70' lang='grc' dir='ltr'><strong>ιιι</strong></span> <span class='ocrx_word' id='word_1_752' title='bbox 1288 4882 1413 4954; x_wconf 88' lang='lat' dir='ltr'><strong>superias</strong></span> <span class='ocrx_word' id='word_1_753' title='bbox 1432 4882 1585 4954; x_wconf 71' lang='lat' dir='ltr'><strong>signinam</strong></span> <span class='ocrx_word' id='word_1_754' title='bbox 1611 4892 1682 4951; x_wconf 92' lang='lat' dir='ltr'><strong>saut,</strong></span> <span class='ocrx_word' id='word_1_755' title='bbox 1713 4886 1823 4944; x_wconf 79' lang='lat' dir='ltr'><strong>auferre</strong></span> 
     </span>
     <span class='ocr_line' id='line_1_110' title="bbox 1026 4969 1824 5043; baseline 0.013 -21"><span class='ocrx_word' id='word_1_756' title='bbox 1026 4969 1241 5040; x_wconf 78' lang='lat' dir='ltr'><strong>presumpserit,</strong></span> <span class='ocrx_word' id='word_1_757' title='bbox 1257 4985 1345 5040; x_wconf 85' lang='lat' dir='ltr'><strong>poeaae</strong></span> <span class='ocrx_word' id='word_1_758' title='bbox 1359 4987 1392 5027; x_wconf 92' lang='lat' dir='ltr'><strong>ac</strong></span> <span class='ocrx_word' id='word_1_759' title='bbox 1406 4973 1615 5043; x_wconf 91' lang='lat' dir='ltr'><strong>compositionis</strong></span> <span class='ocrx_word' id='word_1_760' title='bbox 1639 4975 1748 5031; x_wconf 90' lang='lat' dir='ltr'><strong>nomiae</strong></span> <span class='ocrx_word' id='word_1_761' title='bbox 1764 4978 1824 5032; x_wconf 90' lang='lat' dir='ltr'><strong>red·</strong></span> 
     </span>
    </p>
   </div>
   <div class='ocr_carea' id='block_1_36' title="bbox 1025 5063 1823 5408">
    <p class='ocr_par' dir='ltr' id='par_1_36' title="bbox 1025 5063 1823 5408">
     <span class='ocr_line' id='line_1_111' title="bbox 1025 5063 1823 5142; baseline 0.01 -22"><span class='ocrx_word' id='word_1_762' title='bbox 1025 5063 1070 5120; x_wconf 87' lang='lat' dir='ltr'><strong>dal</strong></span> <span class='ocrx_word' id='word_1_763' title='bbox 1082 5065 1170 5121; x_wconf 91' lang='lat' dir='ltr'><strong>eidem</strong></span> <span class='ocrx_word' id='word_1_764' title='bbox 1186 5076 1287 5123; x_wconf 76' lang='lat' dir='ltr'><strong>sancte</strong></span> <span class='ocrx_word' id='word_1_765' title='bbox 1297 5069 1356 5124; x_wconf 87' lang='lat' dir='ltr'><strong>sodi</strong></span> <span class='ocrx_word' id='word_1_766' title='bbox 1371 5070 1525 5140; x_wconf 82' lang='lat' dir='ltr'><strong>apostolicae</strong></span> <span class='ocrx_word' id='word_1_767' title='bbox 1539 5071 1597 5125; x_wconf 90' lang='lat' dir='ltr'><strong>auri</strong></span> <span class='ocrx_word' id='word_1_768' title='bbox 1618 5072 1712 5142; x_wconf 90' lang='lat' dir='ltr'><strong>optimi</strong></span> <span class='ocrx_word' id='word_1_769' title='bbox 1737 5072 1823 5129; x_wconf 91' lang='lat' dir='ltr'><strong>libras</strong></span> 
     </span>
     <span class='ocr_line' id='line_1_112' title="bbox 1025 5156 1821 5230; baseline 0.01 -20"><span class='ocrx_word' id='word_1_770' title='bbox 1025 5156 1242 5221; x_wconf 88' lang='lat' dir='ltr'><strong>centum,etnisi</strong></span> <span class='ocrx_word' id='word_1_771' title='bbox 1257 5173 1317 5228; x_wconf 85' lang='lat' dir='ltr'><strong>quaa</strong></span> <span class='ocrx_word' id='word_1_772' title='bbox 1339 5157 1408 5214; x_wconf 91' lang='lat' dir='ltr'><strong>male</strong></span> <span class='ocrx_word' id='word_1_773' title='bbox 1435 5168 1600 5230; x_wconf 77' lang='lat' dir='ltr'><strong>presumpta</strong></span> <span class='ocrx_word' id='word_1_774' title='bbox 1623 5169 1685 5216; x_wconf 86' lang='lat' dir='ltr'><strong>suut</strong></span> <span class='ocrx_word' id='word_1_775' title='bbox 1711 5162 1821 5219; x_wconf 79' lang='lat' dir='ltr'><strong>satisfa-</strong></span> 
     </span>
     <span class='ocr_line' id='line_1_113' title="bbox 1025 5243 1822 5323; baseline 0.009 -23"><span class='ocrx_word' id='word_1_776' title='bbox 1025 5243 1115 5300; x_wconf 86' lang='lat' dir='ltr'><strong>ctione</strong></span> <span class='ocrx_word' id='word_1_777' title='bbox 1134 5259 1259 5315; x_wconf 73' lang='lat' dir='ltr'><strong>cougraa</strong></span> <span class='ocrx_word' id='word_1_778' title='bbox 1274 5247 1469 5314; x_wconf 87' lang='lat' dir='ltr'><strong>emendaverit,</strong></span> <span class='ocrx_word' id='word_1_779' title='bbox 1485 5249 1639 5319; x_wconf 88' lang='lat' dir='ltr'><strong>potestatita</strong></span> <span class='ocrx_word' id='word_1_780' title='bbox 1653 5251 1822 5323; x_wconf 80' lang='lat' dir='ltr'><strong>honorisque</strong></span> 
     </span>
     <span class='ocr_line' id='line_1_114' title="bbox 1025 5330 1822 5408; baseline 0.011 -21"><span class='ocrx_word' id='word_1_781' title='bbox 1025 5331 1073 5387; x_wconf 87' lang='lat' dir='ltr'><strong>sai</strong></span> <span class='ocrx_word' id='word_1_782' title='bbox 1095 5330 1226 5403; x_wconf 76' lang='lat' dir='ltr'><strong>dignitate</strong></span> <span class='ocrx_word' id='word_1_783' title='bbox 1254 5344 1358 5404; x_wconf 91' lang='lat' dir='ltr'><strong>careat,</strong></span> <span class='ocrx_word' id='word_1_784' title='bbox 1388 5350 1521 5407; x_wconf 88' lang='lat' dir='ltr'><strong>reamque</strong></span> <span class='ocrx_word' id='word_1_785' title='bbox 1548 5352 1581 5392; x_wconf 90' lang='lat' dir='ltr'><strong>se</strong></span> <span class='ocrx_word' id='word_1_786' title='bbox 1602 5337 1695 5395; x_wconf 86' lang='lat' dir='ltr'><strong>divino</strong></span> <span class='ocrx_word' id='word_1_787' title='bbox 1718 5340 1822 5408; x_wconf 70' lang='lat' dir='ltr'><strong>iudicio</strong></span> 
     </span>
    </p>
   </div>
   <div class='ocr_carea' id='block_1_37' title="bbox 1023 5427 1822 5689">
    <p class='ocr_par' dir='ltr' id='par_1_37' title="bbox 1023 5427 1822 5689">
     <span class='ocr_line' id='line_1_115' title="bbox 1023 5427 1822 5507; baseline 0.011 -22"><span class='ocrx_word' id='word_1_788' title='bbox 1023 5427 1188 5486; x_wconf 82' lang='lat' dir='ltr'><strong>existerede</strong></span> <span class='ocrx_word' id='word_1_789' title='bbox 1211 5441 1362 5504; x_wconf 88' lang='lat' dir='ltr'><strong>perpetrata</strong></span> <span class='ocrx_word' id='word_1_790' title='bbox 1402 5433 1544 5507; x_wconf 88' lang='lat' dir='ltr'><strong>iniquitate</strong></span> <span class='ocrx_word' id='word_1_791' title='bbox 1566 5445 1725 5507; x_wconf 73' lang='lat' dir='ltr'><strong>cognoscat,</strong></span> <span class='ocrx_word' id='word_1_792' title='bbox 1751 5446 1778 5495; x_wconf 90' lang='lat' dir='ltr'><strong>et</strong></span> <span class='ocrx_word' id='word_1_793' title='bbox 1806 5455 1822 5494; x_wconf 93' lang='lat' dir='ltr'><strong>a</strong></span> 
     </span>
     <span class='ocr_line' id='line_1_116' title="bbox 1023 5518 1820 5596; baseline 0.01 -23"><span class='ocrx_word' id='word_1_794' title='bbox 1023 5518 1196 5576; x_wconf 82' lang='lat' dir='ltr'><strong>sanctissimo</strong></span> <span class='ocrx_word' id='word_1_795' title='bbox 1224 5536 1339 5592; x_wconf 87' lang='lat' dir='ltr'><strong>corpore</strong></span> <span class='ocrx_word' id='word_1_796' title='bbox 1367 5529 1393 5578; x_wconf 87' lang='lat' dir='ltr'><strong>et</strong></span> <span class='ocrx_word' id='word_1_797' title='bbox 1419 5523 1554 5596; x_wconf 70' lang='lat' dir='ltr'><strong>sanguina</strong></span> <span class='ocrx_word' id='word_1_798' title='bbox 1578 5523 1629 5581; x_wconf 86' lang='lat' dir='ltr'><strong>Dei</strong></span> <span class='ocrx_word' id='word_1_799' title='bbox 1659 5533 1687 5582; x_wconf 89' lang='lat' dir='ltr'><strong>et</strong></span> <span class='ocrx_word' id='word_1_800' title='bbox 1710 5527 1820 5583; x_wconf 77' lang='lat' dir='ltr'><strong>Domini</strong></span> 
     </span>
     <span class='ocr_line' id='line_1_117' title="bbox 1023 5606 1819 5689; baseline 0.015 -27"><span class='ocrx_word' id='word_1_801' title='bbox 1023 5606 1216 5681; x_wconf 84' lang='lat' dir='ltr'><strong>lledetnptoris</strong></span> <span class='ocrx_word' id='word_1_802' title='bbox 1228 5609 1316 5667; x_wconf 89' lang='lat' dir='ltr'><strong>nostri</strong></span> <span class='ocrx_word' id='word_1_803' title='bbox 1324 5611 1389 5668; x_wconf 80' lang='lat' dir='ltr'><strong>lesa</strong></span> <span class='ocrx_word' id='word_1_804' title='bbox 1400 5612 1499 5668; x_wconf 85' lang='lat' dir='ltr'><strong>Christi</strong></span> <span class='ocrx_word' id='word_1_805' title='bbox 1514 5612 1604 5670; x_wconf 84' lang='lat' dir='ltr'><strong>aliena</strong></span> <span class='ocrx_word' id='word_1_806' title='bbox 1620 5611 1677 5684; x_wconf 73' lang='lat' dir='ltr'><strong>fist,</strong></span> <span class='ocrx_word' id='word_1_807' title='bbox 1690 5623 1771 5689; x_wconf 85' lang='lat' dir='ltr'><strong>atqua</strong></span> <span class='ocrx_word' id='word_1_808' title='bbox 1789 5616 1819 5687; x_wconf 87' lang='lat' dir='ltr'><strong>ia</strong></span> 
     </span>
    </p>
   </div>
   <div class='ocr_carea' id='block_1_38' title="bbox 0 0 1890 6006">
    <p class='ocr_par' dir='ltr' id='par_1_38' title="bbox 0 0 1890 6006">
     <span class='ocr_line' id='line_1_118' title="bbox 0 0 1890 6006; baseline 0 7"><span class='ocrx_word' id='word_1_809' title='bbox 0 0 1890 6006; x_wconf 95' lang='lat' dir='ltr'><strong> </strong></span> 
     </span>
    </p>
   </div>
  </div>
 </body>
</html>
