3772 6006
102 218 154 273 339
742 216 948 278 turvocaltltt
968 219 992 275 il
1014 219 1111 277 PAPAE
1698 223 1751 279 3ιο

103 339 198 410 cimus,
215 340 264 396 nisi
280 356 360 411 quem
374 340 461 398 abbas
476 340 504 398 S.
522 341 602 397 Blasii
618 341 766 415 providerit
779 350 900 399 statuen·
914 345 944 409 Α
992 345 1024 400 in
1037 343 1133 418 primis
1146 343 1280 417 siquidem
1305 354 1451 405 statuentes
1472 356 1502 408 ut
1519 348 1585 406 ordo
1599 347 1755 418 canonicus,

104 429 183 484 dom.
218 428 257 484 Dc
287 427 418 486 advocato
448 445 555 502 quoque
587 430 704 504 idipsum
734 430 908 489 nihilominus
960 432 1005 503 qui
1020 431 1167 490 secundum
1193 432 1266 490 beati
1293 434 1434 509 Augustini
1460 436 1583 511 regulam
1609 438 1637 493 in
1660 436 1757 495 eodem

107 517 304 584 constituimus,
321 518 366 589 qui
395 518 416 573 si
446 518 515 576 iorte
543 519 645 575 inutilis
659 521 823 592 apparuerit,
840 520 907 575 alius
959 522 1020 579 loco
1036 522 1311 593 nosciturinstitutua,
1341 525 1443 581 ibidem
1472 525 1569 582 futuris
1592 526 1760 598 temporibus

105 607 156 661 sihi
172 607 285 661 idoneus
302 605 335 661 ad
350 607 472 677 ejusdem
498 608 605 663 abbatis
619 608 759 664 arbitrium
773 608 906 683 subrogc·
960 617 1091 685 perpetuo
1105 619 1290 668 conservetur.
1309 613 1384 670 Bona
1398 629 1505 686 quoque
1520 623 1546 670 et
1564 614 1757 688 possessiones,

106 703 157 762 tur,
174 696 315 766 nullusque
330 694 368 751 ibi
384 695 500 753 aliosde
514 696 566 766 his,
583 697 628 768 qui
652 697 771 753 minores
784 696 907 754 advocati
960 715 1027 772 quas
1041 698 1283 772 impraesentiarum
1306 700 1402 758 eadem
1430 703 1543 761 ecclesia
1565 703 1760 764 rationabiliter

107 782 240 851 dicuntur,
258 785 311 839 alio
328 790 449 856 tempore
467 785 608 841 habeatur.
637 784 665 841 Si
693 786 738 857 qui
766 801 830 842 vero
844 786 909 842 illuc
959 788 1087 860 possidet,
1118 789 1161 845 vei
1190 788 1218 844 in
1247 788 1365 846 laturum
1393 792 1568 849 concessione
1589 790 1758 863 pontificum,

106 882 140 938 ad
155 881 359 937 conversionem
375 881 471 938 venire
486 883 630 954 voluerint,
650 900 705 939 non
720 883 812 939 iicebit
825 883 907 955 priori
959 876 1103 950 largitione
1131 877 1323 948 imperatorum
1357 878 1400 935 vei
1429 880 1592 952 principum,
1621 879 1759 936 oblatione

107 971 150 1026 vei
166 969 292 1025 iratribus
306 969 407 1041 absque
432 969 542 1028 licentia
569 972 675 1028 abbatis
703 971 735 1028 S.
766 971 846 1028 Blasii
860 987 908 1028 eos
959 962 1079 1022 fidelium
1094 982 1142 1023 seu
1157 965 1308 1036 oiiisjustia
1336 967 1435 1037 modis,
1464 968 1613 1026 auxiliante
1627 968 1757 1039 Domine,

107 1059 242 1131 suscipere
255 1058 282 1113 in
297 1073 345 1115 suo
360 1059 509 1116 consortio.
535 1059 640 1130 llajcra
653 1076 719 1118 sane
733 1061 848 1134 negotia
861 1068 907 1116 ut·
958 1053 1058 1126 poterit
1084 1054 1196 1127 adipisci
1224 1062 1251 1111 et
1278 1056 1441 1114 nominatim
1469 1056 1588 1114 decimas
1610 1056 1760 1128 adjacentis

108 1155 173 1220 puta
187 1147 221 1203 de
235 1145 357 1203 aedifieiis
372 1148 590 1218 transmutandis,
618 1149 663 1205 vel
681 1147 814 1205 beniiiciis
827 1164 907 1205 cano·
960 1142 1096 1219 parochiae
1109 1142 1320 1212 Nuivvenburch,
1351 1161 1367 1201 a
1396 1145 1476 1202 fratre
1505 1153 1597 1203 nostro
1620 1146 1758 1214 Reimaro,

107 1246 166 1301 nice
181 1245 370 1315 concedendis,
400 1254 426 1302 et
454 1247 497 1302 his
524 1246 624 1304 simiiia
639 1247 786 1320 supradicti
802 1247 907 1304 abbatis
960 1229 1111 1289 Ριιιιῑθῐὶὲῑ
1127 1232 1409 1305 eili⁸⁰01³02011¹¹⁰¹150e
1424 1242 1622 1304 Wsssmuliiiih
1638 1250 1759 1307 ΡΜ·

108 1333 275 1406 dispositioni
306 1342 333 1391 et
361 1335 473 1391 arbitrio
503 1345 681 1394 reserventur.
711 1338 740 1393 Si
770 1337 829 1407 quis
856 1352 907 1392 uu·
959 1320 1098 1393 ¹5⁵⁸01'ii)li
1113 1321 1396 1394 Pdgissflfflbmfflus·
1425 1321 1548 1380 Oheflssie
1563 1338 1628 1380 ι’θΐθ
1644 1322 1758 1394 idetis·

108 1432 161 1478 tem
175 1423 238 1478 huic
250 1431 349 1480 nostrae
364 1423 535 1497 dispositioni
561 1425 741 1481 contradictor
764 1425 906 1492 exstiterit,
960 1408 1021 1465 dem
1036 1407 1089 1465 ¹0⁰³
1105 1409 1249 1481 praeposito
1264 1409 1757 1483 i⁰¹²¹¹0fflfflii¹¹015b⁰i⁸u⁰00⁸⁸⁰fumi

106 1512 156 1566 nisi
184 1518 286 1567 reatum
314 1529 391 1567 suum
419 1529 541 1586 congrue
583 1514 741 1583 correxerit,
770 1513 908 1586 potestatis
959 1506 1048 1562 nulius
1063 1506 1261 1577 inibiqudiibei
1287 1508 1468 1580 subreptionis
1494 1510 1600 1576 astulia,
1629 1524 1678 1567 soll
1697 1509 1756 1567 vio÷

108 1600 271 1671 honorisque
298 1601 338 1655 sui
368 1600 499 1672 dignitate
527 1610 627 1669 careat,
653 1611 679 1658 et
698 1603 907 1659 asacratissimo
960 1594 1237 1668 iefliisspraeiiffllaiur,
1253 1595 1304 1651 nisi
1319 1612 1400 1668 quem
1428 1597 1675 1654 sfflliffiffifflffllmi
1688 1613 1756 1653 ⁰0¹¹·

106 1714 219 1769 ffippore
248 1713 280 1753 a„
305 1696 438 1770 ,anguine
464 1697 514 1753 pei
542 1707 570 1753 οι
596 1699 705 1754 pomini
732 1699 814 1754 „0315
842 1700 904 1755 Jesu
918 1701 945 1763 Β
959 1700 1049 1750 sensu,
1066 1683 1235 1739 autiratrum
1251 1700 1313 1755 pars
1342 1685 1444 1740 consilii
1460 1686 1582 1756 sanioris,
1610 1685 1757 1742 secuudum

107 1787 206 1842 Christi
225 1785 401 1842 alienusiiat.
433 1788 631 1844 conservantes
658 1797 758 1856 autem,
788 1790 907 1845 interve·

107 1874 241 1930 aientibus
255 1873 395 1930 beatomm
426 1875 608 1946 apostolorum
637 1876 708 1932 Petri
722 1884 749 1931 et
763 1877 838 1932 Pauli
852 1893 904 1933 me·

106 1964 173 2032 ritis,
202 1978 219 2018 a
244 1971 443 2019 remuneratore
478 1965 600 2020 omniurn
628 1965 763 2021 bonorum
791 1966 907 2023 Domino

107 2051 292 2110 aeternaevitae
308 2051 421 2124 praemia
448 2060 659 2124 consequantur.
691 2056 787 2122 nmen,
816 2071 906 2124 amen,

107 2158 196 2197 amen.

145 2240 203 2312 Ego
218 2240 391 2296 Innocentius
404 2241 552 2297 Catholicae
566 2240 694 2298 Ecclesiae
712 2241 867 2313 episcopus.

143 2339 204 2412 Ego
222 2338 370 2411 Gregorius
391 2339 523 2395 diaconus
536 2339 681 2396 cardinalis
707 2338 760 2394 SS.
779 2339 866 2412 Sergii
881 2348 908 2396 et

107 2428 214 2484 Bacchi.

141 2526 202 2598 Ego
217 2524 306 2582 Guido
320 2524 430 2581 diacon.
449 2523 637 2581 cardinalias·
654 2524 778 2580 Adurni.

142 2623 201 2695 ligo
216 2622 392 2694 Grysogonus
405 2620 513 2678 diacon.
539 2619 615 2677 card.
634 2621 666 2676 S.
686 2622 780 2679 hieriae
794 2623 821 2676 in
835 2621 906 2678 Por-

109 2710 175 2767 tiou.

143 2807 203 2880 ligo
219 2808 265 2862 ivo
280 2806 409 2863 diaconus
423 2805 567 2862 cardinalis
589 2806 618 2862 S.
650 2808 740 2864 lianae
755 2809 782 2863 in
796 2809 905 2879 riquira.

144 2905 213 2961 Data
228 2903 322 2961 ilomae
336 2920 387 2976 per
399 2921 509 2961 manum
536 2904 615 2961 Lucre
629 2905 777 2977 presbyteri
792 2906 906 2976 cardiu,

108 2993 215 3067 agentis
228 2994 315 3051 vicem
327 2993 419 3051 domni
434 2992 570 3060 aimerici,
597 3003 696 3050 sanetae
711 2995 840 3052 Romane
854 2996 905 3051 Ec·

961 1772 1010 1829 Dei
1025 1773 1148 1828 timorem
1164 1780 1191 1827 et
1203 1772 1274 1828 beati
1289 1774 1429 1846 Augustini
1455 1775 1577 1848 regulam
1604 1774 1757 1846 praeviderit

960 1857 1125 1933 eligendum,
1141 1859 1216 1915 salva
1229 1859 1355 1916 nimirum
1380 1860 1527 1918 diaecesani
1539 1861 1658 1935 episcopi
1672 1877 1757 1917 cano·

959 1947 1020 2003 nica
1031 1945 1135 2018 justitia
1150 1955 1176 2004 et
1189 1949 1353 2006 reverentia.

995 2038 1077 2111 Porro
1092 2063 1260 2111 sacramenta
1275 2053 1457 2114 ecclesiastica
1484 2072 1501 2112 a
1531 2056 1684 2114 dioecesano
1703 2074 1760 2113 sus·

959 2142 1064 2217 cipietis
1091 2143 1230 2216 episcopo,
1260 2143 1281 2198 si
1309 2141 1419 2215 quidem
1446 2144 1601 2202 Catholicae
1629 2145 1718 2216 luerit,
1734 2154 1761 2202 et

959 2230 1073 2306 gratiam
1089 2240 1169 2302 atque
1183 2231 1403 2309 communionem
1431 2233 1585 2306 apostolicae
1611 2233 1684 2289 sedis
1706 2235 1758 2291 ha-

958 2328 1056 2397 buerit,
1073 2345 1159 2400 eaque
1174 2329 1252 2385 vobis
1280 2331 1364 2403 gratis
1391 2338 1418 2386 et
1442 2331 1501 2388 sine
1520 2331 1653 2402 pravitate
1667 2331 1756 2404 aliqua

959 2426 1073 2482 voluerit
1088 2426 1207 2482 exibere.
1225 2427 1351 2500 alioquin
1367 2427 1545 2497 Catholicum,
1570 2445 1757 2501 quemcunque

959 2514 1115 2583 malueritis,
1145 2515 1248 2572 adeatis
1279 2515 1434 2586 antistitem,
1463 2518 1509 2589 qui
1524 2517 1650 2573 nimirum
1665 2525 1757 2574 nostra

961 2603 1043 2659 livitus
1055 2604 1211 2660 auctoritate
1228 2604 1299 2676 quod
1314 2606 1463 2676 postulatur
1475 2605 1623 2680 indulgeat.

995 2696 1098 2758 Devoto
1126 2718 1234 2773 quoque
1260 2701 1383 2774 petitioni
1416 2711 1511 2759 vestre
1538 2704 1758 2779 congregationis

960 2798 1118 2860 annuentes
1149 2792 1274 2863 praesenti
1301 2790 1409 2847 decreto
1450 2792 1588 2847 sancimus
1614 2801 1643 2848 nt
1670 2793 1759 2850 nuilus

959 2879 1081 2950 praeiatae
1096 2879 1217 2935 eulasia
1232 2879 1387 2950 advocatus,
1403 2879 1454 2934 nisi
1480 2880 1511 2936 ie
1525 2879 1607 2936 ιιοιιιο
1622 2890 1648 2937 et
1663 2897 1760 2956 proge-

961 2967 1004 3023 nic
1018 2967 1108 3024 dilecti
1136 2967 1184 3023 iiiii
1206 2967 1290 3023 nostri
1318 2967 1481 3024 marchionis
1509 2970 1641 3042 Linpuldi,
1672 2979 1760 3027 vestro

108 3081 282 3140 clesiaediac.
299 3082 372 3139 card.
390 3091 415 3138 et
430 3083 592 3146 cancellarii,
613 3097 645 3139 ur
662 3082 775 3139 Kalend.
791 3085 909 3140 Decem·
924 3057 950 3122 C
965 3064 1054 3112 umen
1086 3058 1186 3112 ⁰¹⁰⁰²¹¹⁸
1214 3056 1335 3126 arbim
1366 3058 1552 3126 ⁰⁰n⁸¹im³¹¹¹r¹
1579 3075 1640 3115 eum
1670 3067 1761 3116 mmm

108 3171 173 3241 bris,
189 3171 283 3228 indict.
301 3172 358 3242 (76)
375 3173 507 3227 incarnat.
524 3171 634 3227 Domin.
656 3188 727 3227 anno
742 3175 820 3243 lld'l,
838 3189 908 3245 pon·

108 3259 222 3318 tilicatus
234 3276 299 3318 vcro
313 3260 408 3317 domni
423 3261 572 3317 Innocentii
602 3277 680 3333 papea
707 3261 730 3316 il
758 3277 828 3318 anno
844 3276 904 3318 vuar.

436 3355 581 3413 ccxciii.

111 3454 319 3512 Fundationem
334 3454 479 3510 canonicae
495 3452 834 3527 claustroneoburgensis,
849 3458 910 3527 sac·

146 3537 235 3590 tuma
252 3534 286 3589 S.
303 3533 448 3606 leopoldo,
472 3534 595 3590 Aestate
618 3534 783 3592 marchione
801 3537 909 3605 confir-

147 3617 216 3681 mat,
244 3615 390 3686 ipsumque
427 3615 579 3670 canoniam
611 3614 642 3669 in
679 3615 799 3671 tutelam
836 3617 910 3674 redis

146 3695 307 3767 apostolice
320 3693 451 3767 suscipit,
467 3701 519 3749 etc.

337 3790 428 3864 (Anno
445 3791 524 3861 lisa,
540 3792 611 3849 Nov.
627 3790 683 3862 3ο.)

220 3889 295 3963 [Paz,
315 3889 447 3948 Tlaesuur.
462 3891 608 3958 lacerat,
626 3891 670 3958 vl,
687 3905 706 3956 r,
724 3891 803 3961 322]

148 3990 350 4057 lsuocrurrus,
367 3988 519 4060 episcopus,
535 4003 629 4043 servus
642 4003 780 4043 servorum
796 3987 855 4058 liei,
871 3989 911 4044 di-

111 4076 187 4134 iectis
216 4076 279 4133 liliis
304 4078 486 4134 iiaaruauno
515 4075 664 4148 praeposito
688 4082 716 4130 et
729 4075 857 4133 iratribus
882 4078 910 4134 in

110 4166 179 4222 celia
194 4165 223 4222 S.
239 4165 329 4223 hiariae
343 4166 601 4240 Niuvenburgeusis,
631 4181 691 4235 quie
716 4164 744 4219 ia
759 4165 910 4223 Pataviensi

112 4256 268 4328 episcopatu
282 4256 333 4312 sita
348 4262 396 4321 est,
422 4255 581 4311 canonicam
605 4252 687 4309 vitam
701 4252 838 4325 protessis,
855 4264 909 4311 tam

110 4344 288 4414 presentibus
303 4360 383 4414 quam
399 4343 494 4400 iuturis
509 4342 537 4398 in
551 4350 722 4415 perpetuum.

961 3152 1064 3209 nulium
1079 3169 1228 3226 gravamen
1253 3154 1296 3212 vei
1324 3154 1432 3212 exactio
1460 3154 1547 3210 eidem
1564 3155 1623 3210 ioco
1636 3170 1686 3227 pro
1701 3155 1761 3225 ejus

961 3241 1110 3314 patrocinio
1132 3241 1273 3299 inseratur.
1300 3241 1380 3312 Quod
1401 3243 1423 3297 si
1444 3242 1502 3314 ipso
1528 3242 1762 3314 inutilispraelatae

963 3331 1084 3387 ecciesiae
1098 3332 1262 3404 apparuerit,
1278 3339 1304 3386 et
1318 3330 1436 3388 secundo
1456 3332 1568 3389 tertiove
1582 3332 1763 3388 commonitus

963 3444 1018 3485 non
1033 3429 1227 3495 emendaverit,
1245 3427 1324 3484 liceat
1338 3429 1416 3484 vobis
1430 3445 1462 3485 ac
1475 3428 1577 3499 vestris,
1593 3446 1655 3485 eum
1670 3446 1686 3486 a
1699 3445 1763 3501 pro·

962 3518 1099 3575 curatione
1113 3517 1266 3589 hujusmodi
1278 3533 1429 3589 remorare,
1441 3520 1519 3590 eique
1533 3519 1616 3574 alium
1631 3518 1759 3575 idoneum

963 3606 1131 3663 substituere.

999 3704 1175 3760 Decomimus
1188 3720 1254 3778 ergo
1268 3711 1297 3759 ut
1312 3704 1376 3759 uuili
1392 3703 1503 3760 omnino
1531 3705 1672 3762 bominum
1686 3703 1765 3762 liceat

964 3791 1119 3864 praedictam
1149 3791 1289 3848 eeclesiam
1319 3799 1422 3849 temere
1448 3793 1617 3864 perturbare,
1640 3801 1686 3850 aut
1704 3795 1764 3865 ejus

963 3881 1143 3951 possessiones
1158 3881 1273 3951 auferre,
1304 3882 1347 3937 vei
1369 3880 1474 3936 ablatas
1487 3881 1612 3952 retinere,
1629 3883 1761 3952 minuere,

963 3985 1010 4026 seu
1022 3969 1185 4041 quibuslibet
1202 3969 1332 4025 molestiis
1350 3970 1474 4043 fatigare.
1489 3970 1647 4026 Sedamnia
1657 3971 1763 4044 integra

963 4075 1162 4134 muserventur,
1192 4082 1296 4134 eorum,
1325 4082 1374 4137 pro
1399 4082 1512 4136 quorum
1526 4065 1722 4139 gubematione
1737 4076 1764 4125 et

963 4155 1153 4212 sustentatione
1169 4171 1297 4211 concessa
1308 4162 1379 4223 sunt,
1389 4156 1484 4210 usibus
1494 4156 1763 4228 omnimodisprolu-

965 4251 1035 4300 tura.
1053 4243 1095 4300 ld
1109 4243 1239 4300 indicium
1255 4251 1345 4300 autem
1370 4251 1503 4315 perceptae
1518 4244 1597 4314 hujus
1610 4260 1626 4300 a
1640 4244 1764 4301 Romana

963 4333 1082 4390 Ecclesia
1097 4333 1236 4399 libertatis,
1252 4349 1336 4388 unum
1361 4331 1515 4405 byzantium
1543 4332 1621 4388 nobis
1649 4333 1762 4388 nostris·

148 4442 215 4497 Cum
230 4440 355 4498 omnibus
369 4440 497 4497 Ecclesiis
525 4448 552 4496 et
578 4438 764 4496 ecclesiasticis
788 4438 909 4511 personis
923 4416 949 4478 D
964 4439 1016 4494 ίιιω
1030 4422 1227 4479 ⁵⁰⁰⁰⁰⁵⁸⁰iib¹¹⁵
1242 4421 1319 4477 ³¹¹⁰ss
1333 4421 1446 4495 Sissffuflss
1459 4420 1626 4493 Piffflll'elih

113 4529 251 4585 debitores
264 4545 298 4586 ex
313 4528 433 4599 injuncto
461 4529 540 4585 nobis
566 4527 657 4585 cilicio
685 4528 841 4595 existamus,
857 4527 910 4583 illis
999 4520 1027 4577 Si
1043 4536 1095 4590 qua
1110 4520 1192 4593 igitur
1205 4520 1233 4574 in
1248 4527 1384 4592 postemm
1400 4517 1582 4575 ecclesiastica
1601 4518 1763 4575 secularisve

115 4634 204 4683 umen
231 4627 399 4699 propensiori
437 4642 502 4683 cura
529 4642 578 4683 nos
604 4626 729 4685 convenit
757 4625 909 4697 imminere,
963 4610 1281 4682 P⁰ffi⁰1¹³sh³¹¹⁰¹10⁸¹rae
1297 4606 1494 4705 θθΰῦῑῑωῑῑθῡῑξ
1521 4607 1650 4681 Pidifflm
1663 4607 1761 4706 Sciens,

112 4732 179 4789 quos
193 4715 227 4771 gd
242 4717 436 4788 omnipoqemjs
459 4717 509 4772 Dei
524 4716 674 4784 sewinum,
699 4722 725 4771 eq
739 4714 909 4772 observaqjo.
961 4706 1055 4755 contra
1069 4713 1130 4754 eam
1142 4705 1242 4753 temere
1253 4697 1345 4754 venire
1357 4695 1635 4764 tentaverit,secuntio
1650 4703 1762 4753 tertiove

109 4822 172 4864 uem
187 4803 318 4880 regularis
335 4805 438 4862 ordinis
466 4805 583 4878 amplius
612 4804 739 4861 anhelare
764 4802 909 4875 cognosci·
961 4796 1136 4864 commonita,
1160 4795 1183 4851 si
1198 4811 1253 4850 uon
1279 4809 1399 4867 congrue
1427 4793 1595 4860 satisfecerit,
1623 4795 1763 4867 potestatis

110 4911 179 4950 mus.
196 4895 324 4966 ideoque,
340 4892 431 4951 dilecti
459 4895 487 4950 in
515 4893 633 4952 Domino
647 4891 706 4961 iiiii,
722 4892 818 4948 vestris
828 4890 909 4961 justis
960 4886 1123 4956 honorisque
1137 4884 1177 4939 sui
1193 4883 1324 4957 dignitate
1354 4889 1452 4949 careat,
1482 4898 1611 4952 reamque
1625 4898 1655 4938 se
1668 4881 1761 4939 divino

111 4985 335 5054 postulationibus
363 4985 511 5041 clementer
540 4983 693 5048 annuimus,
723 4989 751 5037 et
765 4979 907 5037 ecclesiam
959 4974 1058 5047 judicio
1074 4974 1188 5031 existere
1216 4972 1250 5027 de
1279 4976 1432 5043 perpetrata
1446 4970 1587 5043 iniquitate
1602 4979 1760 5043 cognoseat.

111 5072 216 5128 Sancte
230 5072 279 5127 liei
295 5072 439 5128 Genitricis
468 5072 570 5140 hieria,
594 5070 675 5128 beato
691 5069 907 5141 apostoioPetro
960 5062 1209 5121 etasacratissimo
1225 5075 1338 5130 corpore
1353 5076 1385 5115 ac
1399 5058 1531 5130 sanguine
1546 5058 1596 5114 Dei
1611 5065 1637 5115 et
1649 5058 1761 5114 Domini

110 5159 238 5226 oblatam,
255 5159 283 5213 in
298 5175 350 5230 qua
364 5160 457 5217 divino
486 5160 587 5217 vacatis
601 5157 702 5225 officio,
718 5157 769 5214 sub
784 5155 906 5227 ejusdem
959 5151 1146 5224 Redemptoris
1157 5149 1240 5205 nostri
1251 5149 1312 5204 Jasu
1324 5146 1418 5204 Christi
1429 5145 1704 5219 alienafiat,atquein
1714 5163 1761 5203 ex·

109 5247 291 5319 apostolorum
305 5247 437 5320 principis
453 5248 563 5304 tutelam
579 5246 830 5319 protectionemque
844 5260 905 5300 sus-
960 5249 1045 5298 tremo
1055 5238 1181 5296 examine
1193 5237 1320 5293 districtae
1329 5235 1423 5293 ultioni
1434 5234 1584 5305 subjaceat.
1596 5236 1704 5293 Cunctis
1714 5250 1760 5290 au·

108 5336 232 5407 cipimus,
248 5340 273 5388 et
289 5335 443 5406 apostolicae
457 5335 678 5407 sedisprivilcgio
693 5334 902 5390 communimus.
959 5338 1013 5387 tem
1028 5328 1115 5384 eidem
1132 5328 1191 5384 loco
1205 5343 1253 5381 sua
1265 5327 1326 5396 jura
1341 5323 1511 5381 servantibus
1534 5325 1569 5380 sit
1581 5340 1634 5397 par
1650 5322 1759 5380 Domini

143 5515 200 5584 (76)
216 5513 324 5569 Constat
338 5511 401 5569 hinc
414 5512 589 5570 indictionem
612 5511 648 5570 ab
671 5511 829 5568 innocentio
852 5505 967 5566 subinde
988 5504 1071 5563 etiam
1094 5503 1153 5573 jam
1182 5511 1244 5560 ante
1266 5501 1439 5560 Nativitatem
1463 5499 1507 5557 vei
1530 5515 1631 5557 norum
1654 5514 1755 5557 annum

105 5600 188 5658 luisse
201 5602 364 5658 inchoatam.
