3750 6000
112 263 166 319 085

670 251 851 316 t'ttttolttsslt
865 256 911 315 tlt
937 255 1067 316 luctt'lt
1082 256 1204 317 eleusi

1707 258 1759 318 aad

113 391 254 446 beatorum
268 387 340 445 Petri
355 394 380 444 et
396 384 472 443 l‘auli
485 381 671 458 apostolorum
699 383 760 455 ejus
775 399 805 439 se
820 399 906 441 nore·
921 382 948 444 Α
963 383 989 438 iu
1005 383 1048 439 dio
1065 383 1185 441 Domini.
1203 386 1279 442 Unde
1295 384 1432 443 credimus
1443 385 1634 443 Antichristum
1649 387 1757 458 reliam

112 478 145 535 rit
159 479 345 534 incursurum.

148 565 413 625 Dat.Vellel.ll.l.
532 597 536 605 ‚

464 653 546 711 XCV.

210 745 283 804 M...
298 762 362 801 cum
377 745 469 802 adbuc
481 743 628 818 presbyter
642 741 809 799 cardinalis.

307 833 407 906 [blansi
423 834 530 899 Concil,
546 834 623 900 xxi,
640 830 718 904 dil}

147 925 189 981 De
204 923 323 979 abusivis
340 932 366 978 et
381 922 587 978 abusationibus
607 937 667 994 quae
679 921 732 977 hoc
747 928 868 990 tempore
883 917 911 973 iu

113 1012 239 1072 Ecclesia
255 1012 305 1068 Dei
321 1010 398 1079 fiunt,
411 1011 505 1078 multa,
518 1010 668 1067 reverende
678 1009 771 1073 irater,
782 1008 809 1063 in
818 1009 910 1065 charta

110 1101 220 1167 notasti,
236 1109 263 1157 et
276 1100 358 1173 plura
372 1108 469 1156 notare
484 1099 599 1171 potuisti
629 1099 692 1171 quia
711 1096 830 1169 peccatis
858 1111 910 1150 no·

112 1193 175 1248 stris
203 1189 379 1262 exigentibus
394 1188 478 1243 multo
501 1187 582 1260 plura
612 1188 676 1241 liunt
691 1187 717 1240 in
732 1186 785 1242 boc
799 1185 910 1257 perieu-

112 1282 171 1339 loso
186 1287 320 1351 lempore,
348 1294 428 1350 quam
445 1277 472 1331 in
487 1277 584 1332 diebos
611 1284 715 1347 patrum
744 1283 909 1330 nostrorum.

113 1370 180 1442 Quae
194 1373 269 1424 lanto
289 1365 404 1421 liberius
420 1372 445 1420 el
474 1363 601 1421 crebrius
629 1370 701 1431 aaut,
717 1365 817 1436 quanto
832 1360 908 1426 nulli,

111 1464 158 1517 aul
174 1455 335 1531 paucissimi
351 1463 423 1520 sunt,
441 1453 487 1526 qui
516 1471 548 1509 ex
575 1453 693 1509 aduerso
708 1452 867 1514 ascendant,
883 1457 910 1506 et

111 1563 219 1606 murum
234 1561 283 1618 pro
298 1544 380 1600 domo
405 1543 492 1599 lsrael
507 1541 670 1614 opponendo
686 1548 758 1597 stent
772 1541 800 1596 in
813 1538 909 1612 prelio

963 473 1081 540 venisse,
1095 475 1172 529 salin
1183 474 1311 546 proximo
1319 483 1462 532 venturum
1473 491 1545 543 esso,
1556 478 1636 548 cujus
1646 477 1756 545 faciem,

964 561 1033 618 sicut
1047 562 1074 617 in
1088 563 1140 618 lob
1155 562 1264 637 legitur,
1296 564 1427 636 praecedit
1454 573 1579 635 egestas:
1595 575 1705 637 egestas
1719 567 1757 622 si-

964 651 1071 722 quidem
1101 652 1240 718 sirtnlum,
1267 660 1294 710 et
1309 655 1490 709 virtuosorum
1517 654 1669 721 bominum,
1686 664 1714 711 ut
1727 671 1758 712 eo

962 738 1076 795 liberius
1103 741 1270 799 voluntatem
1295 757 1372 798 suam
1389 741 1479 807 iaciat,
1505 758 1559 814 qao
1587 743 1646 799 lere
1673 743 1760 800 nullus

964 829 1064 902 estqui
1081 828 1105 885 ei
1118 831 1372 888 contradicatlnter
1386 832 1552 896 hoeautem
1576 831 1648 888 bona
1664 831 1756 899 irater,

964 918 1029 990 quid
1045 917 1091 973 tibi
1106 919 1242 989 agendum
1271 920 1306 974 sit
1321 935 1374 975 non
1389 919 1500 992 ignorat
1526 927 1572 975 tua
1599 921 1759 994 religiositas

964 1021 980 1062 a
996 1006 1140 1062 cunabulis
1155 1007 1240 1064 sacris
1257 1007 1355 1064 litteris
1382 1007 1498 1063 erudita.
1519 1008 1578 1081 Ego
1592 1017 1694 1074 autom,
1711 1010 1759 1066 boc

965 1095 1031 1150 mihi
1060 1095 1139 1151 video
1168 1095 1336 1163 laciendum,
1354 1104 1379 1152 et
1400 1097 1505 1151 utinam
1531 1096 1630 1153 laciam
1647 1099 1654 1152 l
1671 1105 1699 1154 et
1712 1099 1759 1154 boc

966 1184 1013 1238 tibi
1029 1182 1142 1240 consulo
1168 1194 1297 1257 tauquam
1321 1184 1479 1241 charissimo
1508 1185 1591 1250 fratri,
1613 1193 1642 1240 nt
1656 1188 1759 1243 abomi-

965 1273 1088 1329 nationes
1111 1290 1171 1346 quoe
1186 1273 1252 1328 liunt
1263 1275 1371 1330 Domini
1382 1275 1519 1345 adjutorio
1530 1273 1655 1340 vitemus,
1673 1284 1700 1331 ct
1714 1291 1758 1331 su-

963 1379 1015 1435 per
1029 1362 1071 1417 his
1085 1362 1131 1434 qui
1142 1361 1243 1419 iaciunt
1258 1362 1412 1432 doleamus,
1436 1370 1572 1436 quatenus
1598 1362 1641 1418 air
1654 1363 1702 1420 ille
1716 1381 1757 1420 re-

964 1451 1050 1506 stibus
1066 1450 1145 1506 lineis
1159 1450 1193 1507 de
1208 1450 1298 1524 quoin
1309 1451 1453 1509 Ezechiele
1464 1451 1574 1524 legitur,
1592 1452 1648 1507 Tau
1678 1469 1756 1525 super

963 1538 1080 1595 frontem
1092 1546 1214 1595 nostram
1230 1540 1330 1612 signet,
1346 1548 1372 1596 et
1386 1556 1441 1597 non
1455 1540 1623 1598 occidamur.

107 1717 1745 1754 ΕΖΓ-ΞΜ

219 1892 710 2047 VAlllOllUM
755 1895 880 2039 AD
932 1887 1276 2040 LUClUlll
1330 1890 1646 2038 ΡΑΡΑΜ

701 2203 765 2303 rs
805 2197 1153 2304 aursuocm

497 2602 509 2655 1

918 2594 1052 2655 Banimo
1078 2611 1170 2652 coram
1197 2595 1303 2652 idoneis
1331 2595 1447 2652 testibus
1467 2595 1576 2668 propria
1590 2611 1673 2652 mann
1687 2610 1750 2653 oon·

114 2694 250 2768 Alpbonsi
261 2693 333 2764 repis
349 2645 523 2760 Portarqnlire
549 2688 671 2762 epistola
697 2688 734 2744 od
748 2689 866 2743 lucium
882 2687 906 2740 ll
959 2682 1038 2753 lirpro
1053 2685 1119 2755 (ll).

145 2781 261 2892 tapam,
277 2780 332 2835 qua
345 2777 464 2833 requam
474 2763 696 2817 raanrllmnanre
704 2759 837 2816 Ecclesiae
848 2759 903 2813 tri-

164 2839 291 2892 ulurium
306 2833 467 2890 corastiloit.

145 2924 274 2994 (Batus,
286 2921 398 2978 lliacell.
412 2920 478 2975 edit.
489 2919 585 2985 in·lol.,
596 2927 662 2974 torn.
675 2919 722 2985 ΙΙΙ,
734 2933 798 2990 pag.
810 2918 869 2990 78.)

144 3014 232 3068 Lucro
247 3009 368 3067 secundo
383 3013 415 3064 d.
433 3025 480 3063 rex
499 3006 700 3080 Portugaleusis
715 3008 766 3077 (9).

142 3101 241 3157 Cleuas
255 3097 337 3172 regui
349 3097 481 3154 coelorum
498 3097 577 3152 beato
595 3097 672 3152 Petro
687 3111 703 3151 a
719 3096 836 3151 Domino
851 3111 904 3151 no·

106 3197 164 3248 stro
177 3192 242 3246 lesu
252 3188 361 3245 Christo
376 3202 535 3242 concesssas
546 3201 609 3241 esse
619 3200 802 3257 cognoscens,
815 3183 903 3255 ipsum

107 3289 252 3353 patronum
263 3287 290 3334 el
306 3276 466 3332 advocatum
483 3276 554 3346 apud
574 3275 663 3329 Deam
690 3276 904 3344 omnipotentem

105 3369 209 3426 habere
225 3364 357 3437 disposui,
375 3372 404 3419 ut
418 3371 444 3418 et
459 3363 486 3418 in
502 3363 557 3418 uita
572 3362 699 3434 praesenti
728 3377 807 3434 opem
833 3361 904 3416 illius

106 3465 133 3514 et
147 3455 292 3514 consilium
320 3453 346 3508 in
363 3452 431 3507 meis
458 3450 709 3524 opportunitatibus
737 3450 863 3519 sentiam,
878 3458 903 3505 el

107 3545 142 3600 ad
157 3543 269 3616 praemia
283 3541 420 3599 felicitatis
434 3549 544 3596 aeternas
571 3540 657 3612 ipsius
686 3537 904 3611 suffragantibus

994 2775 1053 2845 ligo
1068 2775 1190 2830 loannes
1204 2774 1379 2830 bracarensis
1393 2772 1538 2846 episcopus
1551 2772 1697 2830 confirmo.

994 2861 1053 2933 Ego
1069 2863 1098 2916 B.
1116 2861 1320 2918 colimbriensis
1331 2863 1479 2934 episcopus
1494 2861 1643 2918 confirmo.

993 2951 1028 3005 ΙΙΙ
1042 2966 1096 3023 ago
1105 2950 1200 3006 Petrus
1210 2950 1411 3024 Portugaleusis
1421 2950 1569 3023 episcopus
1578 2949 1720 3008 confirmo.

1341 3040 1373 3095 ll.

960 3128 1753 3257 llillttltt”ititttittttltllttttdtttt:

993 3270 1120 3326 mendac

1025 3359 1202 3428 (Ducunsrse,
1221 3360 1288 3414 llist.
1306 3361 1407 3415 Franc.
1422 3362 1536 3432 script„
1551 3360 1595 3426 lv,
1612 3361 1691 3432 ads.)

994 3455 1078 3509 lucro
1094 3454 1145 3508 llei
1160 3454 1292 3510 electione
1302 3471 1410 3510 summo
1433 3454 1562 3526 pontifici,
1580 3455 1755 3513 dilectissimo

959 3542 1072 3598 domino
1082 3559 1132 3599 suo
1142 3550 1169 3598 et
1180 3544 1299 3598 omnium
1309 3545 1459 3610 Utoaurus,
1476 3544 1599 3613 ejusdem
1624 3544 1756 3616 permissu

107 3631 212 3689 rnerilis
228 3631 333 3688 ualeam
355 3631 509 3702 pervenire.
535 3628 669 3699 Quocirca
684 3644 737 3702 ego
752 3626 905 3684 ildefonsus
958 3631 1165 3703 Andegavensis
1177 3631 1239 3688 licet
1254 3632 1366 3705 indigue
1382 3633 1471 3688 dictus
1486 3633 1641 3706 episcopus,
1658 3642 1685 3690 et
1698 3650 1757 3690 ser·

107 3723 159 3778 nei
174 3720 263 3796 gratia
278 3718 484 3791 portugalensis
499 3734 547 3773 rex
561 3734 609 3790 per
621 3732 731 3772 manum
746 3717 847 3773 domini
862 3716 900 3772 G.
959 3738 1010 3776 vus
1024 3722 1092 3790 eius,
1108 3719 1258 3777 officiosam
1274 3722 1480 3792 subjectionem,
1506 3731 1533 3778 et
1547 3725 1674 3779 devotam
1689 3723 1757 3780 obc-

108 3809 219 3867 diaconi
233 3807 390 3873 cardinalis,
407 3808 566 3879 apostolicae
593 3806 666 3861 sedis
681 3805 776 3878 legati,
795 3806 904 3862 domino
958 3808 1101 3864 diantiam.

107 3907 135 3956 et
149 3898 223 3955 Patri
252 3913 313 3953 meo
340 3895 592 3968 papaelnnocentio
622 3895 770 3950 bomiuium
787 3895 848 3959 ieci,
878 3903 905 3949 et
995 3898 1177 3954 charissimos
1192 3898 1276 3969 pedes
1291 3907 1473 3957 sacrosancte
1497 3900 1760 3970 majestatissestraa

106 3995 208 4045 terram
223 4001 332 4059 quoque
360 4000 448 4040 meam
476 3985 554 4040 beato
579 3984 659 4038 Petro
688 3993 713 4038 ot
741 3992 840 4039 snuetoe
856 3984 905 4039 llo
920 3954 944 4020 C
959 3986 1089 4058 precibus
1103 3995 1130 4043 et
1158 3988 1358 4058 supplicatione
1386 3990 1527 4060 postulare
1554 3988 1759 4059 presumimus,

104 4091 192 4134 manse
217 4074 352 4131 Ecclesiae
367 4073 453 4129 offero
478 4073 527 4128 sub
557 4087 647 4127 annuo
675 4087 760 4127 ceusu
790 4080 905 4143 quatuor
959 4085 1091 4147 quatenus
1120 4076 1308 4132 uenerabilem
1335 4077 1687 4134 decannteaullauini
1712 4077 1762 4133 do-

106 4165 251 4222 uuciarum
266 4163 336 4228 auri,
353 4177 385 4217 ea
399 4160 527 4217 videlicet
541 4159 696 4215 conditione
716 4167 745 4215 et
759 4166 854 4216 tenore
876 4171 904 4216 ut
957 4165 1061 4219 minum
1076 4163 1214 4232 Odouem,
1230 4166 1317 4221 sirum
1332 4167 1486 4238 egregium,
1503 4181 1565 4222 cum
1580 4167 1616 4221 ad
1636 4173 1758 4223 vestram

104 4251 263 4325 omnesqui
278 4259 378 4306 terram
407 4265 496 4305 meam
519 4256 579 4320 post
594 4247 738 4305 decessum
753 4264 843 4304 meum
860 4257 901 4306 te-

103 4341 220 4407 nuerint,
238 4339 364 4395 eumdem
380 4354 490 4394 censum
502 4336 642 4393 annuatim
661 4337 739 4394 beato
748 4338 829 4393 Petro
844 4337 902 4394 sol·

103 4439 177 4498 vani,
195 4437 221 4484 et
236 4444 299 4499 ogo,
330 4438 459 4500 tanquam
474 4424 606 4499 proprius
634 4424 713 4481 miles
741 4425 813 4481 beati
830 4426 903 4482 Petri

103 4527 131 4577 et
161 4517 276 4574 Romani
304 4512 450 4588 pontilicis,
480 4522 536 4571 tam
563 4514 589 4570 in
612 4530 659 4570 me
685 4514 746 4587 ipso
772 4531 855 4587 quam
875 4516 903 4570 in

100 4616 175 4664 terra
189 4621 252 4661 mea
266 4604 309 4661 vel
323 4605 351 4659 in
365 4604 399 4660 iis
412 4604 494 4660 etiam
509 4621 570 4676 quae
584 4603 620 4659 ad
635 4603 794 4675 dignitatern
815 4612 840 4659 et
856 4607 902 4660 lio·

102 4710 197 4752 norem
211 4710 282 4750 meae
302 4702 378 4749 terrae
392 4707 424 4748 ac
440 4692 520 4748 eliam
535 4691 724 4748 defensionem
736 4701 763 4747 et
776 4693 900 4748 solatium

101 4784 259 4858 apostolice
269 4781 479 4850 sedishabeam,
495 4788 522 4836 et
537 4781 641 4836 nullam
669 4789 831 4852 potestatem
847 4784 900 4838 ali-

101 4873 181 4947 cujus
196 4869 373 4929 ecclesiastici
389 4869 562 4926 secularisve
576 4868 700 4935 dominii,
728 4869 780 4925 nisi
796 4878 899 4925 tantum

101 4961 258 5035 apostolicas
273 4960 346 5017 sedis
362 4958 405 5015 vel
420 4974 437 5014 a
451 4958 535 5014 latere
550 4957 635 5030 ipsius
659 4957 760 5027 missi,'
777 4973 898 5032 unquam

102 5050 130 5106 in
145 5058 218 5106 terra
233 5064 295 5105 maa
309 5047 438 5121 recipiam
454 5046 522 5119 (¹0).

139 5139 220 5195 Facta
228 5137 375 5194 oblationis
386 5144 413 5192 et
423 5134 590 5192 fortitudinis
598 5137 692 5191 charta
701 5135 767 5191 ldus
781 5136 898 5193 Decem·

101 5226 167 5293 bris,
183 5240 238 5281 aera
249 5240 372 5280 scum.
386 5224 449 5296 Ego
460 5223 630 5295 supradictus
644 5222 798 5278 ddelonsus
827 5224 897 5279 Por·

956 4253 1062 4310 venerit
1076 4256 1259 4324 praesentiam,
1286 4269 1336 4325 pro
1360 4263 1456 4311 restrae
1478 4254 1654 4327 benignitatis
1668 4254 1760 4310 mise-

956 4341 1072 4398 ricordia
1103 4342 1220 4398 dulciter
1234 4350 1260 4398 ct
1279 4351 1421 4399 mansuete
1449 4343 1614 4413 suscipiatis,
1643 4350 1671 4399 et
1697 4343 1761 4412 ejus

955 4446 1054 4502 graves
1070 4430 1210 4485 molestias
1224 4430 1250 4484 iu
1266 4430 1386 4487 laetitiam
1402 4430 1759 4503 convertatis,etcumplc-

955 4519 1076 4574 nitudine
1090 4518 1166 4591 pacis
1181 4528 1208 4576 ct
1223 4521 1322 4593 gratiae
1340 4528 1449 4588 restrae,
1475 4519 1547 4591 quod
1562 4528 1683 4576 vestram
1709 4536 1760 4576 se-

955 4607 1100 4664 renitatem
1129 4608 1218 4674 decet,
1233 4625 1295 4664 oum
1323 4609 1359 4665 ad
1374 4625 1424 4665 nos
1439 4609 1513 4664 etad
1535 4608 1646 4681 propria
1659 4610 1760 4665 remit·

954 4696 1029 4753 talis.
1056 4697 1153 4753 Coram
1170 4697 1256 4763 vobis,
1284 4697 1328 4754 cui
1356 4697 1540 4769 perniciosum
1568 4705 1610 4753 est
1633 4698 1756 4766 mentiri,

953 4793 1086 4841 testamur
1099 4786 1173 4858 quod
1189 4801 1249 4842 cum
1264 4787 1299 4841 ad
1314 4788 1397 4842 modo
1423 4786 1523 4843 dictam
1539 4785 1685 4843 ecclesiam
1704 4803 1757 4843 re-

953 4873 1100 4941 dissemus,
1126 4882 1155 4929 et
1181 4875 1340 4946 capitulum,
1368 4877 1441 4947 quod
1469 4884 1533 4931 lunc
1560 4874 1757 4947 frequentissi-

952 4977 1026 5017 rnum
1052 4963 1199 5032 residebat,
1227 4964 1372 5020 lulssemus
1384 4965 1513 5038 ingressi,
1530 4962 1634 5019 nullum
1648 4962 1677 5018 in
1696 4964 1755 5019 ira-

952 5051 1039 5106 tribus
1053 5051 1108 5106 illis
1128 5051 1324 5119 intelleximus,
1342 5053 1428 5126 quiin
1443 5053 1567 5124 superius
1582 5050 1755 5110 nominatum

951 5139 1083 5195 decanum
1099 5138 1239 5201 clamaret.
1257 5141 1299 5197 vel
1315 5140 1340 5196 ei
1355 5141 1382 5195 in
1398 5141 1487 5212 aliquo
1503 5141 1660 5212 derogaret.
1695 5141 1755 5197 Sed

950 5228 1041 5299 potius
1076 5229 1102 5284 ei
1129 5229 1277 5300 plurimum
1304 5229 1340 5285 ob
1364 5229 1515 5286 istiusmodi
1530 5229 1751 5301 increpationem

101 5313 256 5388 tegulensis
270 5330 317 5370 rex
331 5313 537 5370 hanccbartam
566 5310 623 5368 lieri
644 5311 724 5384 jussi,
750 5320 777 5368 et
800 5308 935 5371 libentiD
951 5324 1072 5375 uestram
1102 5318 1292 5386 condolebant,
1322 5328 1349 5375 et
1363 5319 1505 5375 unanimes
1530 5333 1600 5375 voce
1614 5319 1752 5375 concordi

136 5451 174 5522 (a)
199 5451 388 5508 proclamatus
415 5467 463 5507 rex
494 5465 543 5506 an.
576 5452 654 5506 tlte.
680 5450 807 5507 unnim.
825 5451 846 5506 l.
867 5469 892 5524 n,

98 5538 124 5582 θ’
134 5524 190 5668 (iffi)
205 5593 273 5652 vide
287 5596 383 5651 lunoc.
399 5591 447 5662 ΙΙΙ,
474 5590 526 5648 lib.
557 5608 577 5661 r,
592 5591 673 5666 epist.
691 5598 735 5663 9¹),
751 5595 814 5665 ΙΙΙ,
829 5597 892 5663 tte,

949 5459 1022 5522 ttt;
1038 5458 1084 5512 lib.
1102 5475 1159 5523 xur,
1175 5459 1256 5531 epist.
1278 5463 1331 5528 59,
1348 5459 1394 5514 lib.
1412 5476 1456 5526 xv,
1472 5459 1551 5532 epist.
1567 5460 1612 5515 et.

983 5531 1040 5600 (ll)
1052 5529 1189 5587 Pontilicis
1199 5547 1362 5603 responsum
1372 5531 1586 5604 videsuprasub
1596 5545 1673 5588 uum.
1694 5535 1744 5591 2⁰.
