3750 6000
27 178 30 185 ’
133 220 212 284 stre
586 219 783 281 wretntut
807 215 1182 280 uttuasauatausts
1205 190 1384 279 uoatout
1492 228 1498 233 ·
1761 216 1836 278 stro

134 357 274 431 plsoitam
304 358 341 415 ad
372 358 601 415 moderationem
626 359 805 414 transterens
833 354 958 410 libenter
972 356 1081 443 Atauo
1111 358 1199 426 atqua
1229 353 1396 409 bracarensi
1425 354 1565 409 statutum
1589 358 1644 421 est,
1669 356 1702 408 ut
1730 351 1837 424 singuli

135 447 297 504 conditioni
333 448 476 504 concessit
513 450 658 516 animum,
688 453 721 502 ut
754 445 874 501 ulterior
899 445 961 514 ripa
1015 445 1174 501 secundum
1191 443 1385 500 ordinationis
1400 460 1459 498 sua
1474 448 1605 516 tempora
1620 444 1754 510 sedeant,
1768 459 1840 515 pra·

137 539 271 593 llumttrae
289 537 418 593 llaminis
442 543 521 594 esset
545 537 724 610 principium
741 553 800 591 sua
816 534 961 602 diocesia,
1014 538 1121 590 tereos
1137 534 1187 605 qui
1205 549 1239 589 ex
1259 533 1378 605 antiqua
1402 531 1613 588 consuetudine
1635 532 1698 587 siva
1719 547 1838 588 suarum

136 627 255 682 citerior
269 631 346 681 esset
362 626 446 683 lituos
462 627 603 696 paroubia
616 625 842 681 Cantauriensis.
856 623 964 678 limieat
1014 622 1202 680 ecclesiarum
1220 621 1378 694 privilegiis
1393 621 1542 692 digniores
1564 622 1649 677 sedas
1665 621 1785 676 hebent.
1801 620 1838 678 lle

136 718 331 783 Lanl'rancus,
347 714 475 785 tripudio
489 724 516 770 at
532 715 642 771 victrici
658 731 749 771 causa
764 715 866 780 iratus,
883 717 964 784 gesta
1015 728 1075 785 qua
1090 727 1121 768 ra
1134 711 1304 783 interrogati
1317 715 1384 766 suot
1395 727 1477 766 senes
1487 717 1514 766 et
1524 712 1607 765 atate
1618 710 1756 781 provecti,
1769 710 1836 782 quid

137 803 246 873 scripto
263 805 384 874 excepit,
398 820 433 858 oe
448 820 479 858 se
496 804 686 876 praeterirent,
703 808 730 859 et
741 801 908 858 laberentur
919 814 964 854 re·
1014 801 1058 857 vel
1074 801 1130 873 ipsi
1145 801 1297 867 vidissent,
1306 800 1375 856 vala
1389 799 1549 871 majoribus
1565 808 1650 870 atque
1664 801 1836 872 antiquiori·

138 893 247 960 centia,
257 899 388 948 atrorum
400 896 630 949 necessariarum
643 894 750 964 posteri
760 891 967 946 fraudarentur
1015 889 1070 945 bue
1086 889 1229 945 veraciter
1242 904 1276 944 ao
1296 888 1485 959 probabiliter
1503 887 1560 959 ipsi
1576 886 1740 955 audissent,
1754 904 1837 957 super

138 981 255 1046 notitia,
264 983 394 1036 modeste
404 987 526 1049 anue,ut
536 998 588 1038 neo
597 982 715 1038 scienda
724 982 966 1053 praetermitteret,
1014 994 1073 1049 quo
1084 994 1224 1050 responso
1236 978 1410 1050 potitasunt
1420 977 1541 1033 inducite
1550 992 1739 1032 acconoessre
1751 992 1837 1049 usque

138 1065 966 1143 neodioeudoetllueret,qoodinpropriaslaudaslacatiari
1014 1067 1043 1122 iu
1060 1067 1230 1122 crastinam.
1246 1066 1378 1123 Crastina
1393 1071 1491 1121 autam
1507 1066 1554 1122 die
1568 1065 1756 1122 concorditer
1773 1080 1835 1136 par·

138 1157 239 1215 odiosa
243 1160 445 1230 jactantieest.
455 1163 718 1229 Verumtamenego
726 1159 848 1230 conjicio
857 1155 966 1212 nullum
1015 1154 1148 1219 bibuera,
1161 1155 1238 1225 quod
1250 1153 1440 1210 liboracensis
1449 1153 1693 1226 archiepiscopus
1704 1155 1739 1208 ed
1752 1153 1837 1210 dexte·

138 1249 727 1321 aliumpotuisseteutamdubietatemsd
743 1246 966 1322 planumabsol-
1015 1258 1076 1299 rem
1102 1243 1335 1299 Doroberuensis
1358 1245 1460 1299 sedere
1483 1243 1606 1311 debeat;
1628 1241 1836 1298 londoniensis

138 1353 206 1392 vera
223 1339 405 1410 quantalibet
416 1339 481 1409 quis
492 1340 602 1410 vigeret
617 1339 771 1405 industria,
782 1346 809 1394 et
819 1338 864 1392 cui
876 1338 965 1392 etiam
1014 1334 1171 1406 episcopus
1186 1333 1221 1387 ad
1233 1332 1394 1399 sinistram,
1408 1331 1572 1388 Weulanus
1583 1333 1666 1401 juxta
1679 1332 1837 1388 Eborsees·

139 1425 967 1499 suffragareturipsa,quaLonlrauco‚justitia.Eratenim
1016 1438 1090 1487 sem,
1112 1421 1134 1476 si
1159 1437 1226 1476 vero
1255 1423 1443 1478 Eboraceneis
1470 1421 1555 1490 desit,
1579 1419 1781 1476 Londinensis
1808 1418 1839 1474 ad

140 1522 210 1570 tuno
220 1517 359 1586 temporis
369 1514 969 1586 indoctrinaetmundisapientialamosis-
1017 1510 1177 1578 dexteram,
1190 1511 1351 1566 wenlanus
1362 1512 1396 1566 ad
1409 1511 1570 1566 sinistram.
1582 1510 1621 1566 lis
1635 1509 1752 1582 Regula
1767 1507 1839 1564 beati

140 1604 247 1668 simus,
263 1612 391 1675 atquem
408 1603 613 1660 venerabiliter
628 1603 789 1675 suspiceret
805 1601 968 1658 Alexander
1018 1599 1164 1655 Benedicti
1180 1604 1209 1655 et
1223 1616 1256 1655 ax
1272 1600 1394 1672 antiqua
1420 1601 1597 1672 regularium
1622 1599 1756 1655 locorum
1777 1614 1839 1654 con·

141 1690 338 1764 apostolicus:
355 1691 475 1749 honoris
493 1693 652 1750 maximum
670 1695 724 1749 luit
740 1693 882 1751 indicium
898 1710 965 1750 cum
1019 1690 1184 1759 suetudine,
1197 1695 1227 1745 ut
1240 1690 1375 1745 monachi
1388 1691 1537 1762 proprium
1550 1689 1683 1745 ordinem
1701 1693 1839 1753 tenerent,

141 1784 264 1840 Romam
277 1782 403 1838 venienti
415 1789 595 1853 sequestrato
611 1784 660 1840 illo
676 1785 798 1840 Romani
815 1785 965 1857 supercilii
981 1743 1005 1808 B
1020 1783 1049 1833 et
1066 1779 1241 1851 proprietate
1254 1783 1382 1835 careant.
1391 1777 1419 1835 Si
1432 1779 1498 1851 quie
1512 1794 1578 1834 vero
1591 1794 1658 1835 oum
1671 1778 1841 1849 proprietate

143 1872 220 1927 iaetu
237 1871 393 1943 dignanter
417 1878 591 1942 assurgeret,
609 1874 768 1943 protessus,
789 1873 864 1929 hane
884 1890 968 1929 vane·
1022 1868 1206 1924 inconfessus
1231 1869 1346 1934 obierit,
1362 1870 1391 1924 iu
1417 1868 1580 1923 camelario
1596 1883 1654 1923 non
1672 1867 1840 1939 sepeliatur.

144 1962 287 2018 rationem
313 1977 370 2017 non
387 1977 417 2016 se
432 1959 508 2015 illius
532 1961 806 2035 archiepiscopatui,
824 1963 874 2018 sed
900 1979 966 2018 ma·
1022 1959 1061 2014 lla
1078 1958 1202 2013 decretis
1217 1974 1400 2013 summorum
1418 1958 1587 2028 pontificum
1602 1958 1717 2013 Damasi
1734 1962 1764 2011 et
1779 1955 1842 2011 Leo·

145 2050 264 2121 gislario
290 2048 452 2105 litterarum
481 2051 603 2107 tielerre.
619 2052 801 2123 Quapropter
818 2067 849 2107 aa
865 2051 970 2108 iecisse
1023 2047 1081 2113 nis,
1097 2062 1150 2104 nec
1166 2063 1222 2102 non
1238 2063 1273 2102 ex
1288 2046 1420 2103 conciliis
1433 2046 1598 2102 Sardicensi
1615 2051 1644 2101 et
1665 2045 1841 2109 laodicensi,

147 2139 224 2211 quod
241 2146 317 2195 assat
333 2139 451 2195 bonoria
463 2155 469 2195 :
483 2139 565 2195 illutn
578 2140 681 2196 debere
693 2141 783 2196 lacere
798 2140 877 2212 quod
892 2147 970 2197 esset
1022 2138 1051 2194 in
1077 2139 1186 2210 quibus
1209 2137 1385 2209 prohibetor
1409 2136 1583 2208 episcopalis
1605 2137 1690 2193 sedes
1716 2137 1748 2192 in
1772 2136 1842 2192 uillis

34 2250 37 2257 ·
143 2227 277 2300 justitia,
294 2233 323 2282 ut
339 2244 390 2298 pro
415 2243 497 2283 mora
520 2229 654 2287 omnium
681 2229 968 2302 archiepiscoporum
1022 2225 1156 2294 existere,
1172 2243 1343 2283 concessura
1359 2226 1498 2297 astragis
1521 2225 1726 2282 munificentia
1741 2233 1768 2282 et
1782 2241 1843 2297 spn-

147 2317 241 2374 sancti
256 2316 333 2372 Petri
349 2317 449 2372 ricarli
465 2316 594 2390 vestigiis
610 2319 817 2376 advolveretur.
833 2319 971 2375 Reddidit
1023 2316 1100 2374 odali
1125 2316 1297 2372 auctoritate
1321 2315 1465 2387 episeopis
1488 2315 1625 2371 devitiis
1655 2316 1785 2370 transire
1811 2312 1841 2368 ad

145 2407 196 2463 illa
219 2407 349 2463 debitum
375 2406 449 2461 tanti
477 2408 585 2463 amoris
608 2413 748 2479 expertus
774 2408 912 2480 insignia,
939 2419 971 2464 ut
1023 2403 1840 2474 civitates,llermannodeSobireburneadSalesbariam;

146 2495 968 2569 quacunquepatendaputessetbauddubieimpetraret.
1023 2496 1164 2567 stigando
1193 2497 1229 2551 de
1257 2495 1382 2551 Seleseia
1409 2497 1443 2551 ad
1472 2494 1669 2564 cicestriam3
1701 2495 1786 2551 Petro
1812 2493 1841 2548 da

146 2585 275 2657 Denique
291 2585 392 2639 ambos
406 2583 521 2639 itineris
544 2585 590 2640 sui
614 2585 737 2640 comites
761 2585 902 2641 'thomam
925 2601 970 2641 er·
1026 2585 1163 2641 Lioblield
1180 2586 1215 2640 ad
1232 2586 1380 2640 cestriam.
1392 2587 1431 2638 Ex
1447 2582 1546 2638 multis
1563 2583 1764 2639 Romanorum
1782 2599 1841 2655 pre·

144 2673 670 2745 obiepiseopumEboracensern,etlta
684 2674 970 2746 nigiumepisoopum
1024 2674 1122 2731 sulum
1138 2675 1461 2744 decretis,diverisque
1471 2688 1621 2730 sacrorum
1637 2678 1784 2729 canonum
1799 2688 1841 2727 aa·

147 2762 379 2819 Lincolnianeam
398 2761 509 2817 baculis
521 2762 677 2818 stannulis
693 2764 881 2834 exspoliatos3
894 2763 968 2833 quod
1024 2764 1219 2833 claritatibus,
1235 2764 1352 2836 nequis
1368 2764 1496 2820 alienum
1518 2762 1668 2829 clericum,
1684 2764 1729 2817 vel
1747 2778 1841 2817 mona·

145 2849 970 2923 primusessetliliuspresbyteri‚seouudusproauxiliis
1024 2854 1113 2909 cltum
1142 2854 1206 2909 sine
1235 2853 1481 2910 commendatitiis
1516 2851 1619 2907 litteris
1648 2852 1778 2917 ordinet,
1804 2849 1843 2904 vel

145 2940 299 2995 willielmo
325 2941 451 2995 venienti
477 2941 612 3011 angliam
639 2942 769 3013 parabitis
786 2945 878 2997 tactus
894 2946 971 2998 esset
1024 2944 1157 3000 retineat.
1174 2945 1215 2998 dd
1232 2943 1480 3014 comprimendam
1498 2942 1695 3014 quorumdam
1713 2941 1844 2996 indiscre

145 3029 450 3100 epiecopus,divtnum
463 3029 885 3087 munusbellieosislaboribus
897 3046 969 3086 nun·
1024 3038 1121 3089 torum
1139 3033 1325 3089 insolentiam
1342 3049 1376 3089 ex
1395 3032 1542 3087 communi
1562 3031 1679 3086 daorato
1700 3030 1843 3085 sancitum

145 3117 275 3185 dinatus,
293 3118 426 3189 precibus
447 3119 509 3173 suis
535 3118 660 3175 restituit
675 3119 781 3175 oillcio.
798 3125 875 3191 Papa
889 3120 968 3175 enim
983 3118 1009 3184 G
1024 3128 1079 3192 est,
1097 3139 1132 3178 na
1148 3121 1214 3194 quis
1230 3122 1258 3177 iu
1275 3122 1398 3178 concilio
1418 3120 1565 3192 loquatur,
1580 3125 1687 3191 prater
1701 3118 1844 3175 licentiam

147 3211 263 3284 pondus
275 3211 342 3267 laeti
356 3225 411 3265 ase
428 3210 563 3281 rrJieiens
578 3211 606 3266 io
623 3228 689 3269 eum
706 3213 969 3269 considerationem
1024 3231 1041 3269 a
1058 3212 1280 3285 metropolitano
1305 3228 1482 3279 concessam,
1498 3213 1625 3283 exceptis
1649 3210 1799 3282 episcopis
1823 3213 1845 3266 el

147 3299 316 3366 transfudit,
334 3300 406 3354 bene
422 3316 458 3355 sn
475 3316 559 3356 secus
584 3301 676 3371 lieret,
694 3301 825 3356 redderet
844 3301 905 3370 ipse
920 3303 970 3357 itt-
1024 3303 1188 3360 abbatibus.
1202 3301 1241 3357 Ex
1254 3301 1380 3358 decretis
1390 3300 1520 3372 Gregorii
1534 3299 1661 3368 dicioris,
1673 3304 1703 3354 et
1715 3297 1841 3364 minoris,

146 3388 303 3442 vestituras
319 3388 344 3442 si
360 3386 457 3455 vellet,
470 3387 493 3442 si
506 3388 613 3455 minus,
626 3389 732 3444 incerat
747 3389 823 3459 qood
839 3404 970 3446 commo·
1025 3398 1058 3449 ut
1069 3392 1166 3449 nullus
1176 3393 1211 3448 de
1222 3390 1339 3462 propria
1351 3390 1522 3462 cognatione
1532 3387 1575 3443 vel
1586 3387 1684 3444 uxoris
1695 3387 1842 3446 detuncta.

146 3476 214 3529 dum
232 3476 329 3530 eoiret.
347 3475 386 3530 lto
404 3475 447 3530 illi
462 3477 499 3531 de
515 3493 601 3532 manu
628 3478 781 3534 Laniranci
799 3479 919 3535 baculos
943 3483 971 3535 et
1025 3499 1075 3540 seu
1093 3498 1181 3554 quam
1197 3481 1337 3552 cognatus
1353 3479 1454 3535 battuli
1478 3493 1596 3534 osorem
1615 3476 1751 3549 accipiat,
1773 3476 1842 3549 quod

145 3561 273 3619 annulos
289 3564 464 3634 recipientes
484 3564 579 3620 laetutn
595 3566 631 3623 ad
648 3567 770 3636 patriam
786 3584 852 3623 cunt
869 3569 969 3624 eodem
1026 3589 1120 3645 usque
1144 3570 1299 3644 parentela
1322 3584 1355 3625 ex
1377 3567 1518 3624 alterutra
1542 3576 1622 3636 parte
1635 3568 1671 3622 ed
1689 3566 1842 3637 septimum

149 3652 241 3709 moliti
258 3654 473 3710 suotraditum.
490 3656 547 3712 Neo
570 3655 675 3712 minori
698 3672 765 3712 eum
783 3659 888 3714 amoris
904 3658 971 3713 dili·
1025 3664 1146 3734 gradum
1172 3660 1330 3732 perveniat.
1353 3657 1390 3714 Ut
1413 3656 1513 3713 nullus
1536 3671 1635 3712 sacros
1659 3654 1781 3710 ordinas
1800 3669 1842 3710 seu

149 3742 249 3816 gentis
263 3741 441 3814 palpandum
455 3744 566 3800 curavit
576 3746 730 3817 Gregorius
742 3746 896 3802 Alexandri
908 3763 972 3803 suo·
1024 3753 1154 3809 officium
1171 3748 1398 3806 ecclesiasticum
1410 3749 1498 3810 emat,
1510 3743 1552 3800 rel
1567 3744 1684 3800 vendat.
1694 3743 1736 3800 Na
1747 3748 1843 3808 sortes,

148 3847 248 3886 ⁰0⁸³⁰t
263 3830 355 3887 mulla
370 3832 448 3888 illius
458 3833 577 3889 ⁰⁰tt⁸ili⁰
592 3836 768 3906 transfigent,
781 3836 873 3891 mulla
883 3837 970 3892 eiiam
1025 3858 1075 3899 eeu
1091 3840 1283 3897 divinationes
1294 3838 1329 3893 ab
1342 3837 1439 3908 aliquo
1455 3840 1653 3891 exerceantur.
1665 3833 1707 3889 lla
1718 3832 1843 3890 conciliis

148 3919 321 3975 domesticis
337 3920 401 3976 suis
415 3921 512 3992 ignota
525 3922 602 3978 illios
614 3925 794 3980 conscientia
807 3926 971 3980 communi·
1025 3929 1223 3984 Heliberitano
1238 3933 1266 3981 et
1281 3924 1417 3981 Toletano
1433 3922 1558 3986 decimo,
1576 3926 1608 3976 ut
1624 3919 1726 3976 nullus
1739 3921 1844 3990 episco-

149 4010 972 4085 cans.Sermonisbujuscemodiveritatiassistitepistols
1026 4034 1081 4091 pus
1109 4017 1151 4073 vel
1178 4016 1281 4083 abbas,
1305 4029 1356 4068 seu
1385 4010 1507 4083 quilibet
1530 4026 1565 4065 ex
1589 4009 1678 4077 clero,
1705 4008 1844 4064 bominem

148 4097 232 4152 initio
249 4104 374 4169 papatus
390 4099 524 4172 angliam
541 4101 734 4172 directaque
746 4102 971 4175 interspistolas
1025 4105 1223 4161 truncandum
1242 4101 1389 4167 membris,
1404 4099 1448 4155 vel
1464 4098 1656 4155 occidendum
1670 4093 1844 4168 judicet,vel

149 4185 971 4260 moirencireperitur.PorroWiltielmoeresinomuibos
1022 4194 1226 4267 judicantibus
1242 4193 1345 4248 leveel.
1363 4212 1377 4242 s

134 4275 176 4331 'ei
191 4278 373 4347 assurgebat,
389 4279 629 4351 aggaudebatque
643 4280 706 4335 etei
722 4286 751 4335 et
766 4279 841 4351 aliis,
853 4296 926 4352 quos
941 4281 970 4336 in
1062 4288 1174 4341 Interea
1184 4297 1251 4337 oum
1266 4267 1345 4336 Pater
1357 4280 1536 4336 lantrannus
1548 4276 1686 4334 omuibus
1696 4277 1846 4333 virtutibus

147 4365 225 4421 bono
241 4367 353 4422 lervore
368 4367 505 4434 audisset,
524 4369 712 4441 permisitque
726 4371 750 4424 ei
768 4371 891 4426 concilia
905 4387 971 4427 con·
1026 4374 1162 4431 solidaret
1173 4373 1333 4443 ingenium,
1344 4372 1531 4441 componeret
1542 4368 1688 4437 animum,
1700 4371 1766 4422 tum
1779 4365 1845 4422 elee-

151 4467 282 4527 gragare,
300 4471 423 4527 quorum
441 4459 527 4512 unius
543 4458 618 4512 sotio
634 4458 694 4514 hac
709 4462 774 4514 est:
986 4491 1010 4556 D
1027 4479 1147 4535 mosyna
1163 4461 1318 4533 praecipue,
1333 4461 1417 4515 aiunt
1431 4460 1495 4529 ejus
1510 4454 1718 4528 prognosticon
1741 4455 1844 4510 tuisse:

185 4563 199 4592 o
215 4545 298 4599 Anno
317 4543 435 4600 Domini
452 4545 605 4602 millesimo
620 4549 833 4621 septuagesimo
857 4548 970 4621 quinto.
1026 4575 1040 4603 a
1059 4553 1128 4608 baie
1141 4553 1369 4623 eleemosynam,
1383 4552 1412 4604 et
1431 4563 1497 4603 eoae
1518 4544 1617 4601 omnia
1641 4545 1758 4600 munds
1784 4545 1846 4601 sunt

150 4630 301 4702 Regnante
316 4631 476 4688 Willielmo
500 4651 577 4690 enno
601 4651 688 4704 nono,
705 4641 912 4708 congregatum
928 4640 972 4692 est
1024 4642 1106 4700 vobis
1122 4642 1198 4714 (Lao.
1214 4643 1265 4708 st).
1282 4664 1294 4693 ι
1314 4640 1374 4705 Quo
1398 4637 1450 4693 ille
1474 4641 1591 4706 accepto
1607 4636 1644 4690 ab
1659 4632 1846 4691 acclamanti·

147 4719 305 4776 melfium
321 4720 351 4777 1¹1
368 4721 529 4789 110¹¹d0⁰i³t
546 4725 716 4794 presidente
741 4726 901 4781 [renitando
925 4742 972 4781 tr·
1026 4726 1592 4787 bushilsrivultuadllorninumdiresit:
1603 4724 1846 4793 «Certemusergo

148 4809 333 4883 obiepiseopo
362 4811 597 4882 doroberniensi,
627 4814 846 4871 considentibus
872 4828 971 4871 secum
1027 4826 1130 4876 mutua
1144 4817 1355 4882 vicissitudine,
1371 4821 1403 4871 tu
1417 4816 1524 4880 dando,
1540 4828 1594 4885 ego
1609 4812 1845 4883 dispertiendo·

147 4899 261 4955 Tboma
276 4900 492 4972 archiepiscopo
506 4901 678 4958 liboracensi
693 4908 721 4959 at
737 4904 849 4958 ceteris
863 4904 973 4974 episoo·
1028 4909 1191 4981 Respondit
1213 4906 1341 4964 catastis
1367 4905 1459 4976 pletas
1482 4901 1678 4975 predicabilis
1696 4900 1752 4956 viri
1769 4906 1845 4956 voto:

149 4989 203 5058 pia.
220 4989 366 5045 Rodensis
382 4988 504 5046 ecclesia
521 4991 615 5061 perid
633 5002 747 5063 tempus
763 4996 876 5064 pastore
891 5008 973 5048 cure·
1027 4998 1242 5066 alduebantque
1253 4996 1308 5052 sibi
1320 4999 1399 5052 tanta
1410 4989 1845 5066 quaquantumlibetambitunt

150 5078 208 5132 bat.
227 5077 471 5135 Lindillaroanaia
487 5079 537 5151 qai
553 5084 581 5135 at
596 5080 799 5138 Dunelrnensis
817 5084 973 5154 episcopua
1028 5092 1147 5160 possent
1162 5091 1190 5143 et
1205 5085 1330 5158 explere,
1345 5090 1375 5140 et
1389 5085 1516 5139 vincere.

150 5167 318 5223 eanonicam
336 5168 553 5224 exeusationem
571 5169 681 5227 habens
696 5171 818 5227 concilio
833 5171 974 5228 iuteresse
1063 5179 1119 5232 Neo
1146 5176 1194 5232 ille
1218 5176 1317 5249 segnia
1340 5184 1400 5230 erat
1413 5174 1444 5229 in
1464 5170 1621 5244 erogando,
1637 5168 1793 5224 avaritiam
1809 5167 1848 5222 ia·

150 5268 209 5310 non
225 5256 329 5326 potuit.
349 5259 385 5314 Et
399 5259 477 5331 quod
495 5259 596 5317 multis
613 5266 689 5317 retro
705 5260 791 5317 annis
808 5263 838 5316 ln
854 5260 974 5321 duplico
1029 5266 1144 5321 miliare
1158 5263 1476 5336 Langobardisvitium,
1488 5277 1520 5317 er
1533 5275 1586 5315 sna
1597 5273 1723 5329 persons
1738 5253 1848 5330 propul-

151 5359 240 5417 regoo
257 5361 330 5402 usus
346 5349 536 5407 conciliorum
553 5350 743 5420 obsoleverat,
755 5356 891 5408 renovata
906 5355 976 5408 sunt
1029 5371 1108 5422 sans,
1128 5360 1157 5409 at
1170 5354 1332 5411 decutiens.
1349 5354 1384 5410 ut
1404 5357 1466 5409 arat
1478 5368 1536 5407 non
1551 5347 1787 5406 inconsideratus
1800 5346 1846 5401 ds·

152 5434 305 5504 nonnulla,
317 5442 524 5514 queantiquis
536 5443 623 5500 etiam
636 5443 976 5501 tuerentoanonibusde·
1030 5447 1086 5511 tor,
1103 5459 1156 5500 neo
1181 5444 1332 5515 deperibat
1355 5442 1418 5513 ejus
1441 5439 1614 5504 liberalitas,
1631 5452 1720 5509 qnam
1743 5435 1848 5493 disere·

154 5525 248 5584 linita.
267 5526 307 5581 Ex
322 5527 445 5584 concilio
471 5530 561 5602 igitur
575 5533 715 5590 Toletano
736 5537 849 5606 quarto,
865 5532 974 5590 tlilevi·
1030 5532 1083 5603 tio,
1105 5537 1133 5591 et
1158 5532 1250 5589 animi
1273 5533 1426 5590 condiebat
1448 5529 1601 5588 alacritas:
1622 5527 1732 5600 luxque
1754 5524 1848 5582 vultus
