3750 6000
88 218 140 274 189

687 202 863 263 aristolam
884 198 927 258 ΕΤ
948 192 1156 259 salutasti.

1692 198 1746 259 29⁰

86 339 260 413 percipiant,
294 343 323 396 et
355 338 426 411 apud
450 337 601 395 districtum
627 334 751 406 judicem
778 331 888 406 proemia
902 332 931 393 Α
946 327 1055 394 abbate,
1080 326 1123 382 rel
1150 334 1256 382 tuorum
1282 325 1403 398 quolibet
1427 340 1627 394 successorum,
1653 328 1744 386 nullus

88 438 201 488 eternae
215 429 293 502 pacis
307 427 456 484 inveniant.
472 429 569 494 Amen,
585 441 676 492 amen,
692 439 786 480 amen.

121 520 186 591 Ego
219 518 392 574 Innocentius
426 515 573 572 Catholicae
615 514 747 572 Ecclesiae
786 511 891 584 episco-

88 620 138 675 pus
148 619 193 658 ss.

122 693 187 763 Ego
202 691 364 747 Guilielmus
378 690 561 747 Praenestinus
575 689 720 761 episcopus
735 705 772 744 ss.

123 782 188 854 Ego
203 780 344 836 Gerardus
358 781 503 852 presbyter
523 779 668 834 cardinalis
690 778 759 834 tituli
783 778 889 833 Sauclae

91 871 189 926 Crucis
204 870 232 924 in
246 868 398 926 Jerusalem
414 884 452 924 ss.

126 960 190 1032 Ego
206 958 356 1014 haselmus
367 957 509 1030 presbyter
524 957 632 1015 cardin.
653 974 693 1013 ss.

121 1050 184 1120 Ego
196 1046 351 1103 Littitrcdus
366 1046 488 1118 presbyt.
505 1046 579 1103 card.
596 1046 639 1102 tit.
660 1046 780 1103 Vestinae
796 1062 834 1100 ss.

122 1136 290 1210 agotum
313 1135 455 1208 presbyter
482 1133 631 1192 cardinalis
658 1134 698 1190 tit.
729 1134 890 1191 Sanctorum

89 1227 201 1283 loannis
215 1234 243 1281 et
257 1224 332 1280 Pauli
345 1241 383 1280 ss.

123 1315 187 1387 Ego
200 1312 292 1369 Guido
307 1313 381 1371 card.
398 1312 468 1369 diac.
480 1312 573 1369 Sancti
586 1313 699 1369 hdriani
713 1330 755 1369 ss.

123 1404 187 1477 Ego
201 1400 344 1458 llubaldus
358 1401 468 1459 diacon.
487 1401 563 1458 card,
581 1403 690 1459 Sancte
701 1403 825 1460 Mariaein
839 1403 890 1458 l'ia

91 1495 156 1549 Lata
170 1507 213 1549 ss.

123 1582 187 1655 Ego
201 1579 375 1654 Grisogonus
404 1579 473 1636 diac.
503 1578 577 1645 card,
602 1579 633 1634 S.
665 1579 756 1634 blarioe
782 1580 809 1635 in
825 1581 890 1637 Por·

93 1682 152 1736 trau,
168 1687 208 1727 ss.

945 415 1012 472 inibi
1038 415 1158 488 qualibet
1189 415 1370 486 subreptionis
1410 416 1506 470 astutia
1543 432 1591 472 seu
1619 416 1746 473 violentia

944 512 1130 577 praeponatur,
1144 504 1196 559 nisi
1208 521 1289 577 quem
1305 504 1407 559 iratres
1436 504 1574 561 communi
1594 522 1742 573 consensu,

944 602 988 648 aut
1007 593 1120 648 fratrum
1142 608 1207 664 pars
1236 592 1344 648 consilii
1368 591 1495 648 sanioris.
1521 594 1670 649 secundum
1698 595 1746 650 Dei

943 682 1066 738 timorem
1083 690 1110 737 et
1125 681 1196 735 beati
1223 681 1361 737 Benedicti
1378 681 1503 753 regulam
1528 681 1672 755 elegerint.
1706 684 1746 738 De

943 769 1081 824 laboribus
1096 785 1208 842 quoque
1224 770 1323 825 vestris
1339 778 1392 824 tarn
1402 770 1476 824 intra
1487 784 1567 841 quam
1580 776 1655 825 extra
1669 779 1747 842 septa

943 858 1113 923 monasterii,
1130 873 1198 930 quos
1227 858 1343 930 propriis
1369 858 1522 929 sumptibus
1549 858 1683 924 excolitis,
1700 859 1747 915 dc·

943 948 1053 1003 cimasa
1068 947 1145 1002 robis
1166 961 1247 1002 nemo
1274 947 1385 1015 exigere
1414 956 1574 1017 presumat.
1599 946 1745 1004 interdici-

943 1052 1002 1090 mus
1017 1036 1099 1091 etiam
1114 1043 1142 1090 ut
1156 1035 1246 1090 nullus
1269 1035 1416 1106 episcopus
1442 1037 1487 1108 qui
1515 1036 1544 1091 in
1574 1037 1745 1092 Banbinber-

944 1124 1025 1196 gensi
1040 1123 1162 1180 Ecclesia
1178 1137 1228 1194 pro
1248 1131 1372 1195 tempore
1388 1123 1476 1193 luerit,
1493 1124 1534 1179 vel
1563 1124 1660 1196 aliquis
1680 1126 1747 1183 alius

944 1212 1087 1269 occasione
1098 1211 1215 1282 alicujus
1231 1212 1282 1278 rei,
1295 1213 1340 1268 vel
1354 1212 1502 1268 advocatiae
1511 1213 1582 1268 idem
1592 1215 1745 1270 cenobium

943 1300 1082 1373 aliquibus
1097 1301 1282 1357 exactionibus
1298 1316 1414 1373 gravare
1429 1301 1473 1356 uel
1488 1302 1546 1370 ejus
1556 1304 1748 1373 possessiones

943 1388 1104 1461 apraedicto
1119 1388 1249 1460 episeopo
1263 1389 1341 1444 robis
1356 1388 1478 1457 collatas,
1503 1390 1548 1446 vel
1564 1391 1747 1465 undecunque

944 1477 1102 1550 acquisitas,
1119 1492 1168 1532 seu
1188 1478 1305 1546 oblatas,
1335 1477 1415 1534 alicui
1430 1478 1457 1532 in
1480 1478 1642 1536 beneficium
1669 1481 1746 1545 dare,

946 1566 990 1622 vel
1005 1566 1117 1621 fratrum
1132 1565 1226 1620 usibus
1241 1565 1401 1622 subtrahere
1423 1575 1580 1637 praesumat.
1609 1568 1747 1638 Querun-

953 1671 1007 1726 que
1022 1662 1156 1727 praetereo
1169 1655 1243 1710 bona
1256 1655 1328 1711 idem
1343 1657 1539 1712 monasterium
1567 1659 1749 1717 concessione

125 1756 229 1811 Datum
239 1753 312 1809 Pisis
323 1769 371 1825 per
380 1767 491 1808 manum
502 1752 644 1822 hymerioi
654 1761 756 1809 sanctae
766 1754 895 1810 Romanae
952 1742 1119 1818 pontificum,
1136 1743 1294 1800 liberalitate
1306 1745 1404 1817 regnin
1418 1745 1461 1801 vel
1484 1747 1645 1819 principum,
1668 1747 1749 1806 obla-

93 1839 222 1898 Eeelesiae
251 1839 359 1895 diacon.
375 1836 520 1894 cardinalis
545 1845 571 1893 et
591 1837 758 1904 cancellarii,
788 1853 817 1893 t't
832 1839 893 1893 Kal.
950 1831 1023 1889 tione
1037 1831 1172 1899 fidelium,
1189 1847 1238 1888 seu
1253 1833 1408 1902 aliisjusl'ts
1422 1835 1519 1901 modis,
1537 1844 1679 1907 praestante
1695 1839 1749 1896 Do·

94 1928 272 2001 Septembris,
301 1926 447 1983 indictione
485 1942 542 1991 xrrr,
579 1927 770 1983 incarnationis
799 1928 895 1983 Domi·
950 1921 1034 1991 mino,
1056 1920 1085 1976 in
1109 1921 1230 1976 loturum
1244 1921 1347 1992 'poterit
1374 1921 1498 1994 adipisci,
1522 1922 1599 1980 firma
1624 1926 1700 1983 vobis
1723 1935 1750 1984 et

95 2019 158 2074 nice
177 2032 254 2073 anno
278 2019 357 2082 litt,
382 2013 555 2086 pontificatus
578 2016 671 2072 domni
699 2016 848 2072 innocentii
872 2018 895 2070 ll

95 2123 167 2180 papae
183 2120 261 2163 anno
275 2120 324 2160 rrr.

434 2189 552 2246 CCXLL

99 2291 278 2362 Pmrtlspirsm
291 2303 344 2360 pro
359 2288 532 2346 raonaaterio
544 2289 643 2345 Sancti
660 2288 767 2361 Georpii
783 2289 898 2356 Pristin·

445 2387 547 2459 pensis.

328 2483 661 2553 (mfflffiwssl

223 2582 419 2655 litonumeata
431 2582 525 2649 Boion,
540 2590 559 2636 t.
576 2582 649 2649 xlll,
665 2599 693 2654 p.
711 2582 784 2655 tabl

131 2682 326 2736 lanocarraacs
350 2677 504 2751 episcopus,
535 2695 631 2737 serras
668 2696 809 2738 servorum
840 2681 899 2752 liei,

106 2769 194 2826 diecto
222 2767 280 2824 lilio
319 2768 449 2823 Hensom
493 2768 585 2824 abbati
615 2769 776 2827 monasterii
809 2768 900 2826 Sancti

108 2855 262 2932 Georgiide
278 2856 448 2929 Priviniqen,
474 2855 547 2929 quod
575 2858 646 2914 inter
672 2859 848 2932 Ratisponam
875 2873 904 2920 et

109 2946 253 3003 &nubium
267 2945 348 3002 situm
363 2954 414 3013 est,
430 2946 553 3018 ejnsque,
565 2948 772 3006 successoribus
787 2950 900 3023 regula·

110 3035 165 3092 riter
176 3035 373 3093 substituendis
388 3035 415 3091 in
430 3043 603 3108 perpetuum,

139 3124 220 3182 Officii
247 3124 335 3181 nostri
361 3139 412 3181 nos
434 3124 559 3181 hortatur
578 3126 724 3184 auctoritas
756 3128 898 3202 religiosas

113 3229 232 3286 panorm
246 3229 278 3272 ac
288 3214 349 3271 loca
362 3228 456 3270 eorum
468 3213 594 3286 regimini
610 3215 757 3274 commissa
771 3218 896 3291 diligere,

115 3311 183 3375 ttque
195 3305 319 3376 ipsorum
333 3303 417 3375 quieti
431 3308 461 3358 et
474 3302 581 3359 utihlati
604 3305 754 3364 auxiliante
782 3306 898 3363 Domino

116 3388 250 3446 salubriter
263 3388 423 3462 providere.
444 3388 563 3461 Dignum
581 3405 697 3464 namque
713 3400 739 3448 et
763 3391 900 3450 honestati

115 3478 265 3535 mareniens
279 3491 342 3534 esse
356 3477 542 3550 cognoscitur,
557 3487 586 3534 ut
601 3479 646 3550 qui
661 3480 696 3536 ad
720 3481 912 3541 ecclesiarum⁴

115 3574 222 3647 regimen
235 3573 368 3647 assumpti
383 3590 488 3642 sumus,
498 3590 545 3632 eos
560 3589 735 3648 spretorum
756 3578 900 3635 hominum

115 3672 220 3743 nequitia
233 3679 369 3737 tueamur,
384 3677 412 3728 el
425 3672 499 3728 beati
513 3672 585 3729 Petri
599 3688 630 3729 ac
645 3682 745 3732 sancte
771 3675 902 3733 Romanae

115 3758 232 3817 telesia
241 3760 394 3831 patrocinio
406 3759 573 3816 muniamus.
601 3762 732 3833 ideoque,
761 3763 859 3821 dilecte
873 3765 901 3820 in

114 3846 218 3905 Domino
233 3848 271 3905 fili
285 3849 377 3905 tlerbo
391 3849 486 3915 abbas,
502 3850 557 3906 tuis
568 3850 651 3920 justis
673 3852 901 3924 postulationibus

114 3937 415 4007 clementerannuiruas,
431 3945 460 3994 et
474 3938 546 3995 beati
569 3940 680 4013 Georgii
708 3942 902 3998 monasteriam

113 4026 365 4095 cai,.auctore1leo‚
391 4042 512 4099 preesse
538 4028 716 4102 dignosceris,
746 4030 902 4103 apostolice

112 4115 177 4171 sedis
191 4115 341 4188 privilegio
354 4115 528 4173 decoramus.
545 4117 682 4175 Statuinus
693 4119 767 4175 euim
781 4127 809 4176 ut
825 4135 903 4193 quas-

112 4218 213 4276 cunque
233 4205 435 4277 possessiones,
467 4221 637 4278 quecunque
660 4207 732 4264 bona
746 4208 817 4264 idem
845 4224 903 4265 mo·

110 4293 253 4350 casterium
267 4293 501 4365 inpresentiarum
513 4294 588 4364 juste
609 4303 637 4352 et
661 4295 782 4369 legitime
810 4297 903 4368 possi-

110 4388 160 4455 det,
175 4389 223 4444 tibi
236 4388 345 4459 tuisque
359 4389 576 4458 successoribus,
588 4399 615 4448 et
629 4407 678 4462 per
693 4408 742 4448 vos
753 4393 814 4462 jnm
828 4394 901 4449 dicto
916 4406 942 4468 D

109 4477 229 4536 arnobio
251 4478 330 4548 hujus
350 4477 443 4550 scripti
462 4476 563 4552 pagina
581 4479 784 4536 confirmemus.
818 4480 902 4537 Porro

109 4566 238 4624 decimam
253 4582 268 4620 a
284 4565 431 4622 venerabili
440 4566 525 4623 tratre
535 4575 631 4624 nostro
641 4566 738 4626 Ottone
748 4569 903 4625 Babeaber·

108 4656 183 4728 pensi
197 4655 328 4728 episeopo
342 4654 419 4711 robis
434 4670 604 4722 concessam,
621 4673 701 4730 quarn
722 4658 757 4713 ab
772 4657 903 4714 Hartvico

108 4751 298 4825 huisponensi
312 4751 443 4825 episcopo
456 4769 505 4825 per
518 4761 624 4826 gratum
640 4755 832 4812 concambium
856 4756 904 4812 ob·

107 4842 221 4899 danim
235 4841 418 4913 cognoscitur,
434 4842 513 4898 vobis
526 4844 652 4914 presenti
675 4844 777 4916 scripto
807 4842 902 4900 firma-

107 4948 177 4989 mur.
201 4929 306 4988 Cellanr
330 4930 413 4987 etiam
436 4930 545 5004 aspach
566 4932 686 5003 dictam,
712 4947 795 5006 quam
832 4932 904 4989 idem

107 5033 253 5104 episcopus
280 5029 338 5085 sais
368 5028 506 5086 laboribus
537 5045 570 5088 ac
602 5029 692 5088 studio
723 5030 904 5105 conquisitam

106 5120 307 5178 disiniamoris
334 5119 431 5175 intuita
457 5120 545 5175 eidem
572 5119 635 5176 loco
661 5119 785 5187 contulit,
801 5120 906 5178 anullo

105 5226 223 5282 anquam
239 5207 381 5265 hominurn
394 5205 519 5277 alienari,
537 5208 579 5264 rel
593 5208 685 5281 aliquo
700 5208 783 5266 modo
804 5208 907 5265 auferri

105 5308 257 5368 mammos.
271 5305 453 5364 Decernimas
468 5305 549 5363 etiam
560 5314 587 5361 ut
599 5305 667 5363 ordo
681 5307 849 5365 monasticas
861 5305 907 5380 qui

105 5403 240 5463 ineodem
269 5402 397 5462 roenoblo
424 5418 439 5457 a
470 5400 569 5474 priscis
593 5403 757 5476 temporibus
787 5404 908 5460 noscitur

107 5499 278 5569 institutum,
309 5499 448 5573 perpetuis
476 5498 645 5572 temporibus
674 5500 775 5557 ibidem
799 5499 907 5573 integer

106 5600 300 5651 mnaerretur.
324 5585 451 5647 librante
471 5604 536 5647 aero
565 5596 680 5647 tenura
707 5588 832 5662 ejusdem
853 5590 907 5650 loci

951 2009 1255 2080 illibatapermaneant.
1280 2009 1355 2065 Nulli
1376 2026 1445 2082 ergo
1473 2012 1583 2069 omnino
1609 2014 1750 2072 hominum

951 2098 994 2153 las
1009 2099 1043 2153 sit
1058 2098 1129 2153 idem
1147 2098 1302 2155 coenobium
1318 2107 1420 2155 temere
1435 2101 1608 2171 perturbare,
1625 2112 1671 2159 aut
1686 2106 1747 2174 ejus

951 2186 1140 2258 possessiones
1156 2185 1272 2253 auterre,
1289 2187 1331 2242 vel
1345 2186 1451 2243 ablatas
1467 2188 1595 2262 retinere,
1611 2194 1751 2261 minuere,

952 2283 998 2330 aut
1013 2274 1149 2346 aliquibus
1163 2274 1351 2331 vexationibus
1370 2275 1492 2349 fatigare,
1519 2279 1568 2335 sed
1590 2282 1679 2336 omnia
1706 2281 1749 2337 in·

954 2372 1034 2436 tegra
1049 2372 1258 2432 conserventur,
1269 2372 1325 2419 tam
1340 2366 1437 2420 vestris
1453 2383 1534 2438 quam
1560 2368 1673 2426 fratrum
1702 2389 1751 2427 sc·

953 2461 1073 2508 atrorum
1089 2467 1120 2508 ac
1135 2467 1289 2523 pauperum
1300 2453 1392 2508 usibus
1403 2454 1553 2524 protutura.
1567 2458 1656 2531 Siqua
1670 2460 1753 2533 igitar

952 2541 980 2596 io
995 2549 1133 2612 posterum
1148 2539 1333 2599 ecclesiastica
1347 2542 1523 2601 secularisve
1537 2562 1664 2618 persona,
1681 2550 1749 2608 hanc

954 2639 1054 2685 nostrae
1070 2629 1271 2686 constitutionis
1283 2633 1420 2704 {paginam
1450 2634 1548 2706 sciens,
1576 2646 1671 2694 contra
1691 2657 1752 2696 eam

956 2736 1057 2785 temere
1082 2728 1177 2784 venire
1205 2730 1360 2799 tentaverit,
1390 2733 1514 2789 secundo
1541 2735 1654 2793 tertiove
1678 2754 1751 2795 com-

955 2817 1066 2883 monita,
1083 2817 1106 2872 si
1120 2831 1175 2873 non
1197 2816 1380 2876 satisfactione
1404 2836 1526 2895 congrua
1554 2826 1750 2897 emendaverit,

957 2915 1097 2988 potestatis
1111 2915 1274 2988 honorisque
1288 2917 1329 2974 sui
1343 2918 1474 2991 dignitate
1496 2930 1598 2990 careat,
1622 2941 1753 3000 reamque

916 3029 988 3112 Cae
1003 3014 1205 3085 dir'inoludicio
1233 3016 1350 3072 existere
1364 3017 1398 3072 de
1428 3029 1584 3091 perpetrata
1613 3024 1752 3098 iniquitate

956 3118 1115 3186 aequomst,
1131 3120 1187 3167 eta
1208 3113 1394 3171 sacratissimo
1420 3131 1533 3186 corpore
1558 3134 1590 3175 ac
1619 3124 1753 3195 sanguine

954 3210 1004 3266 Ilei
1031 3217 1057 3266 et
1080 3209 1189 3266 Domini
1217 3210 1407 3282 Redemptoris
1443 3216 1527 3269 nostri
1554 3217 1619 3273 lesu
1652 3220 1753 3278 Christi

955 3307 1045 3363 aliena
1060 3306 1114 3374 liat,
1130 3315 1210 3380 atque
1225 3310 1254 3362 in
1282 3317 1404 3365 extremo
1423 3311 1550 3369 examine
1564 3315 1694 3375 districtae
1709 3320 1752 3375 al-

955 3396 1021 3455 tioni
1031 3397 1179 3467 subiaceat.
1195 3397 1305 3454 Cunctis
1319 3406 1410 3455 autem
1423 3400 1512 3457 eidem
1537 3402 1598 3460 loco
1626 3422 1675 3462 sna
1687 3409 1753 3481 jura

956 3486 1128 3545 servantibus
1157 3487 1191 3542 sit
1217 3503 1270 3558 pax
1299 3488 1407 3544 Domini
1435 3491 1524 3546 nostri
1546 3494 1611 3550 Jesu
1627 3495 1750 3569 Christi,

957 3585 1088 3649 quatenus
1103 3584 1129 3633 et
1142 3576 1187 3632 hic
1202 3578 1315 3634 tructam
1341 3577 1420 3635 bonae
1448 3580 1563 3637 actionis
1590 3586 1752 3659 percipiant,

957 3674 982 3724 et
997 3666 1070 3738 apud
1084 3665 1237 3722 districtum
1255 3666 1378 3739 judicem
1407 3669 1518 3740 praemia
1542 3679 1650 3731 aeternae
1681 3681 1755 3750 pacis

957 3754 1108 3811 inveniant.
1125 3757 1221 3822 Amen,
1232 3771 1320 3823 amen,
1334 3771 1421 3813 amen.

992 3844 1053 3916 ligo
1084 3843 1257 3899 innocentius
1294 3843 1441 3903 catholicae
1483 3848 1613 3909 Ecclesiae
1646 3856 1755 3928 episco-

956 3950 1008 4008 pus
1024 3949 1064 3989 ss.

992 4033 1054 4105 Ego
1069 4028 1230 4087 Guilielmus
1245 4030 1429 4089 Praenestinus
1444 4034 1603 4109 episcopuss
1616 4057 1644 4097 ss

994 4140 1054 4213 Ego
1080 4135 1232 4209 Gregorius
1259 4137 1392 4194 diaconas
1418 4139 1564 4199 cardinatis
1592 4146 1752 4209 Sanctorum

959 4236 1050 4309 Sergii
1065 4243 1092 4292 et
1105 4235 1205 4292 Bacchi
1218 4251 1255 4290 ss.

993 4348 1054 4422 Ego
1067 4345 1265 4403 Theodewiuus
1280 4346 1309 4403 S.
1325 4348 1426 4405 Budare
1440 4349 1586 4424 episcopus
1600 4372 1638 4412 ss.

992 4474 1053 4548 Ego
1067 4472 1156 4530 Guido
1170 4472 1302 4530 diacoma
1316 4475 1392 4530 card.
1408 4476 1492 4534 sancti
1504 4479 1616 4537 Adriani
1630 4498 1667 4538 ss.

992 4572 1054 4644 Ego
1069 4571 1212 4628 anselmus
1226 4571 1371 4643 presbyter
1384 4572 1531 4630 cardinalis
1546 4593 1585 4634 ss.

992 4677 1054 4751 Ego
1078 4677 1186 4734 Boetius
1220 4677 1331 4735 diacon.
1364 4680 1439 4736 card.
1468 4681 1629 4740 Sanctorum
1654 4687 1706 4743 Viti
1729 4697 1756 4747 et

958 4766 1073 4823 llodesti
1086 4781 1128 4821 ss.

996 4857 1055 4928 Ego
1095 4853 1260 4910 Latrilredus
1300 4855 1445 4927 presbyter
1472 4858 1547 4913 card.
1590 4859 1660 4917 tituli
1703 4865 1757 4923 ile.

959 4945 1038 5001 stinae
1053 4959 1091 4998 ss.

994 5043 1056 5115 Ego
1067 5042 1155 5097 Lucas
1170 5039 1314 5112 presbyter
1327 5039 1431 5095 cardin.
1448 5041 1488 5098 tit.
1505 5043 1664 5104 Sanctorum
1675 5051 1759 5109 Joan·

961 5127 1004 5183 nis
1018 5135 1045 5183 et
1060 5124 1135 5182 Pauli
1151 5144 1189 5184 ss.

998 5215 1056 5288 Epo
1072 5212 1245 5287 Grisogonus
1259 5210 1391 5267 diaconas
1405 5212 1480 5268 eard.
1498 5216 1605 5276 Sanctae
1616 5221 1707 5280 tlartae
1730 5228 1757 5284 in

963 5303 1069 5360 Portica
1086 5317 1124 5359 ss.

998 5411 1066 5465 Data
1081 5406 1149 5465 Pisis
1162 5424 1211 5480 per
1224 5423 1332 5464 manunt
1348 5409 1481 5468 himerici
1502 5424 1602 5475 sanotae
1631 5418 1759 5478 humanae

962 5497 1092 5556 Ecclesia
1107 5496 1213 5555 ‹liaeoai
1241 5498 1388 5554 cardinalis
1416 5508 1443 5554 et
1469 5505 1634 5573 cancellarii,
1652 5521 1681 5562 ιι
1695 5509 1757 5567 Kal.

960 5587 1133 5658 Novembris,
1149 5583 1293 5647 indictioni
1306 5602 1362 5656 arr,
1388 5587 1583 5651 lnoamationis
1609 5594 1761 5656 commea
1858 5636 1862 5641 -
