3750 6000
61 190 114 245 889

647 184 824 244 crtsrotb
842 184 887 242 BT
906 185 1118 243 PlilVlLEGll.

1662 184 1737 274 anx

61 320 121 372 etur
135 312 185 381 tlt,
203 313 381 383 censensu,
404 312 542 369 Pascbalis
562 313 597 377 11,
622 311 744 370 Gelasins
759 314 794 383 ll,
810 313 864 369 Ca·
878 310 906 373 Α
920 312 983 380 sint,
995 320 1021 369 et
1037 312 1127 369 amnis
1138 311 1288 370 exactionis
1295 311 1439 376 immunia,
1450 318 1547 383 praeter
1556 276 1717 369 consuetam

62 403 144 458 lixtus
158 404 194 469 11,
209 403 344 459 Honorius
358 402 393 468 ll,
409 401 538 458 Ecclesiae
554 401 684 457 Romnum
711 401 865 473 pontitices,

61 486 151 548 locum
166 492 257 563 ipsum
272 492 416 565 singularis
432 491 582 547 dilectionis
597 507 629 546 ac
642 491 773 547 libertatis
794 508 866 562 prae-

61 581 186 653 rogativa
201 580 334 636 (lunarunt
351 600 357 635 :
375 589 401 635 ct
414 579 543 635 universa
568 580 592 634 ei
611 580 782 650 pertinentia,
807 580 864 651 pri·

61 668 349 742 ntegiornmsuorun
379 669 566 724 sanctionibus
592 669 776 725 muniverunt.
801 670 864 725 Sta-

63 764 149 812 tutum
165 766 207 814 est
219 758 291 813 enim
306 766 335 813 ut
349 757 472 814 ecclcsiae
498 773 602 823 onrnes,
619 758 783 822 cmnreteria,
801 774 862 813 nro-

61 846 153 913 nachi,
168 847 272 916 clerici,
289 855 315 902 et
328 845 389 901 laici
406 846 522 902 universi
545 847 618 900 inira
640 846 768 902 terminos
782 845 861 901 hubi·

921 402 1043 474 episcopi
1058 411 1193 474 paratam,
1206 411 1232 458 et
1244 400 1378 471 justitiam
1389 400 1415 455 ia
1427 400 1658 473 presbyterosqui
1669 400 1715 455 sd·

920 509 1017 549 rersns
1033 491 1073 547 sui
1088 491 1191 546 ordiaris
1201 491 1362 560 dignitatern
1373 488 1716 560 offenderintbiceatquo·

922 598 974 654 qne
989 581 1077 647 robis,
1097 597 1145 636 seu
1160 580 1288 634 tratribus
1302 578 1409 641 restria,
1431 579 1457 631 in
1474 577 1599 633 ecelesiis
1619 578 1717 633 vestris

921 672 1103 743 presbyteros
1119 669 1230 740 eligere.
1252 670 1291 722 lta
1308 676 1407 723 tamen.
1421 674 1446 721 nt
1465 668 1498 720 ab
1516 665 1716 737 episcopisvel

919 759 1039 832 ipsorum
1056 759 1176 825 vicariis,
1187 757 1343 812 animarum
1354 772 1447 811 curam
1459 756 1563 827 absque
1573 755 1716 810 venalitate

921 848 1079 918 suscipiant.
1101 845 1188 915 Quam
1202 846 1224 902 si
1238 845 1408 903 committere
1423 845 1472 912 illi,
1488 844 1561 917 quod
1575 843 1660 899 absit!
1681 859 1716 899 ex

62 939 163 1003 tantas,
179 935 224 1006 qui
240 943 302 990 sunt
316 951 332 990 a
346 935 404 990 rire
417 935 451 990 de
467 935 575 1007 Salnay‚
593 944 655 1003 etc,
681 936 730 989 sub
756 943 863 1007 aposto·
920 937 1056 1009 pravitate
1076 936 1211 991 noluerint
1230 952 1237 991 z
1254 944 1317 991 tnnc
1333 933 1487 1005 presbyteri
1505 949 1541 988 ex
1560 932 1717 1003 apostatice

59 1024 121 1080 licre
136 1031 240 1080 tanturn
255 1022 328 1078 sedis
338 1024 400 1093 jure
415 1040 446 1079 ac
462 1023 574 1079 tuitione
597 1031 786 1095 permaneant.
812 1025 865 1078 Ne·
920 1026 994 1082 sedis
1010 1025 1178 1095 benignitate
1193 1023 1279 1080 officia
1294 1023 1451 1079 celebrandi
1468 1021 1604 1078 licentium
1618 1036 1721 1077 conse·-

59 1129 115 1185 que
136 1112 222 1184 ipsius
247 1113 428 1168 cluniacensis
447 1112 498 1168 lori
527 1113 686 1184 presbyteri,
709 1120 756 1168 aut
783 1112 864 1167 etiam
921 1122 1037 1187 quantur
1054 1130 1060 1170 :
1077 1113 1265 1170 Ecclesiarum
1281 1128 1414 1170 veroseu
1430 1110 1554 1167 altarium
1569 1125 1716 1166 consecra-

58 1200 232 1272 parochiani,
250 1200 284 1256 ad
298 1201 454 1271 cujuslibet,
473 1200 523 1256 uisi
544 1201 658 1256 Bouiani
681 1199 815 1272 pontilicis
839 1207 867 1255 ct
920 1205 1016 1270 tiones,
1034 1204 1057 1259 si
1072 1202 1219 1259 diaecesani
1236 1201 1355 1272 episcopi
1377 1201 1463 1272 gratis
1483 1199 1622 1257 noluerint
1636 1199 1716 1254 esbi-

58 1290 248 1345 Cluniacensis
259 1290 377 1355 abbatis,
395 1298 528 1363 cogantur
544 1290 582 1344 ire
597 1290 729 1362 synodum
744 1290 787 1346 rel
801 1304 864 1344 con·
919 1294 997 1359 bere,
1016 1292 1168 1364 equclibet
1182 1291 1316 1346 catlrclico
1331 1289 1487 1360 suscipiatis
1502 1288 1643 1359 episcopo.
1659 1288 1718 1344 Nec

58 1385 186 1434 ventum.
207 1379 278 1434 Sane
302 1379 484 1450 proabbatis,
501 1381 705 1443 monachorum,
722 1395 768 1433 seu
783 1377 864 1433 cleri·
920 1382 1049 1439 cellarum
1065 1389 1215 1436 vestrarum
1230 1379 1345 1434 ubilibet
1369 1377 1519 1449 positarum
1544 1376 1650 1441 tratres.
1666 1389 1718 1446 prb

57 1484 160 1524 corum
177 1467 247 1523 iutra
262 1467 404 1539 praedictos
417 1467 546 1523 terminos
561 1467 739 1522 habitantium
754 1466 866 1522 ordina·
919 1471 1040 1544 qualibet
1050 1469 1241 1525 interdictione
1253 1467 1297 1524 vel
1309 1464 1717 1529 excommunicationebivinc·

57 1556 146 1622 tione,
163 1555 381 1627 prochrismatis
411 1554 604 1620 coniectione,
628 1570 676 1626 pro
700 1553 768 1610 sacri
800 1553 863 1619 olei,
918 1577 979 1615 rum
1004 1558 1156 1615 officiorum
1190 1556 1400 1628 suspensionem
1432 1555 1575 1626 patiantur.
1591 1552 1646 1610 Sed
1661 1559 1716 1608 mm

57 1644 251 1710 ecclesiarum,
267 1644 406 1711 altarium,
429 1652 456 1698 et
484 1642 699 1700 coemcteriorum
719 1658 863 1698 consecra·
878 1674 904 1734 B
920 1648 1047 1705 monachi
1067 1646 1127 1718 ipsi,
1142 1662 1223 1719 quam
1237 1653 1264 1701 et
1280 1644 1373 1700 [amuli
1388 1659 1493 1708 eorum,
1509 1650 1536 1698 ey
1549 1641 1596 1714 qui
1607 1657 1639 1698 gg
1653 1655 1715 1697 100.

56 1732 150 1801 tione,
168 1733 346 1790 Clunlseense
361 1732 553 1789 monasterium
569 1749 648 1804 quem
665 1731 794 1788 maluetil
812 1748 863 1786 tu·
919 1739 1030 1794 nasticae
1044 1735 1209 1806 professioni
1225 1734 1404 1799 devonerunt,
1421 1731 1522 1789 clausis
1536 1730 1715 1788 ecclesiarum

60 1822 170 1878 tistitem
194 1830 327 1877 convocet
346 1823 539 1877 cluniacenses
574 1823 722 1878 monachos
754 1820 867 1875 ubilibet
917 1827 1019 1899 januis,
1035 1842 1091 1880 non
1107 1824 1235 1879 admissis
1257 1822 1435 1888 diaecesanum,
1456 1821 1556 1877 divinae
1575 1818 1716 1877 servitutis

60 1910 229 1976 habitantes,
244 1909 318 1965 nulla
332 1910 442 1966 omnino
463 1926 578 1980 persona
601 1918 700 1980 praetcr
714 1910 866 1966 Romanurn
920 1917 1008 1973 officia
1023 1912 1368 1984 celebr0n1‚0asepulturae
1382 1911 1474 1967 debita
1488 1915 1632 1981 peragant,
1644 1909 1715 1965 Ρη.

62 1998 235 2070 pontificem,
250 2006 276 2053 et
290 1999 409 2070 legatum
426 1999 472 2069 qui
487 1999 585 2053 missus
599 1998 632 2053 ad
651 2000 703 2054 lroc
718 1996 809 2065 luerit,
821 2013 867 2052 ex·
920 2014 996 2061 aerea
1027 2018 1205 2076 quascunque
1237 2000 1443 2072 possessiones,
1459 1996 1716 2070 quaecunquebona

60 2089 258 2153 dommunlcel‚
286 2096 331 2142 aut
360 2088 512 2143 interdicat.
527 2088 598 2144 Sane
613 2087 744 2142 terminos
764 2086 866 2141 imtnu-
920 2095 992 2150 idem
1006 2090 1199 2148 monasterium
1215 2088 1454 2161 inpraesentiqyum
1468 2088 1540 2154 juste
1573 2093 1601 2142 et
1632 2100 1718 2142 eppo.

60 2175 153 2231 nitatis
168 2175 220 2231 loci
236 2175 333 2242 rostri,
350 2175 394 2245 qui
411 2192 426 2231 a
441 2175 552 2247 praelato
577 2183 748 2231 antecessore
775 2182 865 2229 nestro
920 2180 1120 2253 nioepossideq
1131 2188 1175 2234 aur
1186 2179 1213 2234 in
1226 2178 1345 2233 [uturum
1355 2175 1537 2234 concessione
1547 2173 1716 2245 pontificum,

61 2264 176 2321 Urbano
201 2280 273 2336 papa
295 2264 431 2320 tonsilluli
453 2271 532 2329 sunl,
557 2262 697 2335 ptaesenlls
715 2261 799 2318 ”Osiri
814 2261 860 2316 dt·
919 2270 1064 2342 largitione
1079 2284 1174 2340 regum
1191 2266 1234 2322 vel
1250 2265 1414 2338 principum,
1430 2263 1565 2320 oblatione
1583 2260 1716 2328 fidelium,

63 2354 127 2410 trdll
144 2353 247 2426 pisina
271 2351 471 2410 confirmamus·
504 2353 545 2407 NG
561 2351 688 2407 Videlicet
700 2351 770 2405 Ullus
783 2350 865 2406 homo
919 2376 968 2415 sen
983 2357 1043 2413 aliis
1052 2356 1133 2425 justis
1148 2355 1247 2423 modis,
1261 2356 1319 2411 Deo
1335 2353 1465 2425 propitio,
1479 2352 1579 2424 poterit
1591 2348 1717 2422 adipisci,

64 2443 250 2513 cujuscunque
275 2441 437 2497 conditionis
456 2441 660 2512 comtestalis,
686 2439 864 2507 invasionem,
919 2448 997 2503 firma
1012 2446 1070 2510 nbi,
1086 2446 1194 2517 quisque
1211 2442 1432 2510 successoribus,
1448 2447 1477 2498 ey
1490 2440 1595 2496 illibate
1609 2452 1721 2510 penna.

61 2530 196 2603 Piaedtlm,
213 2538 259 2586 ⁸1¹²
273 2530 396 2602 rapinam
412 2530 514 2592 faiel&
531 2530 587 2585 Sile
602 2528 776 2584 h0ffll⁰ltll⁰m
800 2543 865 2598 Pet·
918 2543 1011 2593 neaut.
1025 2537 1056 2591 ln
1071 2534 1170 2606 quibus
1184 2532 1243 2588 haec
1257 2530 1378 2603 propriis
1398 2529 1525 2586 duximus
1540 2526 1719 2601 exprimenda

67 2628 178 2693 petrare
193 2625 339 2691 praesumat
353 2618 422 2673 inira
438 2619 558 2687 ipsorum
570 2617 669 2671 limites
679 2616 863 2671 terminorum.
919 2623 1073 2683 vocabulis,
1097 2624 1127 2678 ln
1144 2619 1311 2693 burgundia,
1327 2618 1480 2681 ecelesiam,
1496 2625 1547 2675 etc.

64 2710 171 2782 ltaque,
190 2708 296 2763 termini
312 2706 380 2762 sacri
398 2706 479 2762 banni
494 2713 555 2760 sunt
570 2705 606 2770 bi,
622 2713 673 2761 etc.
695 2706 723 2759 ln
739 2704 864 2769 abbatiis,
956 2730 1138 2785 Prohibemus
1160 2734 1253 2783 autem
1283 2729 1313 2782 ut
1342 2724 1417 2781 inf„
1448 2722 1593 2796 parochias
1615 2721 1650 2777 nd
1671 2721 1718 2789 jus

64 2812 207 2868 quaecum
230 2796 285 2851 suis
318 2795 461 2851 abbatibus
490 2794 652 2850 ordinationi
681 2791 864 2850 cluniacensis
919 2817 1108 2876 Cyunimnsys
1127 2815 1288 2872 monasterii
1307 2814 1495 2886 perfluentes·
1522 2811 1625 2877 absque
1651 2810 1717 2867 Clu·

64 2885 218 2942 ¹⁰⁰⁰³⁵²²¹ll
234 2885 305 2940 ‘¹²¹¹ae
326 2892 406 2951 Μ’
431 2882 555 2939 ‘'ld‘’lffl
577 2882 606 2937 S·
630 2882 767 2946 mamillis·
795 2889 864 2950 ‘³¹⁰⁴’
920 2907 1057 2965 niaceosis
1072 2905 1180 2962 abbatis
1198 2919 1313 2960 assensu
1337 2902 1427 2958 nullus
1450 2900 1593 2958 ecclesiam
1607 2898 1653 2955 vel
1667 2912 1719 2955 cs·

66 2974 125 3029 sine
140 2973 324 3030 cluniacensis
343 2972 449 3027 abbatis
469 2971 582 3027 consilio
607 2970 692 3026 abbas
715 2970 867 3025 nullatenus

65 3063 194 3136 eligatur.
226 3063 266 3116 Ad
281 3064 339 3117 baec
353 3061 501 3130 adjicimus
516 3068 545 3115 ut
558 3060 584 3113 in
599 3058 727 3115 omnibns
759 3058 866 3130 priora-

65 3153 136 3208 tibus
148 3159 176 3207 et
189 3150 274 3217 cellis,
292 3167 352 3221 quaa
366 3166 437 3204 nnnc
450 3149 508 3204 sine
524 3149 633 3220 proprio
652 3148 761 3213 abbate,
778 3155 866 3204 restro

66 3239 194 3313 regimini
210 3238 339 3309 subjectae
353 3245 424 3303 sunt,
441 3237 528 3291 nullus
544 3237 640 3291 suturis
654 3252 773 3306 unquam
794 3242 865 3289 tcm-

67 3329 179 3402 poribus
195 3328 321 3383 abbatem
337 3327 461 3382 ordinare
475 3332 632 3397 praesumat.
654 3324 707 3379 Sed
725 3332 776 3378 tam
792 3322 868 3392 prio·

65 3426 148 3482 ratus,
165 3416 219 3486 ipsi
233 3424 259 3471 et
274 3415 365 3482 cellae,
389 3429 469 3483 quum
494 3421 520 3468 et
540 3421 637 3468 caetcra
660 3411 868 3481 inquibuslibet

65 3506 132 3562 locis
145 3504 247 3571 omnia,
264 3503 362 3575 quibus
376 3502 558 3559 cluniacensis
573 3501 695 3567 ccclesia,
708 3503 866 3555 braernen·

66 3595 102 3651 sis
115 3593 233 3656 concilii.
249 3592 321 3663 qnod
341 3607 389 3662 per
410 3591 593 3662 supmdictum
615 3590 751 3646 Urbanum
767 3602 865 3660 papam

65 3683 232 3740 celebratum
255 3690 303 3746 est.
329 3689 451 3751 temporo
470 3682 595 3734 investita
616 3687 685 3745 erar,
714 3676 867 3747 dequibus

67 3781 135 3828 tunc
150 3771 224 3826 nulla
240 3769 352 3840 quaestio
367 3776 439 3824 orota
455 3775 505 3836 est,
522 3775 577 3822 tam
595 3766 652 3828 tibi,
668 3781 747 3836 quam
763 3780 867 3820 sueces-

66 3859 175 3915 soribus
206 3858 267 3922 tuis¹
284 3857 310 3911 in
328 3873 394 3928 pace
408 3871 516 3926 sempor
538 3864 563 3910 et
583 3855 672 3924 quiete
705 3862 861 3908 serrantur.

65 3949 119 4004 Pro
134 3947 274 4016 altaribus,
290 3955 316 4000 et
329 3944 458 4010 ecclesiis,
475 3944 532 3999 sire
552 3943 664 3998 decimis
678 3943 783 4008 restris,
800 3939 867 3996 nulli

67 4037 257 4110 episcoporum
274 4034 387 4090 facultas
401 4033 435 4087 sit
448 4048 595 4104 gravamen
605 4029 812 4101 aliquodvobis,
822 4036 868 4084 aut

66 4125 208 4182 molestias
221 4125 359 4196 irrogarej.
376 4121 499 4178 sedsicut
509 4136 601 4176 corum
613 4119 788 4191 permissione
799 4134 867 4189 ques·

65 4214 130 4270 dam
144 4230 178 4270 ex
192 4220 281 4284 parte,
297 4211 421 4283 quadarn
446 4225 480 4264 ex
501 4210 610 4279 integro
634 4208 773 4276 habuistis,
790 4207 869 4261 itaet

65 4305 94 4360 in
116 4303 238 4359 futurum
257 4301 393 4356 trabeatis.
419 4297 598 4354 Ecclesiamm
620 4305 772 4351 vestrarum
796 4295 867 4351 deci·

881 2997 1018 3089 Cpellam
1034 2992 1170 3051 aedificare
1184 2997 1342 3064 presumat,
1359 2990 1437 3046 salve
1458 2989 1487 3044 in
1505 2986 1633 3045 omnibus
1647 3001 1718 3058 spo·

921 3085 1025 3143 stolicse
1039 3083 1113 3139 sedis
1128 3081 1301 3138 auctoritate.
1319 3079 1498 3135 Decernimua
1511 3092 1579 3146 erqo
1602 3082 1632 3131 ut
1651 3073 1719 3131 nulli

920 3173 1032 3232 omnino
1046 3170 1185 3227 bominum
1206 3169 1287 3225 lineat
1301 3165 1444 3240 prefatum
1464 3163 1660 3222 monasterium
1674 3170 1719 3219 te·

920 3278 996 3320 mere
1011 3261 1177 3331 perturbare,
1194 3266 1240 3314 aut
1252 3257 1312 3329 ejus
1325 3254 1516 3328 possessiones
1538 3251 1657 3319 anferre,
1673 3249 1717 3308 ael

920 3353 1024 3407 ablatas
1051 3348 1179 3409 retinere.
1196 3345 1331 3412 minuere,
1348 3352 1395 3399 aut
1408 3341 1544 3414 aliquibus
1563 3338 1716 3396 vexationi·

921 3441 972 3496 bus
983 3438 1110 3505 latiqare,
1122 3435 1170 3491 sed
1183 3434 1273 3490 omnia
1286 3434 1394 3507 integra
1404 3437 1600 3487 conserventur
1610 3443 1715 3495 eorum,
1772 3430 1774 3435 '

920 3543 970 3601 pro
984 3540 1100 3600 quorum
1114 3522 1317 3596 gubernatione
1331 3529 1358 3577 et
1372 3517 1568 3576 sustentatione
1587 3529 1719 3575 concessa

921 3626 996 3684 sunt,
1013 3615 1107 3670 usibus
1121 3611 1288 3669 omnimedis
1303 3609 1453 3682 protutura.
1483 3607 1512 3664 Si
1526 3621 1580 3679 qua
1594 3605 1676 3678 igitur
1689 3604 1718 3661 iu

920 3706 1041 3761 futurum
1064 3701 1251 3759 ecclesiastica
1279 3698 1456 3756 saecularisve
1487 3710 1621 3769 persone,
1645 3695 1717 3751 banc

920 3802 1022 3852 nostrae
1036 3789 1225 3848 concessionis
1239 3790 1369 3860 paginam
1385 3786 1485 3853 sciens,
1502 3792 1556 3841 etc.

957 3966 1015 4037 Ego
1030 3961 1127 4020 Lucius
1155 3956 1297 4018 catholiea
1312 3955 1441 4013 Ecclesiae
1473 3953 1627 4027 episcopus,
1648 3953 1717 4010 sub·

965 4054 1026 4108 's'.

920 4071 1017 4217 ⁸elligi
1036 4138 1238 4197 Theolewinus
1270 4137 1376 4194 Sancta
1409 4131 1521 4191 ltuffinae
1561 4130 1715 4204 episcopus,

921 4231 1083 4303 subscripsi.

958 4320 1020 4393 Ego
1036 4317 1179 4376 Rainerius
1194 4315 1315 4388 presbyt.
1333 4313 1409 4371 card.
1426 4313 1466 4370 tit.
1483 4313 1589 4370 Sanctae
1602 4307 1715 4378 Prisce,

65 4418 135 4466 mas,
158 4414 220 4471 quae
244 4414 260 4454 a
283 4397 358 4453 laicis
380 4396 550 4460 obtinentur,
575 4393 595 4448 si
620 4393 766 4448 secundum
781 4384 1081 4479 DeumDsubseripsi.

65 4514 163 4555 corum
178 4494 334 4551 subtrahere
356 4492 480 4564 potestati
507 4501 603 4547 vestre
624 4491 763 4563 religionis
786 4508 868 4547 reve-

65 4597 156 4653 rentia
176 4594 285 4666 poterit,
301 4593 334 4648 ad
350 4601 466 4648 vestram
481 4592 506 4646 ei
523 4607 669 4663 pauperum
694 4589 869 4663 gubernatio·

65 4710 128 4752 uem
144 4693 224 4749 vobis
238 4692 315 4746 liceat
330 4690 474 4762 possidere,
489 4688 614 4744 Decimus
630 4687 752 4742 laborum
765 4698 866 4747 restro-

69 4810 140 4858 rum,
157 4807 209 4865 pro
226 4790 323 4862 quibus
337 4796 389 4843 tam
410 4804 460 4843 vos
475 4804 553 4858 quam
569 4786 637 4842 alios
651 4788 808 4843 monasticae
824 4807 867 4846 re·

66 4891 176 4964 ligionis
188 4889 260 4945 viros
274 4887 423 4959 inquietare
446 4885 566 4955 episcopi
581 4893 788 4952 consueverunt,
805 4887 867 4943 illo·

67 5003 124 5043 rnna
153 4985 294 5051 videlicet,
320 4999 387 5055 quos
415 4981 622 5038 dominicaturas
648 4981 794 5052 appellant,
820 4982 865 5053 qui

67 5093 156 5142 vestro
177 5089 285 5152 sumptu
299 5097 316 5135 a
331 5078 500 5134 monasteriis
523 5087 550 5133 ct
572 5077 702 5133 cellarum
716 5085 864 5133 vestrarum

69 5181 210 5240 clientibus
238 5178 408 5244 mactantur,
437 5177 496 5230 sine
524 5175 598 5230 omni
622 5175 868 5246 opiscopornm‚et

69 5278 262 5354 episcopalium
286 5274 470 5331 ministrentur
493 5271 713 5338 conmunione,
737 5272 866 5345 deinceps

69 5379 184 5452 quietius
199 5375 330 5443 babeatis,
346 5372 391 5447 qui
406 5380 494 5428 vestra
521 5370 674 5444 peregrinis
698 5371 826 5426 tratribus
841 5377 867 5426 et

68 5476 233 5552 pauperibus
247 5474 377 5549 erogatis.
401 5471 530 5529 Ecclesiae
545 5486 654 5538 omnes,
675 5486 734 5541 quae
754 5470 867 5526 ubilibet

70 5572 163 5646 positae
175 5574 248 5642 sunt,
264 5586 312 5628 seu
325 5569 436 5642 capella
452 5575 560 5636 vestrae,
571 5573 598 5623 et
612 5565 768 5624 coemeteria
781 5564 866 5622 libera

958 4499 1017 4571 Ego
1031 4497 1150 4553 Thomas
1164 4494 1310 4568 presbyter
1323 4491 1427 4549 cardin.
1445 4490 1488 4547 tit.
1507 4488 1636 4557 Vestina,
1652 4484 1717 4542 sub·

922 4603 1033 4659 scripsi.

958 4677 1018 4749 Ego
1038 4674 1205 4733 Gil'ebertus
1220 4672 1259 4728 tit.
1276 4673 1307 4730 S.
1327 4671 1431 4738 llariae,
1447 4667 1599 4740 subscrips.

958 4765 1018 4837 Ego
1036 4764 1146 4818 blancus
1160 4760 1329 4818 Tusculanus
1344 4760 1503 4832 episcopua,
1520 4755 1626 4812 subscr.
1726 4748 1731 4757 '

957 4853 1017 4926 Ego
1037 4852 1130 4907 Petras
1145 4849 1307 4906 Albaneusis
1321 4847 1479 4920 episcopus,
1495 4842 1653 4915 subscripsi.

956 4942 1016 5013 Ego
1035 4939 1180 4998 Balnerius
1195 4937 1315 5010 presbyt.
1331 4943 1375 4992 tat.
1395 4936 1426 4993 S.
1446 4931 1576 5007 Stephani
1589 4930 1617 4986 in
1632 4927 1717 4988 Coelio
1802 4989 1806 4995 ,

920 5032 1020 5099 Monte,
1038 5025 1200 5097 subscripsi.

955 5120 1016 5192 ligo
1032 5116 1190 5174 llaalredus
1222 5113 1344 5187 presbyt.
1369 5112 1445 5169 «sard.
1470 5114 1576 5169 b'snctae
1609 5108 1718 5168 Sabinae

920 5207 1077 5280 subscripsi.

955 5296 1014 5369 Eyo
1033 5295 1170 5353 tubertus
1202 5291 1324 5366 presbyt.
1349 5289 1426 5348 card.
1454 5286 1716 5359 casmenas,

920 5383 1077 5457 subscripsi.

954 5475 1016 5547 Eyo
1035 5474 1114 5546 lluyo
1135 5470 1260 5544 presbyt.
1280 5468 1361 5528 card.
1390 5469 1432 5528 tit.
1461 5469 1493 5529 S.
1522 5466 1657 5525 Laurentii
1690 5467 1718 5525 in

920 5561 1040 5644 Lucina,
1057 5558 1219 5634 subscripsi.
1694 5557 1698 5564 '
