<?xml version="1.0" encoding="UTF-8"?>
<!DOCTYPE html PUBLIC "-//W3C//DTD XHTML 1.0 Transitional//EN"
    "http://www.w3.org/TR/xhtml1/DTD/xhtml1-transitional.dtd">
<html xmlns="http://www.w3.org/1999/xhtml" xml:lang="en" lang="en">
 <head>
  <title>
</title>
<meta http-equiv="Content-Type" content="text/html;charset=utf-8" />
  <meta name='ocr-system' content='tesseract 3.04.00' />
  <meta name='ocr-capabilities' content='ocr_page ocr_carea ocr_par ocr_line ocrx_word'/>
</head>
<body>
  <div class='ocr_page' id='page_1' title='image "./patrologiaecurs25unkngoog_0484.png"; bbox 0 0 3750 6000; ppageno 0'>
   <div class='ocr_carea' id='block_1_1' title="bbox 80 207 1734 271">
    <p class='ocr_par' dir='ltr' id='par_1_1' title="bbox 80 207 1734 271">
     <span class='ocr_line' id='line_1_1' title="bbox 80 207 1734 271; baseline 0.001 -2"><span class='ocrx_word' id='word_1_1' title='bbox 80 208 137 269; x_wconf 71' lang='grc'><strong>919</strong></span> <span class='ocrx_word' id='word_1_2' title='bbox 482 209 596 268; x_wconf 65' lang='lat' dir='ltr'><strong>arete</strong></span> <span class='ocrx_word' id='word_1_3' title='bbox 614 207 697 266; x_wconf 78' lang='lat' dir='ltr'><strong>HRG.</strong></span> <span class='ocrx_word' id='word_1_4' title='bbox 718 209 825 266; x_wconf 65' lang='lat' dir='ltr'><strong>ANGL.</strong></span> <span class='ocrx_word' id='word_1_5' title='bbox 848 209 895 265; x_wconf 69' lang='lat' dir='ltr'><strong>tat</strong></span> <span class='ocrx_word' id='word_1_6' title='bbox 912 208 1005 266; x_wconf 81' lang='lat' dir='ltr'><strong>tttst.</strong></span> <span class='ocrx_word' id='word_1_7' title='bbox 1028 209 1111 266; x_wconf 83' lang='lat' dir='ltr'><strong>NOV.</strong></span> <span class='ocrx_word' id='word_1_8' title='bbox 1133 209 1325 269; x_wconf 68' lang='lat' dir='ltr'><strong>tharnen.</strong></span> <span class='ocrx_word' id='word_1_9' title='bbox 1680 214 1734 271; x_wconf 73' lang='grc'><strong>950</strong></span> 
     </span>
    </p>
   </div>
   <div class='ocr_carea' id='block_1_2' title="bbox 80 332 1730 624">
    <p class='ocr_par' dir='ltr' id='par_1_2' title="bbox 80 332 1730 624">
     <span class='ocr_line' id='line_1_2' title="bbox 81 332 1730 410; baseline 0.007 -19"><span class='ocrx_word' id='word_1_10' title='bbox 81 333 176 391; x_wconf 84' lang='lat' dir='ltr'><strong>anlavo</strong></span> <span class='ocrx_word' id='word_1_11' title='bbox 189 332 305 392; x_wconf 85' lang='lat' dir='ltr'><strong>habebnt</strong></span> <span class='ocrx_word' id='word_1_12' title='bbox 321 332 391 391; x_wconf 84' lang='lat' dir='ltr'><strong>iltis</strong></span> <span class='ocrx_word' id='word_1_13' title='bbox 415 332 502 390; x_wconf 84' lang='lat' dir='ltr'><strong>insius</strong></span> <span class='ocrx_word' id='word_1_14' title='bbox 525 333 686 399; x_wconf 86' lang='lat' dir='ltr'><strong>revolvere,</strong></span> <span class='ocrx_word' id='word_1_15' title='bbox 712 334 761 390; x_wconf 92' lang='lat' dir='ltr'><strong>sed</strong></span> <span class='ocrx_word' id='word_1_16' title='bbox 784 335 836 390; x_wconf 91' lang='lat' dir='ltr'><strong>hoc</strong></span> <span class='ocrx_word' id='word_1_17' title='bbox 855 334 893 390; x_wconf 91' lang='lat' dir='ltr'><strong>illi</strong></span> <span class='ocrx_word' id='word_1_18' title='bbox 916 351 971 391; x_wconf 94' lang='lat' dir='ltr'><strong>non</strong></span> <span class='ocrx_word' id='word_1_19' title='bbox 995 341 1037 390; x_wconf 87' lang='lat' dir='ltr'><strong>est</strong></span> <span class='ocrx_word' id='word_1_20' title='bbox 1057 349 1232 391; x_wconf 89' lang='lat' dir='ltr'><strong>concessum.</strong></span> <span class='ocrx_word' id='word_1_21' title='bbox 1252 335 1349 390; x_wconf 86' lang='lat' dir='ltr'><strong>Fausto</strong></span> <span class='ocrx_word' id='word_1_22' title='bbox 1364 342 1455 391; x_wconf 91' lang='lat' dir='ltr'><strong>temen</strong></span> <span class='ocrx_word' id='word_1_23' title='bbox 1467 335 1582 410; x_wconf 86' lang='lat' dir='ltr'><strong>contigit</strong></span> <span class='ocrx_word' id='word_1_24' title='bbox 1597 349 1627 396; x_wconf 93' lang='lat' dir='ltr'><strong>ut</strong></span> <span class='ocrx_word' id='word_1_25' title='bbox 1643 350 1730 403; x_wconf 89' lang='lat' dir='ltr'><strong>totum</strong></span> 
     </span>
     <span class='ocr_line' id='line_1_3' title="bbox 81 405 1729 490; baseline 0.007 -29"><span class='ocrx_word' id='word_1_26' title='bbox 81 422 154 490; x_wconf 82' lang='lat' dir='ltr'><strong>ppos</strong></span> <span class='ocrx_word' id='word_1_27' title='bbox 167 406 293 489; x_wconf 78' lang='lat' dir='ltr'><strong>reviserit</strong></span> <span class='ocrx_word' id='word_1_28' title='bbox 306 422 360 482; x_wconf 88' lang='lat' dir='ltr'><strong>quo</strong></span> <span class='ocrx_word' id='word_1_29' title='bbox 375 422 496 478; x_wconf 88' lang='lat' dir='ltr'><strong>praesens</strong></span> <span class='ocrx_word' id='word_1_30' title='bbox 511 413 617 463; x_wconf 77' lang='lat' dir='ltr'><strong>constm</strong></span> <span class='ocrx_word' id='word_1_31' title='bbox 630 405 729 473; x_wconf 89' lang='lat' dir='ltr'><strong>editio,</strong></span> <span class='ocrx_word' id='word_1_32' title='bbox 745 406 937 477; x_wconf 69' lang='lat' dir='ltr'><strong>nonnullisque</strong></span> <span class='ocrx_word' id='word_1_33' title='bbox 951 405 1044 480; x_wconf 91' lang='lat' dir='ltr'><strong>magni</strong></span> <span class='ocrx_word' id='word_1_34' title='bbox 1069 407 1197 463; x_wconf 79' lang='lat' dir='ltr'><strong>momenti</strong></span> <span class='ocrx_word' id='word_1_35' title='bbox 1220 406 1458 464; x_wconf 73' lang='lat' dir='ltr'><strong>emendationibus</strong></span> <span class='ocrx_word' id='word_1_36' title='bbox 1483 416 1510 464; x_wconf 89' lang='lat' dir='ltr'><strong>et</strong></span> <span class='ocrx_word' id='word_1_37' title='bbox 1533 410 1729 474; x_wconf 76' lang='lat' dir='ltr'><strong>additamentis</strong></span> 
     </span>
     <span class='ocr_line' id='line_1_4' title="bbox 80 479 1727 624; baseline 0.005 -19"><span class='ocrx_word' id='word_1_38' title='bbox 80 479 282 620; x_wconf 47' lang='grc' dir='ltr'>ὠῗιιιιιιιῖιιιι</span> <span class='ocrx_word' id='word_1_39' title='bbox 297 547 381 605; x_wconf 85' lang='lat' dir='ltr'><strong>Bedre</strong></span> <span class='ocrx_word' id='word_1_40' title='bbox 395 564 482 621; x_wconf 88' lang='lat' dir='ltr'><strong>usque</strong></span> <span class='ocrx_word' id='word_1_41' title='bbox 496 550 530 605; x_wconf 90' lang='lat' dir='ltr'><strong>ed</strong></span> <span class='ocrx_word' id='word_1_42' title='bbox 545 548 795 605; x_wconf 68' lang='lat' dir='ltr'><strong>malmesburiensis</strong></span> <span class='ocrx_word' id='word_1_43' title='bbox 818 556 937 611; x_wconf 82' lang='lat' dir='ltr'><strong>atatem,</strong></span> <span class='ocrx_word' id='word_1_44' title='bbox 953 547 1057 604; x_wconf 86' lang='lat' dir='ltr'><strong>scilieet</strong></span> <span class='ocrx_word' id='word_1_45' title='bbox 1081 556 1196 621; x_wconf 88' lang='lat' dir='ltr'><strong>quatuor</strong></span> <span class='ocrx_word' id='word_1_46' title='bbox 1217 546 1380 605; x_wconf 76' lang='lat' dir='ltr'><strong>secutorum</strong></span> <span class='ocrx_word' id='word_1_47' title='bbox 1401 549 1499 620; x_wconf 89' lang='lat' dir='ltr'><strong>spatio,</strong></span> <span class='ocrx_word' id='word_1_48' title='bbox 1515 553 1668 624; x_wconf 90' lang='lat' dir='ltr'><strong>llnglorum</strong></span> <span class='ocrx_word' id='word_1_49' title='bbox 1683 558 1727 613; x_wconf 90' lang='lat' dir='ltr'><strong>hi-</strong></span> 
     </span>
    </p>
   </div>
   <div class='ocr_carea' id='block_1_3' title="bbox 79 620 1833 692">
    <p class='ocr_par' dir='ltr' id='par_1_3' title="bbox 79 620 1833 692">
     <span class='ocr_line' id='line_1_5' title="bbox 79 620 1833 692; baseline 0.001 -15"><span class='ocrx_word' id='word_1_50' title='bbox 79 620 163 677; x_wconf 74' lang='lat' dir='ltr'><strong>unni</strong></span> <span class='ocrx_word' id='word_1_51' title='bbox 180 621 308 677; x_wconf 86' lang='lat' dir='ltr'><strong>brevibus</strong></span> <span class='ocrx_word' id='word_1_52' title='bbox 322 629 425 675; x_wconf 89' lang='lat' dir='ltr'><strong>tanturn</strong></span> <span class='ocrx_word' id='word_1_53' title='bbox 440 629 467 675; x_wconf 93' lang='lat' dir='ltr'><strong>et</strong></span> <span class='ocrx_word' id='word_1_54' title='bbox 478 621 582 692; x_wconf 86' lang='lat' dir='ltr'><strong>jejunis</strong></span> <span class='ocrx_word' id='word_1_55' title='bbox 599 623 742 676; x_wconf 90' lang='lat' dir='ltr'><strong>annalibus</strong></span> <span class='ocrx_word' id='word_1_56' title='bbox 763 629 885 688; x_wconf 90' lang='lat' dir='ltr'><strong>constet,</strong></span> <span class='ocrx_word' id='word_1_57' title='bbox 908 621 935 674; x_wconf 93' lang='lat' dir='ltr'><strong>in</strong></span> <span class='ocrx_word' id='word_1_58' title='bbox 958 620 1056 689; x_wconf 88' lang='lat' dir='ltr'><strong>quibus</strong></span> <span class='ocrx_word' id='word_1_59' title='bbox 1077 621 1152 674; x_wconf 90' lang='lat' dir='ltr'><strong>nulla</strong></span> <span class='ocrx_word' id='word_1_60' title='bbox 1174 621 1401 675; x_wconf 79' lang='lat' dir='ltr'><strong>documentorum</strong></span> <span class='ocrx_word' id='word_1_61' title='bbox 1425 622 1614 680; x_wconf 90' lang='lat' dir='ltr'><strong>historicorum</strong></span> <span class='ocrx_word' id='word_1_62' title='bbox 1631 636 1659 682; x_wconf 92' lang='lat' dir='ltr'><strong>et</strong></span> <span class='ocrx_word' id='word_1_63' title='bbox 1675 645 1723 684; x_wconf 89' lang='lat' dir='ltr'><strong>ra·</strong></span> <span class='ocrx_word' id='word_1_64' title='bbox 1817 656 1833 679; x_wconf 44' lang='lat' dir='ltr'><strong>a</strong></span> 
     </span>
    </p>
   </div>
   <div class='ocr_carea' id='block_1_4' title="bbox 67 690 1723 4808">
    <p class='ocr_par' dir='ltr' id='par_1_4' title="bbox 74 690 1723 2043">
     <span class='ocr_line' id='line_1_6' title="bbox 81 690 1722 767; baseline 0.005 -22"><span class='ocrx_word' id='word_1_65' title='bbox 81 692 166 747; x_wconf 87' lang='lat' dir='ltr'><strong>tionis</strong></span> <span class='ocrx_word' id='word_1_66' title='bbox 178 692 272 748; x_wconf 81' lang='lat' dir='ltr'><strong>crisim</strong></span> <span class='ocrx_word' id='word_1_67' title='bbox 292 690 435 758; x_wconf 89' lang='lat' dir='ltr'><strong>deductio,</strong></span> <span class='ocrx_word' id='word_1_68' title='bbox 451 692 526 746; x_wconf 92' lang='lat' dir='ltr'><strong>nulle</strong></span> <span class='ocrx_word' id='word_1_69' title='bbox 541 702 702 755; x_wconf 80' lang='lat' dir='ltr'><strong>eventuum,</strong></span> <span class='ocrx_word' id='word_1_70' title='bbox 719 692 809 761; x_wconf 78' lang='lat' dir='ltr'><strong>quoad</strong></span> <span class='ocrx_word' id='word_1_71' title='bbox 834 691 975 765; x_wconf 85' lang='lat' dir='ltr'><strong>regiminis</strong></span> <span class='ocrx_word' id='word_1_72' title='bbox 999 690 1100 760; x_wconf 81' lang='lat' dir='ltr'><strong>politici</strong></span> <span class='ocrx_word' id='word_1_73' title='bbox 1125 699 1242 757; x_wconf 90' lang='lat' dir='ltr'><strong>statum,</strong></span> <span class='ocrx_word' id='word_1_74' title='bbox 1268 691 1441 760; x_wconf 88' lang='lat' dir='ltr'><strong>ponderatio.</strong></span> <span class='ocrx_word' id='word_1_75' title='bbox 1463 693 1722 767; x_wconf 87' lang='lat' dir='ltr'><strong>blalmesburiensis,</strong></span> 
     </span>
     <span class='ocr_line' id='line_1_7' title="bbox 79 761 1723 834; baseline 0.005 -17"><span class='ocrx_word' id='word_1_76' title='bbox 79 771 109 817; x_wconf 92' lang='lat' dir='ltr'><strong>ut</strong></span> <span class='ocrx_word' id='word_1_77' title='bbox 121 778 188 818; x_wconf 85' lang='lat' dir='ltr'><strong>suos</strong></span> <span class='ocrx_word' id='word_1_78' title='bbox 202 770 293 818; x_wconf 89' lang='lat' dir='ltr'><strong>monet</strong></span> <span class='ocrx_word' id='word_1_79' title='bbox 308 763 443 826; x_wconf 87' lang='lat' dir='ltr'><strong>lectores,</strong></span> <span class='ocrx_word' id='word_1_80' title='bbox 461 764 564 833; x_wconf 80' lang='lat' dir='ltr'><strong>prtinus</strong></span> <span class='ocrx_word' id='word_1_81' title='bbox 578 763 627 818; x_wconf 90' lang='lat' dir='ltr'><strong>luit</strong></span> <span class='ocrx_word' id='word_1_82' title='bbox 642 773 703 834; x_wconf 91' lang='lat' dir='ltr'><strong>post</strong></span> <span class='ocrx_word' id='word_1_83' title='bbox 717 765 814 818; x_wconf 84' lang='lat' dir='ltr'><strong>Hedum</strong></span> <span class='ocrx_word' id='word_1_84' title='bbox 831 780 875 833; x_wconf 90' lang='lat' dir='ltr'><strong>qui</strong></span> <span class='ocrx_word' id='word_1_85' title='bbox 891 762 925 818; x_wconf 90' lang='lat' dir='ltr'><strong>ed</strong></span> <span class='ocrx_word' id='word_1_86' title='bbox 940 761 1062 817; x_wconf 91' lang='lat' dir='ltr'><strong>altiorem</strong></span> <span class='ocrx_word' id='word_1_87' title='bbox 1078 777 1159 834; x_wconf 90' lang='lat' dir='ltr'><strong>quam</strong></span> <span class='ocrx_word' id='word_1_88' title='bbox 1175 762 1241 817; x_wconf 90' lang='lat' dir='ltr'><strong>meri</strong></span> <span class='ocrx_word' id='word_1_89' title='bbox 1256 762 1396 817; x_wconf 80' lang='lat' dir='ltr'><strong>unnetistae</strong></span> <span class='ocrx_word' id='word_1_90' title='bbox 1415 763 1514 817; x_wconf 86' lang='lat' dir='ltr'><strong>leniam</strong></span> <span class='ocrx_word' id='word_1_91' title='bbox 1537 769 1723 827; x_wconf 82' lang='lat' dir='ltr'><strong>conscendere</strong></span> 
     </span>
     <span class='ocr_line' id='line_1_8' title="bbox 78 832 1717 910; baseline 0.004 -22"><span class='ocrx_word' id='word_1_92' title='bbox 78 834 224 900; x_wconf 84' lang='lat' dir='ltr'><strong>niteretur,</strong></span> <span class='ocrx_word' id='word_1_93' title='bbox 248 833 459 904; x_wconf 88' lang='lat' dir='ltr'><strong>continuamque</strong></span> <span class='ocrx_word' id='word_1_94' title='bbox 483 835 588 904; x_wconf 77' lang='lat' dir='ltr'><strong>Anglito</strong></span> <span class='ocrx_word' id='word_1_95' title='bbox 612 835 753 890; x_wconf 73' lang='lat' dir='ltr'><strong>historiam</strong></span> <span class='ocrx_word' id='word_1_96' title='bbox 772 834 950 891; x_wconf 85' lang='lat' dir='ltr'><strong>conscribere</strong></span> <span class='ocrx_word' id='word_1_97' title='bbox 972 848 1119 904; x_wconf 81' lang='lat' dir='ltr'><strong>eggressus</strong></span> <span class='ocrx_word' id='word_1_98' title='bbox 1142 833 1188 887; x_wconf 89' lang='lat' dir='ltr'><strong>sit.</strong></span> <span class='ocrx_word' id='word_1_99' title='bbox 1216 854 1227 884; x_wconf 82' lang='grc' dir='ltr'><strong>ι</strong></span> <span class='ocrx_word' id='word_1_100' title='bbox 1254 832 1315 897; x_wconf 88' lang='lat' dir='ltr'><strong>Hes,</strong></span> <span class='ocrx_word' id='word_1_101' title='bbox 1331 833 1428 903; x_wconf 88' lang='lat' dir='ltr'><strong>inquit,</strong></span> <span class='ocrx_word' id='word_1_102' title='bbox 1445 834 1595 906; x_wconf 83' lang='lat' dir='ltr'><strong>huglorum</strong></span> <span class='ocrx_word' id='word_1_103' title='bbox 1615 847 1717 910; x_wconf 85' lang='lat' dir='ltr'><strong>gestas,</strong></span> 
     </span>
     <span class='ocr_line' id='line_1_9' title="bbox 79 904 1721 979; baseline 0.004 -19"><span class='ocrx_word' id='word_1_104' title='bbox 79 905 165 971; x_wconf 82' lang='lat' dir='ltr'><strong>Beda,</strong></span> <span class='ocrx_word' id='word_1_105' title='bbox 180 905 223 960; x_wconf 87' lang='lat' dir='ltr'><strong>vit·</strong></span> <span class='ocrx_word' id='word_1_106' title='bbox 237 905 354 961; x_wconf 82' lang='lat' dir='ltr'><strong>maxime</strong></span> <span class='ocrx_word' id='word_1_107' title='bbox 369 905 463 960; x_wconf 92' lang='lat' dir='ltr'><strong>doctus</strong></span> <span class='ocrx_word' id='word_1_108' title='bbox 477 913 504 961; x_wconf 90' lang='grc' dir='ltr'><strong>ιι</strong></span> <span class='ocrx_word' id='word_1_109' title='bbox 519 906 629 960; x_wconf 91' lang='lat' dir='ltr'><strong>mininie</strong></span> <span class='ocrx_word' id='word_1_110' title='bbox 643 906 795 976; x_wconf 90' lang='lat' dir='ltr'><strong>superbus,</strong></span> <span class='ocrx_word' id='word_1_111' title='bbox 810 906 845 960; x_wconf 85' lang='lat' dir='ltr'><strong>ab</strong></span> <span class='ocrx_word' id='word_1_112' title='bbox 858 905 974 960; x_wconf 89' lang='lat' dir='ltr'><strong>adventu</strong></span> <span class='ocrx_word' id='word_1_113' title='bbox 989 919 1082 959; x_wconf 90' lang='lat' dir='ltr'><strong>eorum</strong></span> <span class='ocrx_word' id='word_1_114' title='bbox 1097 905 1124 958; x_wconf 92' lang='lat' dir='ltr'><strong>in</strong></span> <span class='ocrx_word' id='word_1_115' title='bbox 1138 904 1304 958; x_wconf 80' lang='lat' dir='ltr'><strong>Britanniam</strong></span> <span class='ocrx_word' id='word_1_116' title='bbox 1320 919 1406 974; x_wconf 86' lang='lat' dir='ltr'><strong>usque</strong></span> <span class='ocrx_word' id='word_1_117' title='bbox 1420 904 1456 958; x_wconf 90' lang='lat' dir='ltr'><strong>ad</strong></span> <span class='ocrx_word' id='word_1_118' title='bbox 1471 921 1537 961; x_wconf 88' lang='lat' dir='ltr'><strong>suos</strong></span> <span class='ocrx_word' id='word_1_119' title='bbox 1559 909 1618 963; x_wconf 92' lang='lat' dir='ltr'><strong>dies</strong></span> <span class='ocrx_word' id='word_1_120' title='bbox 1641 911 1721 979; x_wconf 93' lang='lat' dir='ltr'><strong>plano</strong></span> 
     </span>
     <span class='ocr_line' id='line_1_10' title="bbox 81 974 1721 1046; baseline 0.004 -15"><span class='ocrx_word' id='word_1_121' title='bbox 81 975 198 1031; x_wconf 87' lang='lat' dir='ltr'><strong>etsuavi</strong></span> <span class='ocrx_word' id='word_1_122' title='bbox 214 991 340 1031; x_wconf 90' lang='lat' dir='ltr'><strong>sermone</strong></span> <span class='ocrx_word' id='word_1_123' title='bbox 354 975 488 1039; x_wconf 89' lang='lat' dir='ltr'><strong>absolvit;</strong></span> <span class='ocrx_word' id='word_1_124' title='bbox 514 982 574 1046; x_wconf 90' lang='lat' dir='ltr'><strong>post</strong></span> <span class='ocrx_word' id='word_1_125' title='bbox 598 992 659 1031; x_wconf 90' lang='lat' dir='ltr'><strong>eum</strong></span> <span class='ocrx_word' id='word_1_126' title='bbox 674 992 729 1032; x_wconf 94' lang='lat' dir='ltr'><strong>non</strong></span> <span class='ocrx_word' id='word_1_127' title='bbox 743 977 838 1040; x_wconf 88' lang='lat' dir='ltr'><strong>lecile,</strong></span> <span class='ocrx_word' id='word_1_128' title='bbox 861 983 890 1031; x_wconf 92' lang='lat' dir='ltr'><strong>ut</strong></span> <span class='ocrx_word' id='word_1_129' title='bbox 911 975 1037 1040; x_wconf 80' lang='lat' dir='ltr'><strong>arbitror,</strong></span> <span class='ocrx_word' id='word_1_130' title='bbox 1062 974 1184 1043; x_wconf 88' lang='lat' dir='ltr'><strong>reperies</strong></span> <span class='ocrx_word' id='word_1_131' title='bbox 1207 975 1253 1044; x_wconf 85' lang='lat' dir='ltr'><strong>qui</strong></span> <span class='ocrx_word' id='word_1_132' title='bbox 1276 975 1395 1029; x_wconf 88' lang='lat' dir='ltr'><strong>historiis</strong></span> <span class='ocrx_word' id='word_1_133' title='bbox 1418 975 1491 1029; x_wconf 89' lang='lat' dir='ltr'><strong>illius</strong></span> <span class='ocrx_word' id='word_1_134' title='bbox 1512 979 1603 1045; x_wconf 84' lang='lat' dir='ltr'><strong>gentis</strong></span> <span class='ocrx_word' id='word_1_135' title='bbox 1626 982 1721 1038; x_wconf 87' lang='lat' dir='ltr'><strong>Latine</strong></span> 
     </span>
     <span class='ocr_line' id='line_1_11' title="bbox 79 1044 1721 1120; baseline 0.002 -18"><span class='ocrx_word' id='word_1_136' title='bbox 79 1048 207 1103; x_wconf 82' lang='lat' dir='ltr'><strong>oratione</strong></span> <span class='ocrx_word' id='word_1_137' title='bbox 229 1046 351 1103; x_wconf 83' lang='lat' dir='ltr'><strong>texendis</strong></span> <span class='ocrx_word' id='word_1_138' title='bbox 371 1047 492 1101; x_wconf 89' lang='lat' dir='ltr'><strong>animum</strong></span> <span class='ocrx_word' id='word_1_139' title='bbox 516 1047 631 1102; x_wconf 88' lang='lat' dir='ltr'><strong>dederit.</strong></span> <span class='ocrx_word' id='word_1_140' title='bbox 661 1048 783 1103; x_wconf 87' lang='lat' dir='ltr'><strong>Viderint</strong></span> <span class='ocrx_word' id='word_1_141' title='bbox 805 1046 852 1103; x_wconf 87' lang='lat' dir='ltr'><strong>alii</strong></span> <span class='ocrx_word' id='word_1_142' title='bbox 876 1046 900 1102; x_wconf 89' lang='lat' dir='ltr'><strong>si</strong></span> <span class='ocrx_word' id='word_1_143' title='bbox 921 1047 985 1119; x_wconf 88' lang='lat' dir='ltr'><strong>quid</strong></span> <span class='ocrx_word' id='word_1_144' title='bbox 1006 1061 1101 1102; x_wconf 86' lang='lat' dir='ltr'><strong>cerum</strong></span> <span class='ocrx_word' id='word_1_145' title='bbox 1123 1061 1215 1100; x_wconf 91' lang='lat' dir='ltr'><strong>rerum</strong></span> <span class='ocrx_word' id='word_1_146' title='bbox 1235 1045 1292 1112; x_wconf 87' lang='lat' dir='ltr'><strong>jem</strong></span> <span class='ocrx_word' id='word_1_147' title='bbox 1315 1044 1484 1113; x_wconf 90' lang='lat' dir='ltr'><strong>invenerint,</strong></span> <span class='ocrx_word' id='word_1_148' title='bbox 1509 1047 1553 1102; x_wconf 88' lang='lat' dir='ltr'><strong>vel</strong></span> <span class='ocrx_word' id='word_1_149' title='bbox 1576 1059 1638 1120; x_wconf 89' lang='lat' dir='ltr'><strong>post</strong></span> <span class='ocrx_word' id='word_1_150' title='bbox 1662 1053 1721 1110; x_wconf 80' lang='lat' dir='ltr'><strong>haec</strong></span> 
     </span>
     <span class='ocr_line' id='line_1_12' title="bbox 79 1116 1722 1189; baseline 0.002 -18"><span class='ocrx_word' id='word_1_151' title='bbox 79 1117 216 1173; x_wconf 75' lang='lat' dir='ltr'><strong>inventuri</strong></span> <span class='ocrx_word' id='word_1_152' title='bbox 230 1118 303 1185; x_wconf 83' lang='lat' dir='ltr'><strong>aint,·</strong></span> <span class='ocrx_word' id='word_1_153' title='bbox 315 1127 407 1174; x_wconf 71' lang='lat' dir='ltr'><strong>noser</strong></span> <span class='ocrx_word' id='word_1_154' title='bbox 421 1119 506 1182; x_wconf 89' lang='lat' dir='ltr'><strong>labor,</strong></span> <span class='ocrx_word' id='word_1_155' title='bbox 522 1118 585 1174; x_wconf 89' lang='lat' dir='ltr'><strong>licet</strong></span> <span class='ocrx_word' id='word_1_156' title='bbox 599 1120 628 1175; x_wconf 94' lang='lat' dir='ltr'><strong>iii</strong></span> <span class='ocrx_word' id='word_1_157' title='bbox 644 1120 791 1189; x_wconf 80' lang='lat' dir='ltr'><strong>quaerendo</strong></span> <span class='ocrx_word' id='word_1_158' title='bbox 805 1118 935 1174; x_wconf 88' lang='lat' dir='ltr'><strong>sollicites</strong></span> <span class='ocrx_word' id='word_1_159' title='bbox 949 1118 1054 1173; x_wconf 87' lang='lat' dir='ltr'><strong>duxerit</strong></span> <span class='ocrx_word' id='word_1_160' title='bbox 1068 1117 1210 1181; x_wconf 83' lang='lat' dir='ltr'><strong>excubias,</strong></span> <span class='ocrx_word' id='word_1_161' title='bbox 1227 1116 1322 1171; x_wconf 83' lang='lat' dir='ltr'><strong>trustra</strong></span> <span class='ocrx_word' id='word_1_162' title='bbox 1337 1116 1372 1171; x_wconf 88' lang='lat' dir='ltr'><strong>ad</strong></span> <span class='ocrx_word' id='word_1_163' title='bbox 1387 1116 1439 1172; x_wconf 91' lang='lat' dir='ltr'><strong>hoc</strong></span> <span class='ocrx_word' id='word_1_164' title='bbox 1462 1123 1567 1188; x_wconf 90' lang='lat' dir='ltr'><strong>tempus</strong></span> <span class='ocrx_word' id='word_1_165' title='bbox 1590 1137 1722 1178; x_wconf 90' lang='lat' dir='ltr'><strong>consum-</strong></span> 
     </span>
     <span class='ocr_line' id='line_1_13' title="bbox 80 1187 1720 1262; baseline 0.004 -19"><span class='ocrx_word' id='word_1_166' title='bbox 80 1188 134 1260; x_wconf 87' lang='lat' dir='ltr'><strong>psit</strong></span> <span class='ocrx_word' id='word_1_167' title='bbox 147 1204 269 1260; x_wconf 85' lang='lat' dir='ltr'><strong>operam.</strong></span> <span class='ocrx_word' id='word_1_168' title='bbox 294 1189 361 1244; x_wconf 90' lang='lat' dir='ltr'><strong>Sunt</strong></span> <span class='ocrx_word' id='word_1_169' title='bbox 375 1205 440 1243; x_wconf 90' lang='lat' dir='ltr'><strong>sene</strong></span> <span class='ocrx_word' id='word_1_170' title='bbox 461 1191 586 1262; x_wconf 79' lang='lat' dir='ltr'><strong>quaedem</strong></span> <span class='ocrx_word' id='word_1_171' title='bbox 611 1191 749 1245; x_wconf 84' lang='lat' dir='ltr'><strong>vetustatis</strong></span> <span class='ocrx_word' id='word_1_172' title='bbox 771 1189 871 1245; x_wconf 90' lang='lat' dir='ltr'><strong>indicia</strong></span> <span class='ocrx_word' id='word_1_173' title='bbox 893 1188 1023 1244; x_wconf 91' lang='lat' dir='ltr'><strong>chronico</strong></span> <span class='ocrx_word' id='word_1_174' title='bbox 1048 1203 1125 1242; x_wconf 89' lang='lat' dir='ltr'><strong>more</strong></span> <span class='ocrx_word' id='word_1_175' title='bbox 1149 1195 1176 1242; x_wconf 92' lang='grc' dir='ltr'><strong>ιι</strong></span> <span class='ocrx_word' id='word_1_176' title='bbox 1201 1187 1285 1257; x_wconf 89' lang='lat' dir='ltr'><strong>patrio</strong></span> <span class='ocrx_word' id='word_1_177' title='bbox 1309 1203 1435 1243; x_wconf 89' lang='lat' dir='ltr'><strong>sermone</strong></span> <span class='ocrx_word' id='word_1_178' title='bbox 1450 1204 1598 1258; x_wconf 89' lang='lat' dir='ltr'><strong>perennes</strong></span> <span class='ocrx_word' id='word_1_179' title='bbox 1614 1193 1720 1250; x_wconf 88' lang='lat' dir='ltr'><strong>Domini</strong></span> 
     </span>
     <span class='ocr_line' id='line_1_14' title="bbox 77 1258 1717 1330; baseline 0.001 -15"><span class='ocrx_word' id='word_1_180' title='bbox 77 1260 217 1315; x_wconf 86' lang='lat' dir='ltr'><strong>ordinata.</strong></span> <span class='ocrx_word' id='word_1_181' title='bbox 240 1261 291 1314; x_wconf 85' lang='lat' dir='ltr'><strong>l’er</strong></span> <span class='ocrx_word' id='word_1_182' title='bbox 305 1261 363 1315; x_wconf 83' lang='lat' dir='ltr'><strong>baec</strong></span> <span class='ocrx_word' id='word_1_183' title='bbox 376 1260 480 1316; x_wconf 90' lang='lat' dir='ltr'><strong>senium</strong></span> <span class='ocrx_word' id='word_1_184' title='bbox 495 1261 640 1316; x_wconf 88' lang='lat' dir='ltr'><strong>oblivionis</strong></span> <span class='ocrx_word' id='word_1_185' title='bbox 654 1260 767 1317; x_wconf 78' lang='lat' dir='ltr'><strong>electuri</strong></span> <span class='ocrx_word' id='word_1_186' title='bbox 783 1269 941 1315; x_wconf 90' lang='lat' dir='ltr'><strong>meruerunt</strong></span> <span class='ocrx_word' id='word_1_187' title='bbox 957 1266 1267 1330; x_wconf 77' lang='lat' dir='ltr'><strong>quecumqueteinpnra</strong></span> <span class='ocrx_word' id='word_1_188' title='bbox 1281 1258 1432 1326; x_wconf 86' lang='lat' dir='ltr'><strong>pastillum</strong></span> <span class='ocrx_word' id='word_1_189' title='bbox 1456 1258 1542 1315; x_wconf 85' lang='lat' dir='ltr'><strong>virum</strong></span> <span class='ocrx_word' id='word_1_190' title='bbox 1566 1261 1717 1321; x_wconf 83' lang='lat' dir='ltr'><strong>fluxerunt.</strong></span> 
     </span>
     <span class='ocr_line' id='line_1_15' title="bbox 78 1329 1719 1404; baseline 0.003 -18"><span class='ocrx_word' id='word_1_191' title='bbox 78 1333 149 1386; x_wconf 88' lang='lat' dir='ltr'><strong>Nem</strong></span> <span class='ocrx_word' id='word_1_192' title='bbox 164 1331 199 1386; x_wconf 88' lang='lat' dir='ltr'><strong>de</strong></span> <span class='ocrx_word' id='word_1_193' title='bbox 213 1330 385 1397; x_wconf 81' lang='lat' dir='ltr'><strong>AEtelivatdo,</strong></span> <span class='ocrx_word' id='word_1_194' title='bbox 401 1331 497 1386; x_wconf 87' lang='lat' dir='ltr'><strong>illustri</strong></span> <span class='ocrx_word' id='word_1_195' title='bbox 512 1341 538 1387; x_wconf 91' lang='lat' dir='ltr'><strong>et</strong></span> <span class='ocrx_word' id='word_1_196' title='bbox 553 1331 698 1404; x_wconf 86' lang='lat' dir='ltr'><strong>magnilica</strong></span> <span class='ocrx_word' id='word_1_197' title='bbox 711 1332 780 1398; x_wconf 88' lang='lat' dir='ltr'><strong>viro,</strong></span> <span class='ocrx_word' id='word_1_198' title='bbox 797 1332 842 1403; x_wconf 88' lang='lat' dir='ltr'><strong>qui</strong></span> <span class='ocrx_word' id='word_1_199' title='bbox 863 1330 992 1387; x_wconf 89' lang='lat' dir='ltr'><strong>chronica</strong></span> <span class='ocrx_word' id='word_1_200' title='bbox 1006 1330 1053 1383; x_wconf 93' lang='lat' dir='ltr'><strong>ille</strong></span> <span class='ocrx_word' id='word_1_201' title='bbox 1068 1329 1162 1384; x_wconf 87' lang='lat' dir='ltr'><strong>Latine</strong></span> <span class='ocrx_word' id='word_1_202' title='bbox 1185 1344 1315 1400; x_wconf 86' lang='lat' dir='ltr'><strong>egressus</strong></span> <span class='ocrx_word' id='word_1_203' title='bbox 1337 1337 1379 1383; x_wconf 91' lang='lat' dir='ltr'><strong>est</strong></span> <span class='ocrx_word' id='word_1_204' title='bbox 1398 1329 1423 1383; x_wconf 89' lang='lat' dir='ltr'><strong>dl</strong></span> <span class='ocrx_word' id='word_1_205' title='bbox 1446 1345 1535 1396; x_wconf 87' lang='lat' dir='ltr'><strong>erere,</strong></span> <span class='ocrx_word' id='word_1_206' title='bbox 1549 1343 1658 1402; x_wconf 77' lang='lat' dir='ltr'><strong>praestet</strong></span> <span class='ocrx_word' id='word_1_207' title='bbox 1679 1337 1719 1391; x_wconf 91' lang='lat' dir='ltr'><strong>ai·</strong></span> 
     </span>
     <span class='ocr_line' id='line_1_16' title="bbox 78 1345 1718 1472; baseline 0.004 -16"><span class='ocrx_word' id='word_1_208' title='bbox 78 1401 139 1459; x_wconf 90' lang='lat' dir='ltr'><strong>lere</strong></span> <span class='ocrx_word' id='word_1_209' title='bbox 153 1405 231 1469; x_wconf 80' lang='lat' dir='ltr'><strong>cnjus</strong></span> <span class='ocrx_word' id='word_1_210' title='bbox 244 1402 311 1456; x_wconf 91' lang='lat' dir='ltr'><strong>mihi</strong></span> <span class='ocrx_word' id='word_1_211' title='bbox 325 1410 397 1458; x_wconf 87' lang='lat' dir='ltr'><strong>esset</strong></span> <span class='ocrx_word' id='word_1_212' title='bbox 413 1403 526 1458; x_wconf 91' lang='lat' dir='ltr'><strong>intentio</strong></span> <span class='ocrx_word' id='word_1_213' title='bbox 538 1404 641 1471; x_wconf 87' lang='lat' dir='ltr'><strong>animo,</strong></span> <span class='ocrx_word' id='word_1_214' title='bbox 657 1404 679 1457; x_wconf 93' lang='lat' dir='ltr'><strong>si</strong></span> <span class='ocrx_word' id='word_1_215' title='bbox 694 1418 747 1458; x_wconf 94' lang='lat' dir='ltr'><strong>non</strong></span> <span class='ocrx_word' id='word_1_216' title='bbox 762 1411 854 1458; x_wconf 88' lang='lat' dir='ltr'><strong>essent</strong></span> <span class='ocrx_word' id='word_1_217' title='bbox 867 1401 952 1457; x_wconf 89' lang='lat' dir='ltr'><strong>verba</strong></span> <span class='ocrx_word' id='word_1_218' title='bbox 967 1399 1088 1456; x_wconf 90' lang='lat' dir='ltr'><strong>lastidio.</strong></span> <span class='ocrx_word' id='word_1_219' title='bbox 1112 1400 1168 1455; x_wconf 91' lang='lat' dir='ltr'><strong>Nec</strong></span> <span class='ocrx_word' id='word_1_220' title='bbox 1182 1415 1247 1456; x_wconf 87' lang='lat' dir='ltr'><strong>vero</strong></span> <span class='ocrx_word' id='word_1_221' title='bbox 1263 1406 1381 1455; x_wconf 82' lang='lat' dir='ltr'><strong>nostram</strong></span> <span class='ocrx_word' id='word_1_222' title='bbox 1403 1345 1499 1472; x_wconf 49' lang='lat' dir='ltr'><strong>effugit</strong></span> <span class='ocrx_word' id='word_1_223' title='bbox 1521 1405 1718 1463; x_wconf 89' lang='lat' dir='ltr'><strong>conscientiam</strong></span> 
     </span>
     <span class='ocr_line' id='line_1_17' title="bbox 78 1470 1721 1546; baseline 0.001 -18"><span class='ocrx_word' id='word_1_224' title='bbox 78 1473 185 1530; x_wconf 90' lang='lat' dir='ltr'><strong>domini</strong></span> <span class='ocrx_word' id='word_1_225' title='bbox 199 1473 309 1529; x_wconf 74' lang='lat' dir='ltr'><strong>iidmeri</strong></span> <span class='ocrx_word' id='word_1_226' title='bbox 322 1473 411 1529; x_wconf 82' lang='lat' dir='ltr'><strong>sobria</strong></span> <span class='ocrx_word' id='word_1_227' title='bbox 425 1474 560 1529; x_wconf 89' lang='lat' dir='ltr'><strong>sermonis</strong></span> <span class='ocrx_word' id='word_1_228' title='bbox 572 1473 715 1529; x_wconf 76' lang='lat' dir='ltr'><strong>lestiiitnte</strong></span> <span class='ocrx_word' id='word_1_229' title='bbox 728 1474 915 1529; x_wconf 89' lang='lat' dir='ltr'><strong>elucubratum</strong></span> <span class='ocrx_word' id='word_1_230' title='bbox 929 1486 1018 1542; x_wconf 86' lang='lat' dir='ltr'><strong>opus;</strong></span> <span class='ocrx_word' id='word_1_231' title='bbox 1039 1471 1067 1525; x_wconf 88' lang='lat' dir='ltr'><strong>in</strong></span> <span class='ocrx_word' id='word_1_232' title='bbox 1081 1485 1135 1542; x_wconf 86' lang='lat' dir='ltr'><strong>quo</strong></span> <span class='ocrx_word' id='word_1_233' title='bbox 1149 1486 1165 1524; x_wconf 96' lang='lat' dir='ltr'><strong>e</strong></span> <span class='ocrx_word' id='word_1_234' title='bbox 1179 1486 1245 1544; x_wconf 87' lang='lat' dir='ltr'><strong>rege</strong></span> <span class='ocrx_word' id='word_1_235' title='bbox 1260 1470 1388 1541; x_wconf 74' lang='lat' dir='ltr'><strong>liudgero</strong></span> <span class='ocrx_word' id='word_1_236' title='bbox 1402 1486 1481 1526; x_wconf 86' lang='lat' dir='ltr'><strong>orsus</strong></span> <span class='ocrx_word' id='word_1_237' title='bbox 1496 1490 1583 1546; x_wconf 83' lang='lat' dir='ltr'><strong>usque</strong></span> <span class='ocrx_word' id='word_1_238' title='bbox 1596 1476 1629 1530; x_wconf 92' lang='lat' dir='ltr'><strong>ad</strong></span> <span class='ocrx_word' id='word_1_239' title='bbox 1644 1478 1721 1531; x_wconf 87' lang='lat' dir='ltr'><strong>Wil-</strong></span> 
     </span>
     <span class='ocr_line' id='line_1_18' title="bbox 78 1541 1719 1667; baseline 0.004 -69"><span class='ocrx_word' id='word_1_240' title='bbox 78 1543 192 1599; x_wconf 87' lang='lat' dir='ltr'><strong>tetinnin</strong></span> <span class='ocrx_word' id='word_1_241' title='bbox 206 1547 323 1616; x_wconf 92' lang='lat' dir='ltr'><strong>primum</strong></span> <span class='ocrx_word' id='word_1_242' title='bbox 347 1546 444 1613; x_wconf 86' lang='lat' dir='ltr'><strong>raptim</strong></span> <span class='ocrx_word' id='word_1_243' title='bbox 470 1553 594 1616; x_wconf 89' lang='lat' dir='ltr'><strong>tempora</strong></span> <span class='ocrx_word' id='word_1_244' title='bbox 618 1545 784 1614; x_wconf 82' lang='lat' dir='ltr'><strong>perstrinxit,</strong></span> <span class='ocrx_word' id='word_1_245' title='bbox 809 1552 836 1600; x_wconf 93' lang='lat' dir='ltr'><strong>et</strong></span> <span class='ocrx_word' id='word_1_246' title='bbox 856 1543 919 1598; x_wconf 91' lang='lat' dir='ltr'><strong>inde</strong></span> <span class='ocrx_word' id='word_1_247' title='bbox 942 1543 1067 1623; x_wconf 83' lang='lat' dir='ltr'><strong>licentius</strong></span> <span class='ocrx_word' id='word_1_248' title='bbox 1089 1548 1220 1667; x_wconf 52' lang='lat' dir='ltr'><strong>evagatus</strong></span> <span class='ocrx_word' id='word_1_249' title='bbox 1235 1541 1377 1623; x_wconf 78' lang='lat' dir='ltr'><strong>usquead</strong></span> <span class='ocrx_word' id='word_1_250' title='bbox 1396 1543 1499 1599; x_wconf 88' lang='lat' dir='ltr'><strong>ebitum</strong></span> <span class='ocrx_word' id='word_1_251' title='bbox 1518 1545 1646 1601; x_wconf 84' lang='lat' dir='ltr'><strong>Anselini</strong></span> <span class='ocrx_word' id='word_1_252' title='bbox 1661 1549 1719 1620; x_wconf 83' lang='lat' dir='ltr'><strong>(te)</strong></span> 
     </span>
     <span class='ocr_line' id='line_1_19' title="bbox 76 1614 1720 1686; baseline 0.004 -17"><span class='ocrx_word' id='word_1_253' title='bbox 76 1616 290 1686; x_wconf 88' lang='lat' dir='ltr'><strong>archiepiscopi,</strong></span> <span class='ocrx_word' id='word_1_254' title='bbox 306 1614 432 1670; x_wconf 83' lang='lat' dir='ltr'><strong>dibusam</strong></span> <span class='ocrx_word' id='word_1_255' title='bbox 448 1625 473 1671; x_wconf 91' lang='lat' dir='ltr'><strong>ct</strong></span> <span class='ocrx_word' id='word_1_256' title='bbox 489 1619 667 1672; x_wconf 87' lang='lat' dir='ltr'><strong>necessariam</strong></span> <span class='ocrx_word' id='word_1_257' title='bbox 683 1616 825 1672; x_wconf 82' lang='lat' dir='ltr'><strong>historiam</strong></span> <span class='ocrx_word' id='word_1_258' title='bbox 840 1614 968 1670; x_wconf 86' lang='lat' dir='ltr'><strong>studiosis</strong></span> <span class='ocrx_word' id='word_1_259' title='bbox 981 1614 1114 1670; x_wconf 81' lang='lat' dir='ltr'><strong>exhibuit.</strong></span> <span class='ocrx_word' id='word_1_260' title='bbox 1153 1627 1180 1667; x_wconf 90' lang='grc' dir='ltr'><strong>ιι</strong></span> <span class='ocrx_word' id='word_1_261' title='bbox 1204 1620 1391 1681; x_wconf 71' lang='lat' dir='ltr'><strong>pretermissis</strong></span> <span class='ocrx_word' id='word_1_262' title='bbox 1405 1628 1421 1667; x_wconf 92' lang='lat' dir='ltr'><strong>e</strong></span> <span class='ocrx_word' id='word_1_263' title='bbox 1435 1621 1558 1684; x_wconf 89' lang='lat' dir='ltr'><strong>tempore</strong></span> <span class='ocrx_word' id='word_1_264' title='bbox 1573 1618 1652 1673; x_wconf 81' lang='lat' dir='ltr'><strong>bedae</strong></span> <span class='ocrx_word' id='word_1_265' title='bbox 1665 1620 1720 1675; x_wconf 93' lang='lat' dir='ltr'><strong>du-</strong></span> 
     </span>
     <span class='ocr_line' id='line_1_20' title="bbox 77 1683 1720 1758; baseline 0.002 -16"><span class='ocrx_word' id='word_1_266' title='bbox 77 1690 167 1742; x_wconf 90' lang='lat' dir='ltr'><strong>centis</strong></span> <span class='ocrx_word' id='word_1_267' title='bbox 179 1695 206 1743; x_wconf 88' lang='lat' dir='ltr'><strong>et</strong></span> <span class='ocrx_word' id='word_1_268' title='bbox 220 1687 314 1757; x_wconf 86' lang='lat' dir='ltr'><strong>viginti</strong></span> <span class='ocrx_word' id='word_1_269' title='bbox 330 1693 356 1741; x_wconf 91' lang='grc' dir='ltr'><strong>ιι</strong></span> <span class='ocrx_word' id='word_1_270' title='bbox 376 1687 461 1741; x_wconf 87' lang='lat' dir='ltr'><strong>tribue</strong></span> <span class='ocrx_word' id='word_1_271' title='bbox 475 1689 565 1751; x_wconf 88' lang='lat' dir='ltr'><strong>annis,</strong></span> <span class='ocrx_word' id='word_1_272' title='bbox 581 1703 650 1758; x_wconf 84' lang='lat' dir='ltr'><strong>quos</strong></span> <span class='ocrx_word' id='word_1_273' title='bbox 665 1689 713 1744; x_wconf 91' lang='lat' dir='ltr'><strong>iste</strong></span> <span class='ocrx_word' id='word_1_274' title='bbox 728 1688 802 1742; x_wconf 90' lang='lat' dir='ltr'><strong>oiille</strong></span> <span class='ocrx_word' id='word_1_275' title='bbox 820 1686 954 1742; x_wconf 89' lang='lat' dir='ltr'><strong>memorie</strong></span> <span class='ocrx_word' id='word_1_276' title='bbox 968 1685 1095 1758; x_wconf 89' lang='lat' dir='ltr'><strong>dignatus</strong></span> <span class='ocrx_word' id='word_1_277' title='bbox 1109 1691 1161 1752; x_wconf 89' lang='lat' dir='ltr'><strong>eat,</strong></span> <span class='ocrx_word' id='word_1_278' title='bbox 1177 1684 1281 1755; x_wconf 89' lang='lat' dir='ltr'><strong>absque</strong></span> <span class='ocrx_word' id='word_1_279' title='bbox 1304 1683 1459 1740; x_wconf 90' lang='lat' dir='ltr'><strong>litterarum</strong></span> <span class='ocrx_word' id='word_1_280' title='bbox 1483 1688 1633 1757; x_wconf 88' lang='lat' dir='ltr'><strong>patrocinio</strong></span> <span class='ocrx_word' id='word_1_281' title='bbox 1648 1691 1720 1746; x_wconf 91' lang='lat' dir='ltr'><strong>clau·</strong></span> 
     </span>
     <span class='ocr_line' id='line_1_21' title="bbox 76 1756 1718 1828; baseline 0.004 -17"><span class='ocrx_word' id='word_1_282' title='bbox 76 1758 149 1814; x_wconf 91' lang='lat' dir='ltr'><strong>dicet</strong></span> <span class='ocrx_word' id='word_1_283' title='bbox 163 1772 262 1814; x_wconf 89' lang='lat' dir='ltr'><strong>cursus</strong></span> <span class='ocrx_word' id='word_1_284' title='bbox 275 1766 426 1828; x_wconf 87' lang='lat' dir='ltr'><strong>temporum</strong></span> <span class='ocrx_word' id='word_1_285' title='bbox 441 1758 467 1813; x_wconf 90' lang='lat' dir='ltr'><strong>in</strong></span> <span class='ocrx_word' id='word_1_286' title='bbox 484 1760 574 1814; x_wconf 90' lang='lat' dir='ltr'><strong>medio</strong></span> <span class='ocrx_word' id='word_1_287' title='bbox 589 1775 596 1812; x_wconf 76' lang='grc' dir='ltr'><strong><em>ε</em></strong></span> <span class='ocrx_word' id='word_1_288' title='bbox 612 1759 684 1814; x_wconf 92' lang='lat' dir='ltr'><strong>unde</strong></span> <span class='ocrx_word' id='word_1_289' title='bbox 699 1759 763 1813; x_wconf 91' lang='lat' dir='ltr'><strong>milii</strong></span> <span class='ocrx_word' id='word_1_290' title='bbox 788 1767 844 1814; x_wconf 92' lang='lat' dir='ltr'><strong>tum</strong></span> <span class='ocrx_word' id='word_1_291' title='bbox 868 1765 979 1827; x_wconf 90' lang='lat' dir='ltr'><strong>propter</strong></span> <span class='ocrx_word' id='word_1_292' title='bbox 994 1757 1088 1828; x_wconf 73' lang='lat' dir='ltr'><strong>patries</strong></span> <span class='ocrx_word' id='word_1_293' title='bbox 1107 1756 1277 1817; x_wconf 90' lang='lat' dir='ltr'><strong>charitatem,</strong></span> <span class='ocrx_word' id='word_1_294' title='bbox 1300 1763 1356 1809; x_wconf 93' lang='lat' dir='ltr'><strong>tum</strong></span> <span class='ocrx_word' id='word_1_295' title='bbox 1385 1764 1498 1825; x_wconf 91' lang='lat' dir='ltr'><strong>propter</strong></span> <span class='ocrx_word' id='word_1_296' title='bbox 1517 1758 1718 1817; x_wconf 89' lang='lat' dir='ltr'><strong>adhortantium</strong></span> 
     </span>
     <span class='ocr_line' id='line_1_22' title="bbox 75 1826 1721 1901; baseline 0.001 -17"><span class='ocrx_word' id='word_1_297' title='bbox 75 1828 275 1894; x_wconf 77' lang='grc' dir='ltr'>ιιιιοιίιιιιιι,</span> <span class='ocrx_word' id='word_1_298' title='bbox 292 1829 421 1884; x_wconf 91' lang='lat' dir='ltr'><strong>voluntati</strong></span> <span class='ocrx_word' id='word_1_299' title='bbox 437 1829 485 1885; x_wconf 91' lang='lat' dir='ltr'><strong>luit</strong></span> <span class='ocrx_word' id='word_1_300' title='bbox 499 1830 677 1900; x_wconf 88' lang='lat' dir='ltr'><strong>intermptam</strong></span> <span class='ocrx_word' id='word_1_301' title='bbox 693 1839 844 1901; x_wconf 87' lang='lat' dir='ltr'><strong>temporum</strong></span> <span class='ocrx_word' id='word_1_302' title='bbox 859 1828 959 1884; x_wconf 88' lang='lat' dir='ltr'><strong>seriem</strong></span> <span class='ocrx_word' id='word_1_303' title='bbox 974 1827 1090 1892; x_wconf 90' lang='lat' dir='ltr'><strong>sarcire,</strong></span> <span class='ocrx_word' id='word_1_304' title='bbox 1103 1834 1131 1881; x_wconf 90' lang='lat' dir='ltr'><strong>et</strong></span> <span class='ocrx_word' id='word_1_305' title='bbox 1145 1833 1254 1882; x_wconf 81' lang='lat' dir='ltr'><strong>exarata</strong></span> <span class='ocrx_word' id='word_1_306' title='bbox 1273 1826 1415 1883; x_wconf 88' lang='lat' dir='ltr'><strong>barbarice</strong></span> <span class='ocrx_word' id='word_1_307' title='bbox 1428 1827 1552 1884; x_wconf 84' lang='lat' dir='ltr'><strong>nomino</strong></span> <span class='ocrx_word' id='word_1_308' title='bbox 1572 1830 1629 1887; x_wconf 92' lang='lat' dir='ltr'><strong>sale</strong></span> <span class='ocrx_word' id='word_1_309' title='bbox 1650 1847 1721 1887; x_wconf 92' lang='lat' dir='ltr'><strong>eon-</strong></span> 
     </span>
     <span class='ocr_line' id='line_1_23' title="bbox 76 1897 1722 1974; baseline 0.002 -20"><span class='ocrx_word' id='word_1_310' title='bbox 76 1899 151 1967; x_wconf 82' lang='lat' dir='ltr'><strong>dire3</strong></span> <span class='ocrx_word' id='word_1_311' title='bbox 167 1906 203 1966; x_wconf 93' lang='lat' dir='ltr'><strong>el,</strong></span> <span class='ocrx_word' id='word_1_312' title='bbox 220 1911 248 1955; x_wconf 94' lang='lat' dir='ltr'><strong>ut</strong></span> <span class='ocrx_word' id='word_1_313' title='bbox 262 1914 308 1954; x_wconf 89' lang='lat' dir='ltr'><strong>res</strong></span> <span class='ocrx_word' id='word_1_314' title='bbox 322 1900 472 1955; x_wconf 88' lang='lat' dir='ltr'><strong>ordinatius</strong></span> <span class='ocrx_word' id='word_1_315' title='bbox 496 1901 645 1969; x_wconf 89' lang='lat' dir='ltr'><strong>pmcedet,</strong></span> <span class='ocrx_word' id='word_1_316' title='bbox 669 1900 760 1972; x_wconf 90' lang='lat' dir='ltr'><strong>aliqua</strong></span> <span class='ocrx_word' id='word_1_317' title='bbox 780 1917 813 1957; x_wconf 85' lang='lat' dir='ltr'><strong>ex</strong></span> <span class='ocrx_word' id='word_1_318' title='bbox 836 1900 899 1971; x_wconf 90' lang='lat' dir='ltr'><strong>his,</strong></span> <span class='ocrx_word' id='word_1_319' title='bbox 921 1914 983 1971; x_wconf 79' lang='lat' dir='ltr'><strong>quea</strong></span> <span class='ocrx_word' id='word_1_320' title='bbox 1005 1913 1078 1970; x_wconf 83' lang='lat' dir='ltr'><strong>steps</strong></span> <span class='ocrx_word' id='word_1_321' title='bbox 1101 1897 1234 1953; x_wconf 91' lang='lat' dir='ltr'><strong>dicendus</strong></span> <span class='ocrx_word' id='word_1_322' title='bbox 1253 1897 1326 1953; x_wconf 87' lang='lat' dir='ltr'><strong>Beda</strong></span> <span class='ocrx_word' id='word_1_323' title='bbox 1345 1897 1430 1965; x_wconf 80' lang='lat' dir='ltr'><strong>dixit,</strong></span> <span class='ocrx_word' id='word_1_324' title='bbox 1456 1898 1611 1971; x_wconf 89' lang='lat' dir='ltr'><strong>dellorabo,</strong></span> <span class='ocrx_word' id='word_1_325' title='bbox 1635 1918 1722 1974; x_wconf 91' lang='lat' dir='ltr'><strong>pauca</strong></span> 
     </span>
     <span class='ocr_line' id='line_1_24' title="bbox 74 1968 635 2043; baseline -0.007 -18"><span class='ocrx_word' id='word_1_326' title='bbox 74 1971 275 2043; x_wconf 88' lang='lat' dir='ltr'><strong>perstringens,</strong></span> <span class='ocrx_word' id='word_1_327' title='bbox 291 1968 418 2041; x_wconf 90' lang='lat' dir='ltr'><strong>pluribus</strong></span> <span class='ocrx_word' id='word_1_328' title='bbox 432 1971 607 2028; x_wconf 75' lang='lat' dir='ltr'><strong>valefaciens.</strong></span> <span class='ocrx_word' id='word_1_329' title='bbox 624 1993 635 2021; x_wconf 85' lang='lat' dir='ltr'><strong>i</strong></span> 
     </span>
    </p>

    <p class='ocr_par' dir='ltr' id='par_1_5' title="bbox 111 2037 1594 2113">
     <span class='ocr_line' id='line_1_25' title="bbox 111 2037 1594 2113; baseline -0.001 -17"><span class='ocrx_word' id='word_1_330' title='bbox 111 2043 244 2112; x_wconf 74' lang='lat' dir='ltr'><strong>Praecipui</strong></span> <span class='ocrx_word' id='word_1_331' title='bbox 257 2041 347 2097; x_wconf 83' lang='lat' dir='ltr'><strong>sontes</strong></span> <span class='ocrx_word' id='word_1_332' title='bbox 361 2056 397 2096; x_wconf 86' lang='lat' dir='ltr'><strong>eii</strong></span> <span class='ocrx_word' id='word_1_333' title='bbox 411 2042 509 2113; x_wconf 87' lang='lat' dir='ltr'><strong>quibes</strong></span> <span class='ocrx_word' id='word_1_334' title='bbox 523 2059 601 2098; x_wconf 88' lang='lat' dir='ltr'><strong>suern</strong></span> <span class='ocrx_word' id='word_1_335' title='bbox 617 2041 866 2098; x_wconf 84' lang='lat' dir='ltr'><strong>blalmesburiensis</strong></span> <span class='ocrx_word' id='word_1_336' title='bbox 882 2040 1027 2097; x_wconf 82' lang='lat' dir='ltr'><strong>Historiam</strong></span> <span class='ocrx_word' id='word_1_337' title='bbox 1041 2039 1131 2095; x_wconf 88' lang='lat' dir='ltr'><strong>bausit</strong></span> <span class='ocrx_word' id='word_1_338' title='bbox 1143 2037 1172 2094; x_wconf 91' lang='lat' dir='ltr'><strong>in</strong></span> <span class='ocrx_word' id='word_1_339' title='bbox 1186 2046 1242 2095; x_wconf 88' lang='lat' dir='ltr'><strong>tres</strong></span> <span class='ocrx_word' id='word_1_340' title='bbox 1254 2037 1358 2095; x_wconf 86' lang='lat' dir='ltr'><strong>classes</strong></span> <span class='ocrx_word' id='word_1_341' title='bbox 1372 2038 1456 2096; x_wconf 89' lang='lat' dir='ltr'><strong>dividi</strong></span> <span class='ocrx_word' id='word_1_342' title='bbox 1471 2050 1572 2109; x_wconf 82' lang='lat' dir='ltr'><strong>queunt</strong></span> <span class='ocrx_word' id='word_1_343' title='bbox 1587 2058 1594 2095; x_wconf 93' lang='lat'><strong>:</strong></span> 
     </span>
    </p>

    <p class='ocr_par' dir='ltr' id='par_1_6' title="bbox 70 2109 1719 2472">
     <span class='ocr_line' id='line_1_26' title="bbox 108 2109 1718 2183; baseline 0.002 -15"><span class='ocrx_word' id='word_1_344' title='bbox 108 2113 201 2169; x_wconf 86' lang='lat' dir='ltr'><strong>Primo</strong></span> <span class='ocrx_word' id='word_1_345' title='bbox 217 2128 223 2169; x_wconf 93' lang='lat'><strong>:</strong></span> <span class='ocrx_word' id='word_1_346' title='bbox 240 2116 370 2168; x_wconf 77' lang='lat' dir='ltr'><strong>ductores</strong></span> <span class='ocrx_word' id='word_1_347' title='bbox 384 2121 412 2168; x_wconf 92' lang='lat' dir='ltr'><strong>et</strong></span> <span class='ocrx_word' id='word_1_348' title='bbox 430 2114 589 2170; x_wconf 83' lang='lat' dir='ltr'><strong>documenta</strong></span> <span class='ocrx_word' id='word_1_349' title='bbox 605 2130 665 2183; x_wconf 74' lang='lat' dir='ltr'><strong>ques</strong></span> <span class='ocrx_word' id='word_1_350' title='bbox 679 2130 749 2169; x_wconf 92' lang='lat' dir='ltr'><strong>nunc</strong></span> <span class='ocrx_word' id='word_1_351' title='bbox 763 2114 852 2168; x_wconf 91' lang='lat' dir='ltr'><strong>adhuc</strong></span> <span class='ocrx_word' id='word_1_352' title='bbox 865 2120 981 2180; x_wconf 81' lang='lat' dir='ltr'><strong>exstant,</strong></span> <span class='ocrx_word' id='word_1_353' title='bbox 996 2112 1091 2182; x_wconf 85' lang='lat' dir='ltr'><strong>quales</strong></span> <span class='ocrx_word' id='word_1_354' title='bbox 1112 2117 1175 2165; x_wconf 91' lang='lat' dir='ltr'><strong>sunt</strong></span> <span class='ocrx_word' id='word_1_355' title='bbox 1188 2109 1295 2176; x_wconf 87' lang='lat' dir='ltr'><strong>Gildes,</strong></span> <span class='ocrx_word' id='word_1_356' title='bbox 1315 2110 1453 2179; x_wconf 82' lang='lat' dir='ltr'><strong>Nunnius,</strong></span> <span class='ocrx_word' id='word_1_357' title='bbox 1474 2112 1558 2177; x_wconf 86' lang='lat' dir='ltr'><strong>Beda,</strong></span> <span class='ocrx_word' id='word_1_358' title='bbox 1575 2113 1718 2172; x_wconf 84' lang='lat' dir='ltr'><strong>Saxonum</strong></span> 
     </span>
     <span class='ocr_line' id='line_1_27' title="bbox 70 2180 1719 2267; baseline 0.002 -28"><span class='ocrx_word' id='word_1_359' title='bbox 70 2182 208 2265; x_wconf 71' lang='lat' dir='ltr'><strong>Chronica</strong></span> <span class='ocrx_word' id='word_1_360' title='bbox 232 2192 259 2240; x_wconf 93' lang='lat' dir='ltr'><strong>et</strong></span> <span class='ocrx_word' id='word_1_361' title='bbox 281 2184 378 2265; x_wconf 73' lang='lat' dir='ltr'><strong>begea.</strong></span> <span class='ocrx_word' id='word_1_362' title='bbox 402 2184 500 2253; x_wconf 83' lang='lat' dir='ltr'><strong>Aeser,</strong></span> <span class='ocrx_word' id='word_1_363' title='bbox 524 2185 731 2267; x_wconf 78' lang='lat' dir='ltr'><strong>AEtlielviardns,</strong></span> <span class='ocrx_word' id='word_1_364' title='bbox 751 2185 910 2252; x_wconf 85' lang='lat' dir='ltr'><strong>Hadmerus,</strong></span> <span class='ocrx_word' id='word_1_365' title='bbox 934 2183 1093 2254; x_wconf 89' lang='lat' dir='ltr'><strong>Osbemus,</strong></span> <span class='ocrx_word' id='word_1_366' title='bbox 1114 2180 1294 2247; x_wconf 88' lang='lat' dir='ltr'><strong>Goscelinus,</strong></span> <span class='ocrx_word' id='word_1_367' title='bbox 1319 2182 1474 2253; x_wconf 77' lang='lat' dir='ltr'><strong>Hesiodus,</strong></span> <span class='ocrx_word' id='word_1_368' title='bbox 1498 2183 1592 2256; x_wconf 88' lang='lat' dir='ltr'><strong>aliiqul</strong></span> <span class='ocrx_word' id='word_1_369' title='bbox 1616 2186 1719 2258; x_wconf 85' lang='lat' dir='ltr'><strong>antiqui</strong></span> 
     </span>
     <span class='ocr_line' id='line_1_28' title="bbox 70 2254 1719 2408; baseline 0.003 -27"><span class='ocrx_word' id='word_1_370' title='bbox 70 2265 235 2381; x_wconf 49' lang='lat' dir='ltr'><strong>msgdznedd</strong></span> <span class='ocrx_word' id='word_1_371' title='bbox 247 2254 1193 2408; x_wconf 43' lang='grc' dir='ltr'>οῐιιῗέιιιίιιὲιῢιξᾶὲιιξξι),ιιίιιιῗίἶιῐιὲιιιιιιξίιῦιιιιῐιιιξιιιιιιιιῼιιέ’ριοιιιιιιιι</span> <span class='ocrx_word' id='word_1_372' title='bbox 1209 2321 1300 2395; x_wconf 84' lang='lat' dir='ltr'><strong>qualia</strong></span> <span class='ocrx_word' id='word_1_373' title='bbox 1321 2328 1387 2381; x_wconf 92' lang='lat' dir='ltr'><strong>sunt</strong></span> <span class='ocrx_word' id='word_1_374' title='bbox 1409 2327 1523 2384; x_wconf 88' lang='lat' dir='ltr'><strong>metrica</strong></span> <span class='ocrx_word' id='word_1_375' title='bbox 1551 2336 1719 2399; x_wconf 88' lang='lat' dir='ltr'><strong>cominente,</strong></span> 
     </span>
     <span class='ocr_line' id='line_1_29' title="bbox 72 2396 1416 2472; baseline 0.002 -22"><span class='ocrx_word' id='word_1_376' title='bbox 72 2396 209 2452; x_wconf 81' lang='lat' dir='ltr'><strong>historicae</strong></span> <span class='ocrx_word' id='word_1_377' title='bbox 224 2396 393 2461; x_wconf 88' lang='lat' dir='ltr'><strong>traditiones,</strong></span> <span class='ocrx_word' id='word_1_378' title='bbox 407 2398 518 2463; x_wconf 76' lang='lat' dir='ltr'><strong>chartae,</strong></span> <span class='ocrx_word' id='word_1_379' title='bbox 534 2398 667 2472; x_wconf 80' lang='lat' dir='ltr'><strong>epistolae,</strong></span> <span class='ocrx_word' id='word_1_380' title='bbox 683 2397 921 2468; x_wconf 79' lang='lat' dir='ltr'><strong>biographicaeque</strong></span> <span class='ocrx_word' id='word_1_381' title='bbox 934 2396 1045 2452; x_wconf 84' lang='lat' dir='ltr'><strong>notitiae.</strong></span> <span class='ocrx_word' id='word_1_382' title='bbox 1383 2460 1388 2472; x_wconf 33' lang='lat'>⁸</span> <span class='ocrx_word' id='word_1_383' title='bbox 1411 2460 1416 2471; x_wconf 32' lang='lat'><strong>⁴</strong></span> 
     </span>
    </p>

    <p class='ocr_par' dir='ltr' id='par_1_7' title="bbox 108 2460 1504 2539">
     <span class='ocr_line' id='line_1_30' title="bbox 108 2460 1504 2539; baseline -0.001 -16"><span class='ocrx_word' id='word_1_384' title='bbox 108 2467 202 2523; x_wconf 83' lang='lat' dir='ltr'><strong>Tertio</strong></span> <span class='ocrx_word' id='word_1_385' title='bbox 218 2483 225 2521; x_wconf 91' lang='lat'>:</span> <span class='ocrx_word' id='word_1_386' title='bbox 242 2466 355 2537; x_wconf 81' lang='lat' dir='ltr'><strong>Propria</strong></span> <span class='ocrx_word' id='word_1_387' title='bbox 369 2482 458 2522; x_wconf 86' lang='lat' dir='ltr'><strong>rernm</strong></span> <span class='ocrx_word' id='word_1_388' title='bbox 473 2469 567 2524; x_wconf 88' lang='lat' dir='ltr'><strong>notitia</strong></span> <span class='ocrx_word' id='word_1_389' title='bbox 582 2485 694 2539; x_wconf 87' lang='lat' dir='ltr'><strong>qiiernm</strong></span> <span class='ocrx_word' id='word_1_390' title='bbox 708 2470 765 2538; x_wconf 90' lang='lat' dir='ltr'><strong>ipse</strong></span> <span class='ocrx_word' id='word_1_391' title='bbox 780 2469 854 2523; x_wconf 87' lang='lat' dir='ltr'><strong>testis</strong></span> <span class='ocrx_word' id='word_1_392' title='bbox 868 2469 964 2533; x_wconf 87' lang='lat' dir='ltr'><strong>l&#39;iieret,</strong></span> <span class='ocrx_word' id='word_1_393' title='bbox 980 2467 1023 2521; x_wconf 88' lang='lat' dir='ltr'><strong>vel</strong></span> <span class='ocrx_word' id='word_1_394' title='bbox 1037 2464 1177 2521; x_wconf 90' lang='lat' dir='ltr'><strong>atestibus</strong></span> <span class='ocrx_word' id='word_1_395' title='bbox 1190 2463 1244 2519; x_wconf 86' lang='lat' dir='ltr'><strong>ilde</strong></span> <span class='ocrx_word' id='word_1_396' title='bbox 1258 2464 1349 2536; x_wconf 79' lang='lat' dir='ltr'><strong>dignis</strong></span> <span class='ocrx_word' id='word_1_397' title='bbox 1362 2460 1504 2524; x_wconf 88' lang='lat' dir='ltr'><strong>didicerat.</strong></span> 
     </span>
    </p>

    <p class='ocr_par' dir='ltr' id='par_1_8' title="bbox 68 2536 1718 3035">
     <span class='ocr_line' id='line_1_31' title="bbox 105 2536 1717 2621; baseline 0.002 -27"><span class='ocrx_word' id='word_1_398' title='bbox 105 2537 176 2594; x_wconf 84' lang='lat' dir='ltr'><strong>Cum</strong></span> <span class='ocrx_word' id='word_1_399' title='bbox 191 2537 420 2593; x_wconf 82' lang='lat' dir='ltr'><strong>ttitinestinn&#39;eiist</strong></span> <span class='ocrx_word' id='word_1_400' title='bbox 435 2538 462 2593; x_wconf 94' lang='lat' dir='ltr'><strong>in</strong></span> <span class='ocrx_word' id='word_1_401' title='bbox 477 2541 568 2595; x_wconf 89' lang='lat' dir='ltr'><strong>animo</strong></span> <span class='ocrx_word' id='word_1_402' title='bbox 582 2548 655 2595; x_wconf 89' lang='lat' dir='ltr'><strong>esset</strong></span> <span class='ocrx_word' id='word_1_403' title='bbox 668 2539 775 2595; x_wconf 84' lang='lat' dir='ltr'><strong>fidelem</strong></span> <span class='ocrx_word' id='word_1_404' title='bbox 791 2548 817 2595; x_wconf 96' lang='lat' dir='ltr'><strong>et</strong></span> <span class='ocrx_word' id='word_1_405' title='bbox 829 2540 973 2595; x_wconf 89' lang='lat' dir='ltr'><strong>candidam</strong></span> <span class='ocrx_word' id='word_1_406' title='bbox 985 2546 1012 2591; x_wconf 93' lang='lat' dir='ltr'><strong>ut</strong></span> <span class='ocrx_word' id='word_1_407' title='bbox 1026 2536 1105 2591; x_wconf 90' lang='lat' dir='ltr'><strong>daret</strong></span> <span class='ocrx_word' id='word_1_408' title='bbox 1119 2544 1265 2592; x_wconf 86' lang='lat' dir='ltr'><strong>eventuum</strong></span> <span class='ocrx_word' id='word_1_409' title='bbox 1280 2537 1471 2599; x_wconf 90' lang='lat' dir='ltr'><strong>narrationem,</strong></span> <span class='ocrx_word' id='word_1_410' title='bbox 1489 2537 1620 2621; x_wconf 86' lang='lat' dir='ltr'><strong>quidquid</strong></span> <span class='ocrx_word' id='word_1_411' title='bbox 1634 2540 1717 2598; x_wconf 89' lang='lat' dir='ltr'><strong>colli·</strong></span> 
     </span>
     <span class='ocr_line' id='line_1_32' title="bbox 69 2607 1717 2681; baseline 0.003 -17"><span class='ocrx_word' id='word_1_412' title='bbox 69 2623 138 2681; x_wconf 87' lang='lat' dir='ltr'><strong>gere</strong></span> <span class='ocrx_word' id='word_1_413' title='bbox 150 2608 223 2681; x_wconf 89' lang='lat' dir='ltr'><strong>potis</strong></span> <span class='ocrx_word' id='word_1_414' title='bbox 235 2616 293 2663; x_wconf 90' lang='lat' dir='ltr'><strong>crat</strong></span> <span class='ocrx_word' id='word_1_415' title='bbox 309 2608 360 2662; x_wconf 93' lang='lat' dir='ltr'><strong>sibi</strong></span> <span class='ocrx_word' id='word_1_416' title='bbox 380 2624 440 2665; x_wconf 93' lang='lat' dir='ltr'><strong>com</strong></span> <span class='ocrx_word' id='word_1_417' title='bbox 461 2612 562 2667; x_wconf 88' lang='lat' dir='ltr'><strong>oravit.</strong></span> <span class='ocrx_word' id='word_1_418' title='bbox 583 2612 644 2666; x_wconf 88' lang='lat' dir='ltr'><strong>Non</strong></span> <span class='ocrx_word' id='word_1_419' title='bbox 659 2611 743 2666; x_wconf 92' lang='lat' dir='ltr'><strong>semel</strong></span> <span class='ocrx_word' id='word_1_420' title='bbox 759 2618 850 2666; x_wconf 91' lang='lat' dir='ltr'><strong>tamen</strong></span> <span class='ocrx_word' id='word_1_421' title='bbox 865 2609 1009 2666; x_wconf 86' lang='lat' dir='ltr'><strong>confitetur</strong></span> <span class='ocrx_word' id='word_1_422' title='bbox 1023 2608 1147 2662; x_wconf 88' lang='lat' dir='ltr'><strong>laborum</strong></span> <span class='ocrx_word' id='word_1_423' title='bbox 1165 2607 1372 2676; x_wconf 78' lang='lat' dir='ltr'><strong>studiorumque</strong></span> <span class='ocrx_word' id='word_1_424' title='bbox 1395 2620 1506 2663; x_wconf 89' lang='lat' dir='ltr'><strong>suorum</strong></span> <span class='ocrx_word' id='word_1_425' title='bbox 1527 2618 1627 2665; x_wconf 82' lang='lat' dir='ltr'><strong>exilum</strong></span> <span class='ocrx_word' id='word_1_426' title='bbox 1643 2612 1717 2671; x_wconf 89' lang='lat' dir='ltr'><strong>nullo</strong></span> 
     </span>
     <span class='ocr_line' id='line_1_33' title="bbox 70 2626 1718 2804; baseline 0.003 -70"><span class='ocrx_word' id='word_1_427' title='bbox 70 2683 154 2735; x_wconf 88' lang='lat' dir='ltr'><strong>inodo</strong></span> <span class='ocrx_word' id='word_1_428' title='bbox 176 2679 318 2735; x_wconf 83' lang='lat' dir='ltr'><strong>intentioni</strong></span> <span class='ocrx_word' id='word_1_429' title='bbox 334 2626 523 2750; x_wconf 57' lang='lat' dir='ltr'><strong>respondisse.</strong></span> <span class='ocrx_word' id='word_1_430' title='bbox 550 2681 595 2737; x_wconf 87' lang='lat' dir='ltr'><strong>Sic</strong></span> <span class='ocrx_word' id='word_1_431' title='bbox 608 2682 680 2736; x_wconf 92' lang='lat' dir='ltr'><strong>enim</strong></span> <span class='ocrx_word' id='word_1_432' title='bbox 696 2682 740 2737; x_wconf 93' lang='lat' dir='ltr'><strong>ille</strong></span> <span class='ocrx_word' id='word_1_433' title='bbox 759 2698 766 2735; x_wconf 92' lang='lat'>:</span> <span class='ocrx_word' id='word_1_434' title='bbox 786 2705 797 2731; x_wconf 85' lang='lat' dir='ltr'><strong>i</strong></span> <span class='ocrx_word' id='word_1_435' title='bbox 814 2682 845 2737; x_wconf 89' lang='lat' dir='ltr'><strong>Si</strong></span> <span class='ocrx_word' id='word_1_436' title='bbox 859 2682 922 2753; x_wconf 88' lang='lat' dir='ltr'><strong>quia</strong></span> <span class='ocrx_word' id='word_1_437' title='bbox 935 2695 1001 2735; x_wconf 88' lang='lat' dir='ltr'><strong>vero</strong></span> <span class='ocrx_word' id='word_1_438' title='bbox 1015 2680 1072 2734; x_wconf 84' lang='lat' dir='ltr'><strong>baec</strong></span> <span class='ocrx_word' id='word_1_439' title='bbox 1087 2692 1195 2804; x_wconf 40' lang='lat' dir='ltr'><strong>guoque</strong></span> <span class='ocrx_word' id='word_1_440' title='bbox 1214 2687 1310 2746; x_wconf 89' lang='lat' dir='ltr'><strong>captus</strong></span> <span class='ocrx_word' id='word_1_441' title='bbox 1324 2692 1418 2733; x_wconf 89' lang='lat' dir='ltr'><strong>amore</strong></span> <span class='ocrx_word' id='word_1_442' title='bbox 1431 2677 1515 2749; x_wconf 86' lang='lat' dir='ltr'><strong>leget,</strong></span> <span class='ocrx_word' id='word_1_443' title='bbox 1531 2681 1600 2737; x_wconf 89' lang='lat' dir='ltr'><strong>sciet</strong></span> <span class='ocrx_word' id='word_1_444' title='bbox 1612 2698 1656 2738; x_wconf 91' lang='lat' dir='ltr'><strong>me</strong></span> <span class='ocrx_word' id='word_1_445' title='bbox 1672 2684 1718 2739; x_wconf 90' lang='lat' dir='ltr'><strong>ni·</strong></span> 
     </span>
     <span class='ocr_line' id='line_1_34' title="bbox 69 2747 1717 2829; baseline 0.001 -23"><span class='ocrx_word' id='word_1_446' title='bbox 69 2751 107 2806; x_wconf 92' lang='lat' dir='ltr'><strong>hil</strong></span> <span class='ocrx_word' id='word_1_447' title='bbox 122 2752 159 2807; x_wconf 88' lang='lat' dir='ltr'><strong>de</strong></span> <span class='ocrx_word' id='word_1_448' title='bbox 173 2751 315 2807; x_wconf 85' lang='lat' dir='ltr'><strong>retroactis</strong></span> <span class='ocrx_word' id='word_1_449' title='bbox 330 2760 427 2822; x_wconf 80' lang='lat' dir='ltr'><strong>prater</strong></span> <span class='ocrx_word' id='word_1_450' title='bbox 443 2754 635 2808; x_wconf 86' lang='lat' dir='ltr'><strong>eoliaerentinin</strong></span> <span class='ocrx_word' id='word_1_451' title='bbox 652 2768 787 2808; x_wconf 88' lang='lat' dir='ltr'><strong>ennomm</strong></span> <span class='ocrx_word' id='word_1_452' title='bbox 803 2769 853 2824; x_wconf 90' lang='lat' dir='ltr'><strong>pro</strong></span> <span class='ocrx_word' id='word_1_453' title='bbox 867 2767 934 2809; x_wconf 86' lang='lat' dir='ltr'><strong>vero</strong></span> <span class='ocrx_word' id='word_1_454' title='bbox 949 2749 1058 2821; x_wconf 81' lang='lat' dir='ltr'><strong>pacisci,</strong></span> <span class='ocrx_word' id='word_1_455' title='bbox 1072 2747 1089 2802; x_wconf 91' lang='lat' dir='ltr'><strong>li</strong></span> <span class='ocrx_word' id='word_1_456' title='bbox 1111 2765 1140 2804; x_wconf 89' lang='lat' dir='ltr'><strong>es</strong></span> <span class='ocrx_word' id='word_1_457' title='bbox 1156 2748 1292 2804; x_wconf 91' lang='lat' dir='ltr'><strong>dictorum</strong></span> <span class='ocrx_word' id='word_1_458' title='bbox 1312 2764 1396 2829; x_wconf 88' lang='lat' dir='ltr'><strong>penes</strong></span> <span class='ocrx_word' id='word_1_459' title='bbox 1411 2758 1536 2806; x_wconf 86' lang='lat' dir='ltr'><strong>auctores</strong></span> <span class='ocrx_word' id='word_1_460' title='bbox 1551 2751 1611 2807; x_wconf 92' lang='lat' dir='ltr'><strong>erit.</strong></span> <span class='ocrx_word' id='word_1_461' title='bbox 1628 2753 1717 2822; x_wconf 89' lang='lat' dir='ltr'><strong>Quid-</strong></span> 
     </span>
     <span class='ocr_line' id='line_1_35' title="bbox 68 2818 1718 2894; baseline 0.003 -19"><span class='ocrx_word' id='word_1_462' title='bbox 68 2821 136 2893; x_wconf 88' lang='lat' dir='ltr'><strong>quid</strong></span> <span class='ocrx_word' id='word_1_463' title='bbox 151 2837 216 2877; x_wconf 88' lang='lat' dir='ltr'><strong>vero</strong></span> <span class='ocrx_word' id='word_1_464' title='bbox 231 2823 265 2878; x_wconf 91' lang='lat' dir='ltr'><strong>de</strong></span> <span class='ocrx_word' id='word_1_465' title='bbox 279 2823 473 2878; x_wconf 89' lang='lat' dir='ltr'><strong>recentioribus</strong></span> <span class='ocrx_word' id='word_1_466' title='bbox 496 2824 622 2879; x_wconf 87' lang='lat' dir='ltr'><strong>aetetibus</strong></span> <span class='ocrx_word' id='word_1_467' title='bbox 648 2825 773 2894; x_wconf 88' lang='lat' dir='ltr'><strong>apposui,</strong></span> <span class='ocrx_word' id='word_1_468' title='bbox 790 2825 832 2880; x_wconf 86' lang='lat' dir='ltr'><strong>vel</strong></span> <span class='ocrx_word' id='word_1_469' title='bbox 857 2824 920 2894; x_wconf 88' lang='lat' dir='ltr'><strong>ipse</strong></span> <span class='ocrx_word' id='word_1_470' title='bbox 941 2822 1009 2890; x_wconf 90' lang='lat' dir='ltr'><strong>vidi,</strong></span> <span class='ocrx_word' id='word_1_471' title='bbox 1024 2820 1067 2876; x_wconf 86' lang='lat' dir='ltr'><strong>vel</strong></span> <span class='ocrx_word' id='word_1_472' title='bbox 1088 2836 1103 2874; x_wconf 89' lang='lat' dir='ltr'><strong>e</strong></span> <span class='ocrx_word' id='word_1_473' title='bbox 1126 2819 1191 2873; x_wconf 90' lang='lat' dir='ltr'><strong>viris</strong></span> <span class='ocrx_word' id='word_1_474' title='bbox 1215 2818 1271 2874; x_wconf 88' lang='lat' dir='ltr'><strong>lide</strong></span> <span class='ocrx_word' id='word_1_475' title='bbox 1293 2819 1385 2889; x_wconf 87' lang='lat' dir='ltr'><strong>dignis</strong></span> <span class='ocrx_word' id='word_1_476' title='bbox 1396 2818 1500 2876; x_wconf 88' lang='lat' dir='ltr'><strong>audivi.</strong></span> <span class='ocrx_word' id='word_1_477' title='bbox 1519 2822 1669 2891; x_wconf 76' lang='lat' dir='ltr'><strong>Caeterum,</strong></span> <span class='ocrx_word' id='word_1_478' title='bbox 1690 2826 1718 2881; x_wconf 92' lang='lat' dir='ltr'><strong>in</strong></span> 
     </span>
     <span class='ocr_line' id='line_1_36' title="bbox 68 2890 1716 2976; baseline 0.002 -28"><span class='ocrx_word' id='word_1_479' title='bbox 68 2892 204 2949; x_wconf 84' lang='lat' dir='ltr'><strong>utramvis</strong></span> <span class='ocrx_word' id='word_1_480' title='bbox 222 2900 334 2963; x_wconf 84' lang='lat' dir='ltr'><strong>partein,</strong></span> <span class='ocrx_word' id='word_1_481' title='bbox 351 2895 525 2963; x_wconf 72' lang='lat' dir='ltr'><strong>praesentium</strong></span> <span class='ocrx_word' id='word_1_482' title='bbox 541 2910 593 2949; x_wconf 94' lang='lat' dir='ltr'><strong>non</strong></span> <span class='ocrx_word' id='word_1_483' title='bbox 609 2895 793 2976; x_wconf 77' lang='lat' dir='ltr'><strong>magnipendo</strong></span> <span class='ocrx_word' id='word_1_484' title='bbox 806 2895 940 2964; x_wconf 90' lang='lat' dir='ltr'><strong>judiciuin</strong></span> <span class='ocrx_word' id='word_1_485' title='bbox 953 2913 961 2955; x_wconf 88' lang='lat'><strong>,·</strong></span> <span class='ocrx_word' id='word_1_486' title='bbox 976 2892 1128 2958; x_wconf 89' lang='lat' dir='ltr'><strong>habiturus,</strong></span> <span class='ocrx_word' id='word_1_487' title='bbox 1148 2898 1176 2944; x_wconf 92' lang='lat' dir='ltr'><strong>ut</strong></span> <span class='ocrx_word' id='word_1_488' title='bbox 1191 2905 1281 2959; x_wconf 91' lang='lat' dir='ltr'><strong>spero,</strong></span> <span class='ocrx_word' id='word_1_489' title='bbox 1297 2890 1371 2960; x_wconf 90' lang='lat' dir='ltr'><strong>apud</strong></span> <span class='ocrx_word' id='word_1_490' title='bbox 1382 2899 1510 2962; x_wconf 88' lang='lat' dir='ltr'><strong>posteros</strong></span> <span class='ocrx_word' id='word_1_491' title='bbox 1532 2901 1593 2964; x_wconf 90' lang='lat' dir='ltr'><strong>post</strong></span> <span class='ocrx_word' id='word_1_492' title='bbox 1616 2895 1716 2952; x_wconf 90' lang='lat' dir='ltr'><strong>deces-</strong></span> 
     </span>
     <span class='ocr_line' id='line_1_37' title="bbox 69 2960 1324 3035; baseline -0.004 -15"><span class='ocrx_word' id='word_1_493' title='bbox 69 2979 132 3020; x_wconf 91' lang='lat' dir='ltr'><strong>sum</strong></span> <span class='ocrx_word' id='word_1_494' title='bbox 146 2965 249 3019; x_wconf 91' lang='lat' dir='ltr'><strong>amoris</strong></span> <span class='ocrx_word' id='word_1_495' title='bbox 263 2971 289 3017; x_wconf 92' lang='grc' dir='ltr'><strong>ιι</strong></span> <span class='ocrx_word' id='word_1_496' title='bbox 304 2963 407 3031; x_wconf 87' lang='lat' dir='ltr'><strong>livoris,</strong></span> <span class='ocrx_word' id='word_1_497' title='bbox 421 2965 444 3018; x_wconf 89' lang='lat' dir='ltr'><strong>si</strong></span> <span class='ocrx_word' id='word_1_498' title='bbox 459 2981 514 3019; x_wconf 91' lang='lat' dir='ltr'><strong>non</strong></span> <span class='ocrx_word' id='word_1_499' title='bbox 529 2968 690 3035; x_wconf 78' lang='lat' dir='ltr'><strong>eloquennei</strong></span> <span class='ocrx_word' id='word_1_500' title='bbox 705 2965 820 3027; x_wconf 89' lang='lat' dir='ltr'><strong>titulum,</strong></span> <span class='ocrx_word' id='word_1_501' title='bbox 837 2965 932 3021; x_wconf 88' lang='lat' dir='ltr'><strong>saltem</strong></span> <span class='ocrx_word' id='word_1_502' title='bbox 946 2964 1088 3019; x_wconf 86' lang='lat' dir='ltr'><strong>industriae</strong></span> <span class='ocrx_word' id='word_1_503' title='bbox 1104 2960 1298 3017; x_wconf 89' lang='lat' dir='ltr'><strong>testimonium.</strong></span> <span class='ocrx_word' id='word_1_504' title='bbox 1313 2983 1324 3008; x_wconf 71' lang='lat' dir='ltr'><strong>n</strong></span> 
     </span>
    </p>

    <p class='ocr_par' dir='ltr' id='par_1_9' title="bbox 68 3031 1720 3463">
     <span class='ocr_line' id='line_1_38' title="bbox 106 3031 1718 3107; baseline 0.001 -17"><span class='ocrx_word' id='word_1_505' title='bbox 106 3034 177 3103; x_wconf 76' lang='lat' dir='ltr'><strong>Quae</strong></span> <span class='ocrx_word' id='word_1_506' title='bbox 190 3049 210 3089; x_wconf 88' lang='lat' dir='ltr'><strong>a</strong></span> <span class='ocrx_word' id='word_1_507' title='bbox 223 3034 402 3104; x_wconf 82' lang='lat' dir='ltr'><strong>scriptoribus</strong></span> <span class='ocrx_word' id='word_1_508' title='bbox 416 3034 476 3105; x_wconf 89' lang='lat' dir='ltr'><strong>ipso</strong></span> <span class='ocrx_word' id='word_1_509' title='bbox 491 3036 679 3107; x_wconf 89' lang='lat' dir='ltr'><strong>antiqnoribus</strong></span> <span class='ocrx_word' id='word_1_510' title='bbox 689 3036 849 3105; x_wconf 89' lang='lat' dir='ltr'><strong>desumpsit,</strong></span> <span class='ocrx_word' id='word_1_511' title='bbox 867 3051 900 3090; x_wconf 92' lang='lat' dir='ltr'><strong>ee</strong></span> <span class='ocrx_word' id='word_1_512' title='bbox 914 3035 1031 3105; x_wconf 89' lang='lat' dir='ltr'><strong>propriis</strong></span> <span class='ocrx_word' id='word_1_513' title='bbox 1044 3032 1263 3088; x_wconf 87' lang='lat' dir='ltr'><strong>adnotationibus</strong></span> <span class='ocrx_word' id='word_1_514' title='bbox 1278 3034 1315 3086; x_wconf 88' lang='lat' dir='ltr'><strong>ite</strong></span> <span class='ocrx_word' id='word_1_515' title='bbox 1330 3031 1517 3100; x_wconf 84' lang='lat' dir='ltr'><strong>intermiscuit,</strong></span> <span class='ocrx_word' id='word_1_516' title='bbox 1537 3037 1567 3089; x_wconf 88' lang='lat' dir='ltr'><strong>ul</strong></span> <span class='ocrx_word' id='word_1_517' title='bbox 1584 3050 1600 3090; x_wconf 91' lang='lat' dir='ltr'><strong>e</strong></span> <span class='ocrx_word' id='word_1_518' title='bbox 1619 3052 1718 3093; x_wconf 88' lang='lat' dir='ltr'><strong>narre-</strong></span> 
     </span>
     <span class='ocr_line' id='line_1_39' title="bbox 68 3103 1718 3180; baseline 0.002 -19"><span class='ocrx_word' id='word_1_519' title='bbox 68 3103 145 3161; x_wconf 84' lang='lat' dir='ltr'><strong>tione</strong></span> <span class='ocrx_word' id='word_1_520' title='bbox 159 3104 206 3161; x_wconf 82' lang='lat' dir='ltr'><strong>vix</strong></span> <span class='ocrx_word' id='word_1_521' title='bbox 222 3106 344 3175; x_wconf 88' lang='lat' dir='ltr'><strong>seperari</strong></span> <span class='ocrx_word' id='word_1_522' title='bbox 358 3114 466 3175; x_wconf 85' lang='lat' dir='ltr'><strong>qiieeiit.</strong></span> <span class='ocrx_word' id='word_1_523' title='bbox 491 3107 666 3176; x_wconf 76' lang='lat' dir='ltr'><strong>Quacunqne</strong></span> <span class='ocrx_word' id='word_1_524' title='bbox 681 3107 835 3161; x_wconf 88' lang='lat' dir='ltr'><strong>necessarie</strong></span> <span class='ocrx_word' id='word_1_525' title='bbox 849 3106 901 3161; x_wconf 90' lang='lat' dir='ltr'><strong>sibi</strong></span> <span class='ocrx_word' id='word_1_526' title='bbox 915 3106 974 3160; x_wconf 89' lang='lat' dir='ltr'><strong>vise</strong></span> <span class='ocrx_word' id='word_1_527' title='bbox 989 3113 1049 3159; x_wconf 89' lang='lat' dir='ltr'><strong>sunt</strong></span> <span class='ocrx_word' id='word_1_528' title='bbox 1063 3103 1100 3159; x_wconf 89' lang='lat' dir='ltr'><strong>ad</strong></span> <span class='ocrx_word' id='word_1_529' title='bbox 1115 3103 1324 3158; x_wconf 88' lang='lat' dir='ltr'><strong>elucidationem</strong></span> <span class='ocrx_word' id='word_1_530' title='bbox 1338 3117 1442 3158; x_wconf 91' lang='lat' dir='ltr'><strong>morum</strong></span> <span class='ocrx_word' id='word_1_531' title='bbox 1459 3119 1612 3175; x_wconf 83' lang='lat' dir='ltr'><strong>uanumque</strong></span> <span class='ocrx_word' id='word_1_532' title='bbox 1628 3124 1718 3180; x_wconf 90' lang='lat' dir='ltr'><strong>popu-</strong></span> 
     </span>
     <span class='ocr_line' id='line_1_40' title="bbox 70 3173 1720 3301; baseline 0.003 -71"><span class='ocrx_word' id='word_1_533' title='bbox 70 3175 162 3232; x_wconf 89' lang='lat' dir='ltr'><strong>lorum</strong></span> <span class='ocrx_word' id='word_1_534' title='bbox 177 3176 204 3230; x_wconf 91' lang='lat' dir='ltr'><strong>ln</strong></span> <span class='ocrx_word' id='word_1_535' title='bbox 219 3175 336 3230; x_wconf 86' lang='lat' dir='ltr'><strong>diversis</strong></span> <span class='ocrx_word' id='word_1_536' title='bbox 357 3178 476 3231; x_wconf 83' lang='lat' dir='ltr'><strong>liistoriae</strong></span> <span class='ocrx_word' id='word_1_537' title='bbox 490 3193 584 3233; x_wconf 89' lang='lat' dir='ltr'><strong>eoruin</strong></span> <span class='ocrx_word' id='word_1_538' title='bbox 600 3178 730 3248; x_wconf 84' lang='lat' dir='ltr'><strong>periodis.</strong></span> <span class='ocrx_word' id='word_1_539' title='bbox 747 3178 805 3232; x_wconf 90' lang='lat' dir='ltr'><strong>sive</strong></span> <span class='ocrx_word' id='word_1_540' title='bbox 820 3176 908 3249; x_wconf 88' lang='lat' dir='ltr'><strong>quoad</strong></span> <span class='ocrx_word' id='word_1_541' title='bbox 931 3176 1008 3301; x_wconf 49' lang='lat' dir='ltr'><strong>regni</strong></span> <span class='ocrx_word' id='word_1_542' title='bbox 1027 3174 1150 3300; x_wconf 67' lang='lat' dir='ltr'><strong>regimen</strong></span> <span class='ocrx_word' id='word_1_543' title='bbox 1171 3181 1198 3229; x_wconf 92' lang='lat' dir='ltr'><strong>et</strong></span> <span class='ocrx_word' id='word_1_544' title='bbox 1212 3174 1300 3245; x_wconf 88' lang='lat' dir='ltr'><strong>leges,</strong></span> <span class='ocrx_word' id='word_1_545' title='bbox 1315 3173 1374 3228; x_wconf 89' lang='lat' dir='ltr'><strong>sive</strong></span> <span class='ocrx_word' id='word_1_546' title='bbox 1397 3176 1488 3246; x_wconf 90' lang='lat' dir='ltr'><strong>quoad</strong></span> <span class='ocrx_word' id='word_1_547' title='bbox 1509 3189 1594 3245; x_wconf 88' lang='lat' dir='ltr'><strong>artes,</strong></span> <span class='ocrx_word' id='word_1_548' title='bbox 1610 3194 1720 3236; x_wconf 89' lang='lat' dir='ltr'><strong>summa</strong></span> 
     </span>
     <span class='ocr_line' id='line_1_41' title="bbox 68 3244 1717 3320; baseline -0.001 -16"><span class='ocrx_word' id='word_1_549' title='bbox 68 3262 133 3304; x_wconf 90' lang='lat' dir='ltr'><strong>cuin</strong></span> <span class='ocrx_word' id='word_1_550' title='bbox 148 3248 253 3320; x_wconf 90' lang='lat' dir='ltr'><strong>ingenii</strong></span> <span class='ocrx_word' id='word_1_551' title='bbox 268 3247 346 3301; x_wconf 86' lang='lat' dir='ltr'><strong>leude</strong></span> <span class='ocrx_word' id='word_1_552' title='bbox 360 3256 519 3302; x_wconf 88' lang='lat' dir='ltr'><strong>statuuntur.</strong></span> <span class='ocrx_word' id='word_1_553' title='bbox 541 3248 589 3305; x_wconf 88' lang='lat' dir='ltr'><strong>Ubi</strong></span> <span class='ocrx_word' id='word_1_554' title='bbox 605 3264 670 3304; x_wconf 90' lang='lat' dir='ltr'><strong>vero</strong></span> <span class='ocrx_word' id='word_1_555' title='bbox 686 3249 797 3303; x_wconf 91' lang='lat' dir='ltr'><strong>materie</strong></span> <span class='ocrx_word' id='word_1_556' title='bbox 814 3264 865 3304; x_wconf 93' lang='lat' dir='ltr'><strong>non</strong></span> <span class='ocrx_word' id='word_1_557' title='bbox 881 3248 953 3303; x_wconf 93' lang='lat' dir='ltr'><strong>abun</strong></span> <span class='ocrx_word' id='word_1_558' title='bbox 974 3255 1011 3311; x_wconf 89' lang='lat' dir='ltr'><strong>et,</strong></span> <span class='ocrx_word' id='word_1_559' title='bbox 1027 3262 1061 3301; x_wconf 90' lang='lat' dir='ltr'><strong>ve</strong></span> <span class='ocrx_word' id='word_1_560' title='bbox 1086 3245 1217 3301; x_wconf 89' lang='lat' dir='ltr'><strong>historice</strong></span> <span class='ocrx_word' id='word_1_561' title='bbox 1230 3246 1302 3300; x_wconf 89' lang='lat' dir='ltr'><strong>lecte</strong></span> <span class='ocrx_word' id='word_1_562' title='bbox 1316 3244 1417 3299; x_wconf 89' lang='lat' dir='ltr'><strong>nullius</strong></span> <span class='ocrx_word' id='word_1_563' title='bbox 1431 3253 1495 3301; x_wconf 90' lang='lat' dir='ltr'><strong>sunt</strong></span> <span class='ocrx_word' id='word_1_564' title='bbox 1508 3250 1649 3316; x_wconf 90' lang='lat' dir='ltr'><strong>momenti,</strong></span> <span class='ocrx_word' id='word_1_565' title='bbox 1662 3258 1717 3306; x_wconf 93' lang='lat' dir='ltr'><strong>tnm</strong></span> 
     </span>
     <span class='ocr_line' id='line_1_42' title="bbox 68 3315 1718 3390; baseline 0.002 -17"><span class='ocrx_word' id='word_1_566' title='bbox 68 3333 140 3390; x_wconf 88' lang='lat' dir='ltr'><strong>opos</strong></span> <span class='ocrx_word' id='word_1_567' title='bbox 161 3333 238 3372; x_wconf 88' lang='lat' dir='ltr'><strong>surim</strong></span> <span class='ocrx_word' id='word_1_568' title='bbox 262 3319 402 3373; x_wconf 84' lang='lat' dir='ltr'><strong>anecdotis</strong></span> <span class='ocrx_word' id='word_1_569' title='bbox 424 3319 541 3375; x_wconf 86' lang='lat' dir='ltr'><strong>viviticat</strong></span> <span class='ocrx_word' id='word_1_570' title='bbox 556 3322 623 3385; x_wconf 78' lang='lat' dir='ltr'><strong>its),</strong></span> <span class='ocrx_word' id='word_1_571' title='bbox 640 3335 713 3390; x_wconf 87' lang='lat' dir='ltr'><strong>saepe</strong></span> <span class='ocrx_word' id='word_1_572' title='bbox 728 3319 828 3374; x_wconf 88' lang='lat' dir='ltr'><strong>vividis</strong></span> <span class='ocrx_word' id='word_1_573' title='bbox 842 3319 981 3375; x_wconf 91' lang='lat' dir='ltr'><strong>coloribus</strong></span> <span class='ocrx_word' id='word_1_574' title='bbox 1005 3316 1180 3371; x_wconf 88' lang='lat' dir='ltr'><strong>individualis</strong></span> <span class='ocrx_word' id='word_1_575' title='bbox 1202 3316 1301 3371; x_wconf 86' lang='lat' dir='ltr'><strong>indolis</strong></span> <span class='ocrx_word' id='word_1_576' title='bbox 1325 3315 1523 3387; x_wconf 88' lang='lat' dir='ltr'><strong>proeminentia</strong></span> <span class='ocrx_word' id='word_1_577' title='bbox 1550 3318 1718 3377; x_wconf 86' lang='lat' dir='ltr'><strong>lineamenta</strong></span> 
     </span>
     <span class='ocr_line' id='line_1_43' title="bbox 70 3388 1274 3463; baseline 0.001 -19"><span class='ocrx_word' id='word_1_578' title='bbox 70 3388 239 3450; x_wconf 84' lang='lat' dir='ltr'><strong>describens,</strong></span> <span class='ocrx_word' id='word_1_579' title='bbox 255 3398 282 3443; x_wconf 93' lang='lat' dir='ltr'><strong>et</strong></span> <span class='ocrx_word' id='word_1_580' title='bbox 297 3389 366 3444; x_wconf 87' lang='lat' dir='ltr'><strong>miro</strong></span> <span class='ocrx_word' id='word_1_581' title='bbox 381 3389 495 3446; x_wconf 90' lang='lat' dir='ltr'><strong>artilicio</strong></span> <span class='ocrx_word' id='word_1_582' title='bbox 510 3390 553 3444; x_wconf 86' lang='lat' dir='ltr'><strong>vel</strong></span> <span class='ocrx_word' id='word_1_583' title='bbox 568 3392 680 3445; x_wconf 90' lang='lat' dir='ltr'><strong>minime</strong></span> <span class='ocrx_word' id='word_1_584' title='bbox 693 3390 766 3445; x_wconf 89' lang='lat' dir='ltr'><strong>circe</strong></span> <span class='ocrx_word' id='word_1_585' title='bbox 780 3406 810 3445; x_wconf 91' lang='lat' dir='ltr'><strong>se</strong></span> <span class='ocrx_word' id='word_1_586' title='bbox 823 3390 981 3463; x_wconf 88' lang='lat' dir='ltr'><strong>degentium</strong></span> <span class='ocrx_word' id='word_1_587' title='bbox 997 3396 1058 3444; x_wconf 84' lang='lat' dir='ltr'><strong>ecte</strong></span> <span class='ocrx_word' id='word_1_588' title='bbox 1074 3388 1274 3457; x_wconf 87' lang='lat' dir='ltr'><strong>perstringens.</strong></span> 
     </span>
    </p>

    <p class='ocr_par' dir='ltr' id='par_1_10' title="bbox 68 3456 1717 4295">
     <span class='ocr_line' id='line_1_44' title="bbox 105 3456 1717 3530; baseline 0.004 -17"><span class='ocrx_word' id='word_1_589' title='bbox 105 3459 175 3529; x_wconf 80' lang='lat' dir='ltr'><strong>Ejus</strong></span> <span class='ocrx_word' id='word_1_590' title='bbox 191 3460 308 3515; x_wconf 83' lang='lat' dir='ltr'><strong>Historia</strong></span> <span class='ocrx_word' id='word_1_591' title='bbox 321 3459 475 3516; x_wconf 71' lang='lat' dir='ltr'><strong>dramaticus</strong></span> <span class='ocrx_word' id='word_1_592' title='bbox 491 3461 590 3515; x_wconf 80' lang='lat' dir='ltr'><strong>labiilie</strong></span> <span class='ocrx_word' id='word_1_593' title='bbox 600 3461 738 3516; x_wconf 81' lang='lat' dir='ltr'><strong>assimilite</strong></span> <span class='ocrx_word' id='word_1_594' title='bbox 754 3469 805 3525; x_wconf 90' lang='lat' dir='ltr'><strong>est,</strong></span> <span class='ocrx_word' id='word_1_595' title='bbox 821 3459 848 3514; x_wconf 95' lang='lat' dir='ltr'><strong>in</strong></span> <span class='ocrx_word' id='word_1_596' title='bbox 862 3477 915 3530; x_wconf 87' lang='lat' dir='ltr'><strong>que</strong></span> <span class='ocrx_word' id='word_1_597' title='bbox 928 3476 1016 3515; x_wconf 88' lang='lat' dir='ltr'><strong>rernm</strong></span> <span class='ocrx_word' id='word_1_598' title='bbox 1039 3458 1138 3514; x_wconf 83' lang='lat' dir='ltr'><strong>relatio</strong></span> <span class='ocrx_word' id='word_1_599' title='bbox 1161 3457 1269 3529; x_wconf 81' lang='lat' dir='ltr'><strong>integra</strong></span> <span class='ocrx_word' id='word_1_600' title='bbox 1281 3456 1403 3523; x_wconf 77' lang='lat' dir='ltr'><strong>ruenni,</strong></span> <span class='ocrx_word' id='word_1_601' title='bbox 1419 3466 1526 3515; x_wconf 88' lang='lat' dir='ltr'><strong>remoto</strong></span> <span class='ocrx_word' id='word_1_602' title='bbox 1551 3463 1717 3519; x_wconf 87' lang='lat' dir='ltr'><strong>narrationis</strong></span> 
     </span>
     <span class='ocr_line' id='line_1_45' title="bbox 70 3529 1716 3606; baseline 0.003 -21"><span class='ocrx_word' id='word_1_603' title='bbox 70 3546 125 3586; x_wconf 89' lang='lat' dir='ltr'><strong>non</strong></span> <span class='ocrx_word' id='word_1_604' title='bbox 140 3530 301 3599; x_wconf 74' lang='lat' dir='ltr'><strong>interrupte</strong></span> <span class='ocrx_word' id='word_1_605' title='bbox 316 3531 407 3586; x_wconf 63' lang='lat' dir='ltr'><strong>taedio.</strong></span> <span class='ocrx_word' id='word_1_606' title='bbox 426 3531 502 3601; x_wconf 86' lang='lat' dir='ltr'><strong>Opus</strong></span> <span class='ocrx_word' id='word_1_607' title='bbox 515 3548 592 3587; x_wconf 84' lang='lat' dir='ltr'><strong>suurn</strong></span> <span class='ocrx_word' id='word_1_608' title='bbox 606 3534 695 3588; x_wconf 88' lang='lat' dir='ltr'><strong>emico</strong></span> <span class='ocrx_word' id='word_1_609' title='bbox 710 3542 878 3603; x_wconf 86' lang='lat' dir='ltr'><strong>patronoque</strong></span> <span class='ocrx_word' id='word_1_610' title='bbox 893 3547 943 3586; x_wconf 91' lang='lat' dir='ltr'><strong>suo</strong></span> <span class='ocrx_word' id='word_1_611' title='bbox 958 3532 1087 3593; x_wconf 88' lang='lat' dir='ltr'><strong>llobeito,</strong></span> <span class='ocrx_word' id='word_1_612' title='bbox 1104 3529 1265 3584; x_wconf 80' lang='lat' dir='ltr'><strong>Gtocesirie</strong></span> <span class='ocrx_word' id='word_1_613' title='bbox 1277 3529 1380 3591; x_wconf 92' lang='lat' dir='ltr'><strong>comiti,</strong></span> <span class='ocrx_word' id='word_1_614' title='bbox 1395 3531 1489 3599; x_wconf 88' lang='lat' dir='ltr'><strong>spurio</strong></span> <span class='ocrx_word' id='word_1_615' title='bbox 1503 3531 1613 3588; x_wconf 93' lang='lat' dir='ltr'><strong>llenrici</strong></span> <span class='ocrx_word' id='word_1_616' title='bbox 1636 3534 1716 3606; x_wconf 87' lang='lat' dir='ltr'><strong>primi</strong></span> 
     </span>
     <span class='ocr_line' id='line_1_46' title="bbox 70 3598 1716 3683; baseline 0.004 -27"><span class='ocrx_word' id='word_1_617' title='bbox 70 3601 145 3674; x_wconf 89' lang='lat' dir='ltr'><strong>regis</strong></span> <span class='ocrx_word' id='word_1_618' title='bbox 161 3600 227 3661; x_wconf 81' lang='lat' dir='ltr'><strong>litio.</strong></span> <span class='ocrx_word' id='word_1_619' title='bbox 241 3601 385 3657; x_wconf 87' lang='lat' dir='ltr'><strong>dedicavit.</strong></span> <span class='ocrx_word' id='word_1_620' title='bbox 408 3602 549 3670; x_wconf 82' lang='lat' dir='ltr'><strong>liebertus,</strong></span> <span class='ocrx_word' id='word_1_621' title='bbox 563 3604 633 3673; x_wconf 87' lang='lat' dir='ltr'><strong>juris</strong></span> <span class='ocrx_word' id='word_1_622' title='bbox 648 3604 805 3683; x_wconf 83' lang='lat' dir='ltr'><strong>militiaeque</strong></span> <span class='ocrx_word' id='word_1_623' title='bbox 821 3603 935 3673; x_wconf 90' lang='lat' dir='ltr'><strong>peritus,</strong></span> <span class='ocrx_word' id='word_1_624' title='bbox 951 3601 1081 3671; x_wconf 74' lang='lat' dir='ltr'><strong>singulari</strong></span> <span class='ocrx_word' id='word_1_625' title='bbox 1096 3600 1244 3655; x_wconf 90' lang='lat' dir='ltr'><strong>litterarum</strong></span> <span class='ocrx_word' id='word_1_626' title='bbox 1268 3600 1358 3655; x_wconf 92' lang='lat' dir='ltr'><strong>studio</strong></span> <span class='ocrx_word' id='word_1_627' title='bbox 1375 3598 1526 3682; x_wconf 71' lang='lat' dir='ltr'><strong>flagrabat:</strong></span> <span class='ocrx_word' id='word_1_628' title='bbox 1539 3602 1649 3670; x_wconf 82' lang='lat' dir='ltr'><strong>justitiae</strong></span> <span class='ocrx_word' id='word_1_629' title='bbox 1663 3606 1716 3662; x_wconf 91' lang='lat' dir='ltr'><strong>ob·</strong></span> 
     </span>
     <span class='ocr_line' id='line_1_47' title="bbox 71 3669 1716 3743; baseline 0.003 -16"><span class='ocrx_word' id='word_1_630' title='bbox 71 3671 294 3728; x_wconf 65' lang='lat' dir='ltr'><strong>amantissimus</strong></span> <span class='ocrx_word' id='word_1_631' title='bbox 309 3672 392 3727; x_wconf 91' lang='lat' dir='ltr'><strong>luisse</strong></span> <span class='ocrx_word' id='word_1_632' title='bbox 404 3674 516 3727; x_wconf 88' lang='lat' dir='ltr'><strong>traditur</strong></span> <span class='ocrx_word' id='word_1_633' title='bbox 531 3692 537 3727; x_wconf 92' lang='lat'>:</span> <span class='ocrx_word' id='word_1_634' title='bbox 553 3675 574 3727; x_wconf 88' lang='lat' dir='ltr'><strong>si</strong></span> <span class='ocrx_word' id='word_1_635' title='bbox 590 3674 673 3738; x_wconf 90' lang='lat' dir='ltr'><strong>enim,</strong></span> <span class='ocrx_word' id='word_1_636' title='bbox 689 3674 786 3728; x_wconf 88' lang='lat' dir='ltr'><strong>animis</strong></span> <span class='ocrx_word' id='word_1_637' title='bbox 809 3673 929 3729; x_wconf 92' lang='lat' dir='ltr'><strong>omnium</strong></span> <span class='ocrx_word' id='word_1_638' title='bbox 953 3672 1088 3726; x_wconf 85' lang='lat' dir='ltr'><strong>blatliildre</strong></span> <span class='ocrx_word' id='word_1_639' title='bbox 1110 3669 1301 3740; x_wconf 88' lang='lat' dir='ltr'><strong>Stephennque</strong></span> <span class='ocrx_word' id='word_1_640' title='bbox 1323 3669 1444 3737; x_wconf 82' lang='lat' dir='ltr'><strong>infensis,</strong></span> <span class='ocrx_word' id='word_1_641' title='bbox 1464 3687 1581 3743; x_wconf 82' lang='lat' dir='ltr'><strong>regnum</strong></span> <span class='ocrx_word' id='word_1_642' title='bbox 1605 3675 1716 3732; x_wconf 83' lang='lat' dir='ltr'><strong>allecte·</strong></span> 
     </span>
     <span class='ocr_line' id='line_1_48' title="bbox 71 3738 1715 3814; baseline 0.004 -17"><span class='ocrx_word' id='word_1_643' title='bbox 71 3743 167 3809; x_wconf 77' lang='lat' dir='ltr'><strong>visset,</strong></span> <span class='ocrx_word' id='word_1_644' title='bbox 183 3752 257 3798; x_wconf 89' lang='lat' dir='ltr'><strong>certe</strong></span> <span class='ocrx_word' id='word_1_645' title='bbox 272 3744 316 3797; x_wconf 91' lang='lat' dir='ltr'><strong>via</strong></span> <span class='ocrx_word' id='word_1_646' title='bbox 332 3744 451 3813; x_wconf 89' lang='lat' dir='ltr'><strong>petebat,</strong></span> <span class='ocrx_word' id='word_1_647' title='bbox 468 3744 516 3799; x_wconf 84' lang='lat' dir='ltr'><strong>sed</strong></span> <span class='ocrx_word' id='word_1_648' title='bbox 531 3744 592 3799; x_wconf 90' lang='lat' dir='ltr'><strong>lidei</strong></span> <span class='ocrx_word' id='word_1_649' title='bbox 608 3754 635 3799; x_wconf 94' lang='grc' dir='ltr'><strong>ιι</strong></span> <span class='ocrx_word' id='word_1_650' title='bbox 646 3744 822 3814; x_wconf 86' lang='lat' dir='ltr'><strong>jurijurando</strong></span> <span class='ocrx_word' id='word_1_651' title='bbox 837 3753 911 3799; x_wconf 90' lang='lat' dir='ltr'><strong>stare</strong></span> <span class='ocrx_word' id='word_1_652' title='bbox 925 3744 1011 3796; x_wconf 88' lang='lat' dir='ltr'><strong>setius</strong></span> <span class='ocrx_word' id='word_1_653' title='bbox 1026 3740 1125 3796; x_wconf 88' lang='lat' dir='ltr'><strong>liebuit.</strong></span> <span class='ocrx_word' id='word_1_654' title='bbox 1146 3741 1224 3794; x_wconf 87' lang='lat' dir='ltr'><strong>Circa</strong></span> <span class='ocrx_word' id='word_1_655' title='bbox 1238 3738 1319 3794; x_wconf 84' lang='lat' dir='ltr'><strong>finem</strong></span> <span class='ocrx_word' id='word_1_656' title='bbox 1337 3742 1429 3810; x_wconf 90' lang='lat' dir='ltr'><strong>operis</strong></span> <span class='ocrx_word' id='word_1_657' title='bbox 1440 3743 1485 3797; x_wconf 92' lang='lat' dir='ltr'><strong>cui</strong></span> <span class='ocrx_word' id='word_1_658' title='bbox 1499 3745 1613 3800; x_wconf 89' lang='lat' dir='ltr'><strong>titulus:</strong></span> <span class='ocrx_word' id='word_1_659' title='bbox 1630 3748 1715 3804; x_wconf 80' lang='lat' dir='ltr'><strong>desta</strong></span> 
     </span>
     <span class='ocr_line' id='line_1_49' title="bbox 71 3809 1715 3887; baseline 0.003 -19"><span class='ocrx_word' id='word_1_660' title='bbox 71 3828 169 3886; x_wconf 79' lang='lat' dir='ltr'><strong>repent</strong></span> <span class='ocrx_word' id='word_1_661' title='bbox 185 3815 350 3886; x_wconf 73' lang='lat' dir='ltr'><strong>deplorem.</strong></span> <span class='ocrx_word' id='word_1_662' title='bbox 367 3815 407 3870; x_wconf 92' lang='lat' dir='ltr'><strong>sic</strong></span> <span class='ocrx_word' id='word_1_663' title='bbox 421 3815 509 3885; x_wconf 91' lang='lat' dir='ltr'><strong>ipsum</strong></span> <span class='ocrx_word' id='word_1_664' title='bbox 525 3815 672 3887; x_wconf 81' lang='lat' dir='ltr'><strong>alloquitur</strong></span> <span class='ocrx_word' id='word_1_665' title='bbox 684 3814 956 3870; x_wconf 84' lang='lat' dir='ltr'><strong>llelmcsburiensis:</strong></span> <span class='ocrx_word' id='word_1_666' title='bbox 972 3835 983 3862; x_wconf 82' lang='grc' dir='ltr'><strong>ι</strong></span> <span class='ocrx_word' id='word_1_667' title='bbox 993 3812 1110 3867; x_wconf 84' lang='grc' dir='ltr'>ιιιιιιιι</span> <span class='ocrx_word' id='word_1_668' title='bbox 1125 3811 1162 3865; x_wconf 89' lang='grc' dir='ltr'><strong>ιιι</strong></span> <span class='ocrx_word' id='word_1_669' title='bbox 1174 3809 1282 3876; x_wconf 84' lang='lat' dir='ltr'><strong>levetis,</strong></span> <span class='ocrx_word' id='word_1_670' title='bbox 1294 3818 1322 3865; x_wconf 90' lang='lat' dir='ltr'><strong>ut</strong></span> <span class='ocrx_word' id='word_1_671' title='bbox 1335 3826 1396 3866; x_wconf 91' lang='lat' dir='ltr'><strong>cum</strong></span> <span class='ocrx_word' id='word_1_672' title='bbox 1411 3812 1470 3867; x_wconf 90' lang='lat' dir='ltr'><strong>sitis</strong></span> <span class='ocrx_word' id='word_1_673' title='bbox 1485 3822 1618 3871; x_wconf 91' lang='lat' dir='ltr'><strong>tantarum</strong></span> <span class='ocrx_word' id='word_1_674' title='bbox 1633 3832 1715 3873; x_wconf 91' lang='lat' dir='ltr'><strong>occe·</strong></span> 
     </span>
     <span class='ocr_line' id='line_1_50' title="bbox 70 3881 1714 3957; baseline 0.002 -19"><span class='ocrx_word' id='word_1_675' title='bbox 70 3883 211 3957; x_wconf 78' lang='lat' dir='ltr'><strong>potionum</strong></span> <span class='ocrx_word' id='word_1_676' title='bbox 226 3884 298 3940; x_wconf 90' lang='lat' dir='ltr'><strong>mole</strong></span> <span class='ocrx_word' id='word_1_677' title='bbox 312 3884 435 3951; x_wconf 88' lang='lat' dir='ltr'><strong>districti,</strong></span> <span class='ocrx_word' id='word_1_678' title='bbox 451 3887 531 3940; x_wconf 83' lang='lat' dir='ltr'><strong>horas</strong></span> <span class='ocrx_word' id='word_1_679' title='bbox 545 3895 635 3942; x_wconf 91' lang='lat' dir='ltr'><strong>tamen</strong></span> <span class='ocrx_word' id='word_1_680' title='bbox 650 3887 756 3956; x_wconf 89' lang='lat' dir='ltr'><strong>aliquas</strong></span> <span class='ocrx_word' id='word_1_681' title='bbox 771 3887 849 3941; x_wconf 86' lang='lat' dir='ltr'><strong>iobis</strong></span> <span class='ocrx_word' id='word_1_682' title='bbox 864 3884 1025 3953; x_wconf 90' lang='lat' dir='ltr'><strong>surripiatis,</strong></span> <span class='ocrx_word' id='word_1_683' title='bbox 1041 3883 1139 3954; x_wconf 83' lang='lat' dir='ltr'><strong>quibus</strong></span> <span class='ocrx_word' id='word_1_684' title='bbox 1152 3889 1199 3937; x_wconf 94' lang='lat' dir='ltr'><strong>eut</strong></span> <span class='ocrx_word' id='word_1_685' title='bbox 1212 3881 1264 3952; x_wconf 88' lang='lat' dir='ltr'><strong>ipsi</strong></span> <span class='ocrx_word' id='word_1_686' title='bbox 1278 3882 1381 3954; x_wconf 88' lang='lat' dir='ltr'><strong>legere,</strong></span> <span class='ocrx_word' id='word_1_687' title='bbox 1401 3892 1445 3937; x_wconf 90' lang='lat' dir='ltr'><strong>aut</strong></span> <span class='ocrx_word' id='word_1_688' title='bbox 1460 3884 1584 3955; x_wconf 83' lang='lat' dir='ltr'><strong>legentes</strong></span> <span class='ocrx_word' id='word_1_689' title='bbox 1603 3888 1714 3957; x_wconf 86' lang='lat' dir='ltr'><strong>possitis</strong></span> 
     </span>
     <span class='ocr_line' id='line_1_51' title="bbox 71 3951 1712 4028; baseline 0.003 -19"><span class='ocrx_word' id='word_1_690' title='bbox 71 3954 177 4010; x_wconf 86' lang='lat' dir='ltr'><strong>audire.</strong></span> <span class='ocrx_word' id='word_1_691' title='bbox 203 3956 293 4028; x_wconf 85' lang='lat' dir='ltr'><strong>Digne</strong></span> <span class='ocrx_word' id='word_1_692' title='bbox 307 3957 397 4026; x_wconf 86' lang='lat' dir='ltr'><strong>itaque</strong></span> <span class='ocrx_word' id='word_1_693' title='bbox 413 3957 598 4013; x_wconf 86' lang='lat' dir='ltr'><strong>moderamine</strong></span> <span class='ocrx_word' id='word_1_694' title='bbox 612 3958 727 4013; x_wconf 79' lang='lat' dir='ltr'><strong>lortunm</strong></span> <span class='ocrx_word' id='word_1_695' title='bbox 738 3965 837 4012; x_wconf 83' lang='lat' dir='ltr'><strong>vestrae</strong></span> <span class='ocrx_word' id='word_1_696' title='bbox 850 3955 1039 4012; x_wconf 86' lang='lat' dir='ltr'><strong>celsitudinem</strong></span> <span class='ocrx_word' id='word_1_697' title='bbox 1053 3952 1226 4022; x_wconf 91' lang='lat' dir='ltr'><strong>componitis,</strong></span> <span class='ocrx_word' id='word_1_698' title='bbox 1242 3951 1308 4006; x_wconf 92' lang='lat' dir='ltr'><strong>dum</strong></span> <span class='ocrx_word' id='word_1_699' title='bbox 1329 3968 1381 4007; x_wconf 88' lang='lat' dir='ltr'><strong>nec</strong></span> <span class='ocrx_word' id='word_1_700' title='bbox 1401 3954 1525 4008; x_wconf 90' lang='lat' dir='ltr'><strong>militiam</strong></span> <span class='ocrx_word' id='word_1_701' title='bbox 1538 3967 1651 4028; x_wconf 88' lang='lat' dir='ltr'><strong>propter</strong></span> <span class='ocrx_word' id='word_1_702' title='bbox 1664 3959 1712 4014; x_wconf 93' lang='lat' dir='ltr'><strong>lit-</strong></span> 
     </span>
     <span class='ocr_line' id='line_1_52' title="bbox 71 4023 1712 4099; baseline 0.002 -17"><span class='ocrx_word' id='word_1_703' title='bbox 71 4033 144 4082; x_wconf 86' lang='lat' dir='ltr'><strong>teras</strong></span> <span class='ocrx_word' id='word_1_704' title='bbox 158 4027 333 4098; x_wconf 88' lang='lat' dir='ltr'><strong>postponitis,</strong></span> <span class='ocrx_word' id='word_1_705' title='bbox 349 4042 400 4081; x_wconf 91' lang='lat' dir='ltr'><strong>nec</strong></span> <span class='ocrx_word' id='word_1_706' title='bbox 415 4027 517 4082; x_wconf 82' lang='lat' dir='ltr'><strong>litterae</strong></span> <span class='ocrx_word' id='word_1_707' title='bbox 532 4039 641 4099; x_wconf 87' lang='lat' dir='ltr'><strong>propter</strong></span> <span class='ocrx_word' id='word_1_708' title='bbox 656 4028 788 4083; x_wconf 85' lang='lat' dir='ltr'><strong>militium.</strong></span> <span class='ocrx_word' id='word_1_709' title='bbox 804 4037 833 4082; x_wconf 91' lang='lat' dir='ltr'><strong>ut</strong></span> <span class='ocrx_word' id='word_1_710' title='bbox 847 4028 970 4098; x_wconf 80' lang='lat' dir='ltr'><strong>quidem,</strong></span> <span class='ocrx_word' id='word_1_711' title='bbox 987 4024 1149 4095; x_wconf 87' lang='lat' dir='ltr'><strong>rotispuitis;</strong></span> <span class='ocrx_word' id='word_1_712' title='bbox 1175 4024 1201 4076; x_wconf 87' lang='lat' dir='ltr'><strong>in</strong></span> <span class='ocrx_word' id='word_1_713' title='bbox 1222 4038 1276 4090; x_wconf 83' lang='lat' dir='ltr'><strong>eun</strong></span> <span class='ocrx_word' id='word_1_714' title='bbox 1299 4023 1381 4079; x_wconf 87' lang='lat' dir='ltr'><strong>eliani</strong></span> <span class='ocrx_word' id='word_1_715' title='bbox 1404 4024 1527 4080; x_wconf 87' lang='lat' dir='ltr'><strong>scientiae</strong></span> <span class='ocrx_word' id='word_1_716' title='bbox 1551 4044 1647 4085; x_wconf 74' lang='lat' dir='ltr'><strong>uestrae</strong></span> <span class='ocrx_word' id='word_1_717' title='bbox 1680 4047 1712 4086; x_wconf 92' lang='lat' dir='ltr'><strong>a·</strong></span> 
     </span>
     <span class='ocr_line' id='line_1_53' title="bbox 70 4093 1712 4170; baseline -0.001 -17"><span class='ocrx_word' id='word_1_718' title='bbox 70 4096 150 4153; x_wconf 83' lang='lat' dir='ltr'><strong>tescit</strong></span> <span class='ocrx_word' id='word_1_719' title='bbox 162 4097 332 4158; x_wconf 83' lang='lat' dir='ltr'><strong>miraculum,</strong></span> <span class='ocrx_word' id='word_1_720' title='bbox 346 4098 418 4166; x_wconf 80' lang='lat' dir='ltr'><strong>qiiiii,</strong></span> <span class='ocrx_word' id='word_1_721' title='bbox 435 4098 499 4152; x_wconf 93' lang='lat' dir='ltr'><strong>dein</strong></span> <span class='ocrx_word' id='word_1_722' title='bbox 516 4099 598 4153; x_wconf 85' lang='lat' dir='ltr'><strong>libros</strong></span> <span class='ocrx_word' id='word_1_723' title='bbox 611 4099 733 4170; x_wconf 90' lang='lat' dir='ltr'><strong>diligitis,</strong></span> <span class='ocrx_word' id='word_1_724' title='bbox 750 4097 818 4153; x_wconf 90' lang='lat' dir='ltr'><strong>detis</strong></span> <span class='ocrx_word' id='word_1_725' title='bbox 839 4098 968 4154; x_wconf 85' lang='lat' dir='ltr'><strong>indicium</strong></span> <span class='ocrx_word' id='word_1_726' title='bbox 983 4112 1064 4168; x_wconf 89' lang='lat' dir='ltr'><strong>qiinni</strong></span> <span class='ocrx_word' id='word_1_727' title='bbox 1080 4095 1167 4149; x_wconf 90' lang='lat' dir='ltr'><strong>avidis</strong></span> <span class='ocrx_word' id='word_1_728' title='bbox 1187 4094 1313 4148; x_wconf 89' lang='lat' dir='ltr'><strong>medullis</strong></span> <span class='ocrx_word' id='word_1_729' title='bbox 1336 4093 1438 4149; x_wconf 88' lang='lat' dir='ltr'><strong>iontem</strong></span> <span class='ocrx_word' id='word_1_730' title='bbox 1462 4111 1557 4152; x_wconf 91' lang='lat' dir='ltr'><strong>eorum</strong></span> <span class='ocrx_word' id='word_1_731' title='bbox 1572 4101 1661 4156; x_wconf 89' lang='lat' dir='ltr'><strong>combi</strong></span> <span class='ocrx_word' id='word_1_732' title='bbox 1700 4131 1712 4143; x_wconf 89' lang='lat'><strong>·</strong></span> 
     </span>
     <span class='ocr_line' id='line_1_54' title="bbox 69 4165 1711 4242; baseline 0.003 -19"><span class='ocrx_word' id='word_1_733' title='bbox 69 4167 146 4230; x_wconf 85' lang='lat' dir='ltr'><strong>ritis;</strong></span> <span class='ocrx_word' id='word_1_734' title='bbox 161 4168 252 4223; x_wconf 73' lang='lat' dir='ltr'><strong>multer</strong></span> <span class='ocrx_word' id='word_1_735' title='bbox 266 4168 401 4239; x_wconf 86' lang='lat' dir='ltr'><strong>siqiiidom</strong></span> <span class='ocrx_word' id='word_1_736' title='bbox 417 4185 471 4231; x_wconf 85' lang='lat' dir='ltr'><strong>res.</strong></span> <span class='ocrx_word' id='word_1_737' title='bbox 487 4171 571 4224; x_wconf 91' lang='lat' dir='ltr'><strong>etiarn</strong></span> <span class='ocrx_word' id='word_1_738' title='bbox 588 4186 650 4226; x_wconf 93' lang='lat' dir='ltr'><strong>curn</strong></span> <span class='ocrx_word' id='word_1_739' title='bbox 664 4186 720 4225; x_wconf 92' lang='lat' dir='ltr'><strong>non</strong></span> <span class='ocrx_word' id='word_1_740' title='bbox 732 4171 878 4239; x_wconf 90' lang='lat' dir='ltr'><strong>habentur,</strong></span> <span class='ocrx_word' id='word_1_741' title='bbox 889 4169 1098 4231; x_wconf 65' lang='lat' dir='ltr'><strong>desiderantem</strong></span> <span class='ocrx_word' id='word_1_742' title='bbox 1116 4165 1316 4237; x_wconf 88' lang='lat' dir='ltr'><strong>philosophiam</strong></span> <span class='ocrx_word' id='word_1_743' title='bbox 1339 4166 1430 4221; x_wconf 91' lang='lat' dir='ltr'><strong>nullus</strong></span> <span class='ocrx_word' id='word_1_744' title='bbox 1454 4168 1558 4225; x_wconf 83' lang='lat' dir='ltr'><strong>sinebit</strong></span> <span class='ocrx_word' id='word_1_745' title='bbox 1581 4171 1628 4242; x_wconf 91' lang='lat' dir='ltr'><strong>qui</strong></span> <span class='ocrx_word' id='word_1_746' title='bbox 1651 4186 1711 4227; x_wconf 89' lang='lat' dir='ltr'><strong>eetn</strong></span> 
     </span>
     <span class='ocr_line' id='line_1_55' title="bbox 68 4240 576 4295; baseline 0 -1"><span class='ocrx_word' id='word_1_747' title='bbox 68 4247 191 4294; x_wconf 84' lang='lat' dir='ltr'><strong>extreme</strong></span> <span class='ocrx_word' id='word_1_748' title='bbox 204 4240 331 4294; x_wconf 86' lang='lat' dir='ltr'><strong>satietate</strong></span> <span class='ocrx_word' id='word_1_749' title='bbox 343 4255 398 4294; x_wconf 91' lang='lat' dir='ltr'><strong>non</strong></span> <span class='ocrx_word' id='word_1_750' title='bbox 412 4242 544 4295; x_wconf 89' lang='lat' dir='ltr'><strong>hauserit.</strong></span> <span class='ocrx_word' id='word_1_751' title='bbox 566 4265 576 4289; x_wconf 80' lang='lat' dir='ltr'><strong>ii</strong></span> 
     </span>
    </p>

    <p class='ocr_par' dir='ltr' id='par_1_11' title="bbox 67 4306 1715 4577">
     <span class='ocr_line' id='line_1_56' title="bbox 104 4306 1715 4388; baseline 0.002 -25"><span class='ocrx_word' id='word_1_752' title='bbox 104 4309 192 4377; x_wconf 81' lang='lat' dir='ltr'><strong>Rogat</strong></span> <span class='ocrx_word' id='word_1_753' title='bbox 206 4310 455 4365; x_wconf 71' lang='lat' dir='ltr'><strong>blalmesliuriensis</strong></span> <span class='ocrx_word' id='word_1_754' title='bbox 469 4312 519 4366; x_wconf 85' lang='lat' dir='ltr'><strong>sibi</strong></span> <span class='ocrx_word' id='word_1_755' title='bbox 535 4311 720 4382; x_wconf 87' lang='lat' dir='ltr'><strong>vituperationi</strong></span> <span class='ocrx_word' id='word_1_756' title='bbox 735 4326 789 4366; x_wconf 93' lang='lat' dir='ltr'><strong>non</strong></span> <span class='ocrx_word' id='word_1_757' title='bbox 803 4312 963 4367; x_wconf 89' lang='lat' dir='ltr'><strong>vertendum</strong></span> <span class='ocrx_word' id='word_1_758' title='bbox 977 4308 1049 4380; x_wconf 87' lang='lat' dir='ltr'><strong>qnod</strong></span> <span class='ocrx_word' id='word_1_759' title='bbox 1064 4306 1185 4363; x_wconf 86' lang='lat' dir='ltr'><strong>narretio</strong></span> <span class='ocrx_word' id='word_1_760' title='bbox 1207 4322 1281 4388; x_wconf 81' lang='lat' dir='ltr'><strong>saepe</strong></span> <span class='ocrx_word' id='word_1_761' title='bbox 1302 4307 1422 4380; x_wconf 77' lang='lat' dir='ltr'><strong>regionis</strong></span> <span class='ocrx_word' id='word_1_762' title='bbox 1435 4324 1492 4365; x_wconf 84' lang='lat' dir='ltr'><strong>suae</strong></span> <span class='ocrx_word' id='word_1_763' title='bbox 1506 4308 1607 4368; x_wconf 89' lang='lat' dir='ltr'><strong>limites</strong></span> <span class='ocrx_word' id='word_1_764' title='bbox 1623 4319 1715 4368; x_wconf 81' lang='lat' dir='ltr'><strong>bans·</strong></span> 
     </span>
     <span class='ocr_line' id='line_1_57' title="bbox 68 4378 1712 4455; baseline 0.003 -20"><span class='ocrx_word' id='word_1_765' title='bbox 68 4381 221 4451; x_wconf 83' lang='lat' dir='ltr'><strong>gradiatur.</strong></span> <span class='ocrx_word' id='word_1_766' title='bbox 240 4381 307 4435; x_wconf 87' lang='lat' dir='ltr'><strong>Eam</strong></span> <span class='ocrx_word' id='word_1_767' title='bbox 323 4380 382 4450; x_wconf 90' lang='lat' dir='ltr'><strong>ipse</strong></span> <span class='ocrx_word' id='word_1_768' title='bbox 397 4382 473 4451; x_wconf 88' lang='lat' dir='ltr'><strong>quisi</strong></span> <span class='ocrx_word' id='word_1_769' title='bbox 487 4384 628 4437; x_wconf 85' lang='lat' dir='ltr'><strong>multarum</strong></span> <span class='ocrx_word' id='word_1_770' title='bbox 645 4383 814 4437; x_wconf 88' lang='lat' dir='ltr'><strong>historiarum</strong></span> <span class='ocrx_word' id='word_1_771' title='bbox 838 4381 1000 4437; x_wconf 89' lang='lat' dir='ltr'><strong>breviarium</strong></span> <span class='ocrx_word' id='word_1_772' title='bbox 1026 4378 1188 4450; x_wconf 87' lang='lat' dir='ltr'><strong>designavit,</strong></span> <span class='ocrx_word' id='word_1_773' title='bbox 1205 4386 1256 4433; x_wconf 82' lang='lat' dir='ltr'><strong>etet</strong></span> <span class='ocrx_word' id='word_1_774' title='bbox 1271 4388 1385 4450; x_wconf 88' lang='lat' dir='ltr'><strong>propter</strong></span> <span class='ocrx_word' id='word_1_775' title='bbox 1399 4379 1576 4450; x_wconf 89' lang='lat' dir='ltr'><strong>ampliorem,</strong></span> <span class='ocrx_word' id='word_1_776' title='bbox 1597 4399 1662 4455; x_wconf 84' lang='lat' dir='ltr'><strong>quae</strong></span> <span class='ocrx_word' id='word_1_777' title='bbox 1676 4384 1712 4440; x_wconf 88' lang='lat' dir='ltr'><strong>ed</strong></span> 
     </span>
     <span class='ocr_line' id='line_1_58' title="bbox 67 4448 1276 4577; baseline -0.003 -70"><span class='ocrx_word' id='word_1_778' title='bbox 67 4450 198 4577; x_wconf 54' lang='lat' dir='ltr'><strong>angliam</strong></span> <span class='ocrx_word' id='word_1_779' title='bbox 210 4458 327 4520; x_wconf 91' lang='lat' dir='ltr'><strong>spectet,</strong></span> <span class='ocrx_word' id='word_1_780' title='bbox 342 4452 566 4508; x_wconf 87' lang='lat' dir='ltr'><strong>documentorum</strong></span> <span class='ocrx_word' id='word_1_781' title='bbox 582 4456 699 4524; x_wconf 86' lang='lat' dir='ltr'><strong>copiam,</strong></span> <span class='ocrx_word' id='word_1_782' title='bbox 717 4454 803 4509; x_wconf 84' lang='lat' dir='ltr'><strong>Gesta</strong></span> <span class='ocrx_word' id='word_1_783' title='bbox 818 4469 914 4523; x_wconf 83' lang='lat' dir='ltr'><strong>repam</strong></span> <span class='ocrx_word' id='word_1_784' title='bbox 927 4453 1081 4521; x_wconf 77' lang='lat' dir='ltr'><strong>deplorem</strong></span> <span class='ocrx_word' id='word_1_785' title='bbox 1096 4448 1276 4518; x_wconf 89' lang='lat' dir='ltr'><strong>inscripserit.</strong></span> 
     </span>
    </p>

    <p class='ocr_par' dir='ltr' id='par_1_12' title="bbox 67 4520 1713 4808">
     <span class='ocr_line' id='line_1_59' title="bbox 128 4520 1713 4595; baseline 0.002 -18"><span class='ocrx_word' id='word_1_786' title='bbox 128 4522 192 4578; x_wconf 85' lang='lat' dir='ltr'><strong>alde</strong></span> <span class='ocrx_word' id='word_1_787' title='bbox 205 4531 295 4578; x_wconf 88' lang='lat' dir='ltr'><strong>temen</strong></span> <span class='ocrx_word' id='word_1_788' title='bbox 309 4524 353 4578; x_wconf 90' lang='lat' dir='ltr'><strong>dol</strong></span> <span class='ocrx_word' id='word_1_789' title='bbox 365 4524 455 4577; x_wconf 60' lang='lat' dir='ltr'><strong>‘iidem</strong></span> <span class='ocrx_word' id='word_1_790' title='bbox 471 4533 512 4578; x_wconf 84' lang='lat' dir='ltr'><strong>nst</strong></span> <span class='ocrx_word' id='word_1_791' title='bbox 526 4527 597 4595; x_wconf 80' lang='lat' dir='ltr'><strong>qnod</strong></span> <span class='ocrx_word' id='word_1_792' title='bbox 614 4540 665 4580; x_wconf 94' lang='lat' dir='ltr'><strong>non</strong></span> <span class='ocrx_word' id='word_1_793' title='bbox 682 4540 735 4579; x_wconf 93' lang='lat' dir='ltr'><strong>uno</strong></span> <span class='ocrx_word' id='word_1_794' title='bbox 751 4524 777 4578; x_wconf 95' lang='lat' dir='ltr'><strong>iii</strong></span> <span class='ocrx_word' id='word_1_795' title='bbox 794 4523 854 4579; x_wconf 87' lang='lat' dir='ltr'><strong>loeo</strong></span> <span class='ocrx_word' id='word_1_796' title='bbox 868 4522 998 4593; x_wconf 86' lang='lat' dir='ltr'><strong>legendas</strong></span> <span class='ocrx_word' id='word_1_797' title='bbox 1014 4521 1134 4576; x_wconf 82' lang='lat' dir='ltr'><strong>historiae</strong></span> <span class='ocrx_word' id='word_1_798' title='bbox 1147 4520 1348 4588; x_wconf 90' lang='lat' dir='ltr'><strong>interseruerit;</strong></span> <span class='ocrx_word' id='word_1_799' title='bbox 1364 4523 1513 4578; x_wconf 87' lang='lat' dir='ltr'><strong>commenti</strong></span> <span class='ocrx_word' id='word_1_800' title='bbox 1524 4531 1613 4580; x_wconf 92' lang='lat' dir='ltr'><strong>temen</strong></span> <span class='ocrx_word' id='word_1_801' title='bbox 1629 4525 1713 4580; x_wconf 92' lang='lat' dir='ltr'><strong>nein·</strong></span> 
     </span>
     <span class='ocr_line' id='line_1_60' title="bbox 69 4591 1712 4671; baseline 0.002 -23"><span class='ocrx_word' id='word_1_802' title='bbox 69 4591 211 4650; x_wconf 89' lang='lat' dir='ltr'><strong>simuletur</strong></span> <span class='ocrx_word' id='word_1_803' title='bbox 224 4596 292 4665; x_wconf 80' lang='lat' dir='ltr'><strong>(te),</strong></span> <span class='ocrx_word' id='word_1_804' title='bbox 310 4595 407 4667; x_wconf 88' lang='lat' dir='ltr'><strong>quibus</strong></span> <span class='ocrx_word' id='word_1_805' title='bbox 421 4596 627 4650; x_wconf 90' lang='lat' dir='ltr'><strong>auctoritatibus</strong></span> <span class='ocrx_word' id='word_1_806' title='bbox 642 4597 742 4650; x_wconf 92' lang='lat' dir='ltr'><strong>nitetur</strong></span> <span class='ocrx_word' id='word_1_807' title='bbox 755 4595 874 4650; x_wconf 89' lang='lat' dir='ltr'><strong>studiose</strong></span> <span class='ocrx_word' id='word_1_808' title='bbox 887 4599 992 4649; x_wconf 90' lang='lat' dir='ltr'><strong>monet.</strong></span> <span class='ocrx_word' id='word_1_809' title='bbox 1027 4591 1184 4647; x_wconf 80' lang='lat' dir='ltr'><strong>Meminisse</strong></span> <span class='ocrx_word' id='word_1_810' title='bbox 1207 4591 1293 4671; x_wconf 38' lang='lat' dir='ltr'><strong>etiem·</strong></span> <span class='ocrx_word' id='word_1_811' title='bbox 1312 4592 1428 4663; x_wconf 89' lang='lat' dir='ltr'><strong>quisque</strong></span> <span class='ocrx_word' id='word_1_812' title='bbox 1451 4594 1534 4650; x_wconf 90' lang='lat' dir='ltr'><strong>debet</strong></span> <span class='ocrx_word' id='word_1_813' title='bbox 1556 4597 1629 4668; x_wconf 90' lang='lat' dir='ltr'><strong>quod</strong></span> <span class='ocrx_word' id='word_1_814' title='bbox 1644 4596 1712 4651; x_wconf 82' lang='lat' dir='ltr'><strong>blel-</strong></span> 
     </span>
     <span class='ocr_line' id='line_1_61' title="bbox 68 4661 1713 4735; baseline 0.003 -16"><span class='ocrx_word' id='word_1_815' title='bbox 68 4665 265 4722; x_wconf 87' lang='lat' dir='ltr'><strong>mesburiensis</strong></span> <span class='ocrx_word' id='word_1_816' title='bbox 278 4682 339 4721; x_wconf 82' lang='lat' dir='ltr'><strong>tero</strong></span> <span class='ocrx_word' id='word_1_817' title='bbox 354 4665 526 4722; x_wconf 83' lang='lat' dir='ltr'><strong>miraculosae.</strong></span> <span class='ocrx_word' id='word_1_818' title='bbox 541 4667 708 4722; x_wconf 87' lang='lat' dir='ltr'><strong>narrationes</strong></span> <span class='ocrx_word' id='word_1_819' title='bbox 723 4666 749 4719; x_wconf 95' lang='lat' dir='ltr'><strong>in</strong></span> <span class='ocrx_word' id='word_1_820' title='bbox 768 4666 892 4719; x_wconf 88' lang='lat' dir='ltr'><strong>inanibus</strong></span> <span class='ocrx_word' id='word_1_821' title='bbox 905 4663 1028 4720; x_wconf 90' lang='lat' dir='ltr'><strong>omnium</strong></span> <span class='ocrx_word' id='word_1_822' title='bbox 1045 4669 1231 4726; x_wconf 86' lang='lat' dir='ltr'><strong>versarentur,</strong></span> <span class='ocrx_word' id='word_1_823' title='bbox 1245 4661 1436 4735; x_wconf 76' lang='lat' dir='ltr'><strong>religiosaeque</strong></span> <span class='ocrx_word' id='word_1_824' title='bbox 1453 4665 1528 4735; x_wconf 88' lang='lat' dir='ltr'><strong>vulgi</strong></span> <span class='ocrx_word' id='word_1_825' title='bbox 1543 4665 1605 4722; x_wconf 86' lang='lat' dir='ltr'><strong>fidei</strong></span> <span class='ocrx_word' id='word_1_826' title='bbox 1619 4667 1713 4724; x_wconf 90' lang='lat' dir='ltr'><strong>intime</strong></span> 
     </span>
     <span class='ocr_line' id='line_1_62' title="bbox 67 4733 1712 4808; baseline 0.001 -13"><span class='ocrx_word' id='word_1_827' title='bbox 67 4744 304 4795; x_wconf 86' lang='lat' dir='ltr'><strong>connecterentur.</strong></span> <span class='ocrx_word' id='word_1_828' title='bbox 319 4738 350 4790; x_wconf 87' lang='lat' dir='ltr'><strong>Ht</strong></span> <span class='ocrx_word' id='word_1_829' title='bbox 366 4738 518 4793; x_wconf 87' lang='lat' dir='ltr'><strong>rectissime</strong></span> <span class='ocrx_word' id='word_1_830' title='bbox 534 4745 608 4792; x_wconf 88' lang='lat' dir='ltr'><strong>notat</strong></span> <span class='ocrx_word' id='word_1_831' title='bbox 632 4738 761 4808; x_wconf 88' lang='lat' dir='ltr'><strong>Sharpins</strong></span> <span class='ocrx_word' id='word_1_832' title='bbox 784 4736 885 4791; x_wconf 90' lang='lat' dir='ltr'><strong>nemini</strong></span> <span class='ocrx_word' id='word_1_833' title='bbox 909 4736 937 4790; x_wconf 94' lang='lat' dir='ltr'><strong>in</strong></span> <span class='ocrx_word' id='word_1_834' title='bbox 961 4740 1080 4791; x_wconf 89' lang='lat' dir='ltr'><strong>mentem</strong></span> <span class='ocrx_word' id='word_1_835' title='bbox 1104 4747 1223 4805; x_wconf 89' lang='lat' dir='ltr'><strong>unquam</strong></span> <span class='ocrx_word' id='word_1_836' title='bbox 1239 4733 1344 4789; x_wconf 90' lang='lat' dir='ltr'><strong>venisse</strong></span> <span class='ocrx_word' id='word_1_837' title='bbox 1358 4743 1388 4789; x_wconf 93' lang='lat' dir='ltr'><strong>ut</strong></span> <span class='ocrx_word' id='word_1_838' title='bbox 1401 4735 1476 4792; x_wconf 82' lang='lat' dir='ltr'><strong>Livio</strong></span> <span class='ocrx_word' id='word_1_839' title='bbox 1489 4746 1535 4793; x_wconf 91' lang='lat' dir='ltr'><strong>eut</strong></span> <span class='ocrx_word' id='word_1_840' title='bbox 1549 4738 1612 4795; x_wconf 86' lang='lat' dir='ltr'><strong>aliis</strong></span> <span class='ocrx_word' id='word_1_841' title='bbox 1625 4737 1712 4796; x_wconf 91' lang='lat' dir='ltr'><strong>histo-</strong></span> 
     </span>
    </p>
   </div>
   <div class='ocr_carea' id='block_1_5' title="bbox 64 4908 1713 5631">
    <p class='ocr_par' dir='ltr' id='par_1_13' title="bbox 67 4908 1712 5125">
     <span class='ocr_line' id='line_1_63' title="bbox 103 4908 1712 4985; baseline 0.004 -18"><span class='ocrx_word' id='word_1_842' title='bbox 103 4911 163 4984; x_wconf 79' lang='lat' dir='ltr'><strong>(tel</strong></span> <span class='ocrx_word' id='word_1_843' title='bbox 175 4908 336 4980; x_wconf 85' lang='lat' dir='ltr'><strong>Hedmerus,</strong></span> <span class='ocrx_word' id='word_1_844' title='bbox 352 4929 406 4983; x_wconf 87' lang='lat' dir='ltr'><strong>qno</strong></span> <span class='ocrx_word' id='word_1_845' title='bbox 421 4922 541 4985; x_wconf 86' lang='lat' dir='ltr'><strong>tempore</strong></span> <span class='ocrx_word' id='word_1_846' title='bbox 555 4911 803 4970; x_wconf 85' lang='lat' dir='ltr'><strong>blelmesburionsis</strong></span> <span class='ocrx_word' id='word_1_847' title='bbox 818 4928 868 4967; x_wconf 90' lang='lat' dir='ltr'><strong>sue</strong></span> <span class='ocrx_word' id='word_1_848' title='bbox 884 4911 966 4969; x_wconf 82' lang='lat' dir='ltr'><strong>Geato</strong></span> <span class='ocrx_word' id='word_1_849' title='bbox 986 4927 1086 4982; x_wconf 83' lang='lat' dir='ltr'><strong>repam</strong></span> <span class='ocrx_word' id='word_1_850' title='bbox 1100 4912 1254 4984; x_wconf 75' lang='lat' dir='ltr'><strong>inplorent</strong></span> <span class='ocrx_word' id='word_1_851' title='bbox 1280 4910 1308 4967; x_wconf 91' lang='lat' dir='ltr'><strong>in</strong></span> <span class='ocrx_word' id='word_1_852' title='bbox 1329 4913 1417 4971; x_wconf 89' lang='lat' dir='ltr'><strong>lucem</strong></span> <span class='ocrx_word' id='word_1_853' title='bbox 1439 4913 1540 4982; x_wconf 91' lang='lat' dir='ltr'><strong>edidit,</strong></span> <span class='ocrx_word' id='word_1_854' title='bbox 1565 4916 1712 4973; x_wconf 86' lang='lat' dir='ltr'><strong>Historiam</strong></span> 
     </span>
     <span class='ocr_line' id='line_1_64' title="bbox 67 4981 1712 5061; baseline 0.004 -23"><span class='ocrx_word' id='word_1_855' title='bbox 67 4998 149 5039; x_wconf 84' lang='lat' dir='ltr'><strong>snam</strong></span> <span class='ocrx_word' id='word_1_856' title='bbox 163 4981 290 5037; x_wconf 83' lang='lat' dir='ltr'><strong>Anselmi</strong></span> <span class='ocrx_word' id='word_1_857' title='bbox 304 4983 457 5041; x_wconf 84' lang='lat' dir='ltr'><strong>Centueriae</strong></span> <span class='ocrx_word' id='word_1_858' title='bbox 471 4985 670 5056; x_wconf 86' lang='lat' dir='ltr'><strong>archiepiscopi</strong></span> <span class='ocrx_word' id='word_1_859' title='bbox 685 4985 759 5040; x_wconf 92' lang='lat' dir='ltr'><strong>obitu</strong></span> <span class='ocrx_word' id='word_1_860' title='bbox 774 4982 953 5040; x_wconf 88' lang='lat' dir='ltr'><strong>concluserat.</strong></span> <span class='ocrx_word' id='word_1_861' title='bbox 977 4983 1054 5038; x_wconf 91' lang='lat' dir='ltr'><strong>lllein</strong></span> <span class='ocrx_word' id='word_1_862' title='bbox 1078 4991 1173 5055; x_wconf 86' lang='lat' dir='ltr'><strong>postea</strong></span> <span class='ocrx_word' id='word_1_863' title='bbox 1197 4998 1283 5056; x_wconf 90' lang='lat' dir='ltr'><strong>usque</strong></span> <span class='ocrx_word' id='word_1_864' title='bbox 1303 4984 1339 5041; x_wconf 90' lang='lat' dir='ltr'><strong>ed</strong></span> <span class='ocrx_word' id='word_1_865' title='bbox 1363 4983 1564 5059; x_wconf 86' lang='lat' dir='ltr'><strong>archiepiscopi</strong></span> <span class='ocrx_word' id='word_1_866' title='bbox 1578 4988 1712 5061; x_wconf 88' lang='lat' dir='ltr'><strong>llednlpbi</strong></span> 
     </span>
     <span class='ocr_line' id='line_1_65' title="bbox 67 5054 594 5125; baseline 0.006 -16"><span class='ocrx_word' id='word_1_867' title='bbox 67 5069 175 5119; x_wconf 86' lang='lat' dir='ltr'><strong>necctn,</strong></span> <span class='ocrx_word' id='word_1_868' title='bbox 190 5067 263 5109; x_wconf 87' lang='lat' dir='ltr'><strong>atine</strong></span> <span class='ocrx_word' id='word_1_869' title='bbox 277 5054 357 5118; x_wconf 64' lang='lat' dir='ltr'><strong>ilii,</strong></span> <span class='ocrx_word' id='word_1_870' title='bbox 374 5064 529 5125; x_wconf 90' lang='lat' dir='ltr'><strong>prosecutus</strong></span> <span class='ocrx_word' id='word_1_871' title='bbox 542 5064 594 5112; x_wconf 83' lang='lat' dir='ltr'><strong>est.</strong></span> 
     </span>
    </p>

    <p class='ocr_par' dir='ltr' id='par_1_14' title="bbox 66 5123 1711 5268">
     <span class='ocr_line' id='line_1_66' title="bbox 102 5123 1711 5199; baseline 0.006 -21"><span class='ocrx_word' id='word_1_872' title='bbox 102 5124 159 5193; x_wconf 84' lang='lat' dir='ltr'><strong>(ll)</strong></span> <span class='ocrx_word' id='word_1_873' title='bbox 175 5123 309 5179; x_wconf 88' lang='lat' dir='ltr'><strong>iudanon</strong></span> <span class='ocrx_word' id='word_1_874' title='bbox 326 5126 496 5182; x_wconf 80' lang='lat' dir='ltr'><strong>inferendum</strong></span> <span class='ocrx_word' id='word_1_875' title='bbox 511 5128 583 5196; x_wconf 80' lang='lat' dir='ltr'><strong>qnod</strong></span> <span class='ocrx_word' id='word_1_876' title='bbox 600 5124 852 5182; x_wconf 86' lang='lat' dir='ltr'><strong>hlnlmesbuiiensis</strong></span> <span class='ocrx_word' id='word_1_877' title='bbox 872 5123 1018 5198; x_wconf 76' lang='lat' dir='ltr'><strong>originales</strong></span> <span class='ocrx_word' id='word_1_878' title='bbox 1032 5125 1140 5180; x_wconf 89' lang='lat' dir='ltr'><strong>cliailas</strong></span> <span class='ocrx_word' id='word_1_879' title='bbox 1154 5123 1198 5180; x_wconf 90' lang='lat' dir='ltr'><strong>vel</strong></span> <span class='ocrx_word' id='word_1_880' title='bbox 1216 5124 1343 5195; x_wconf 88' lang='lat' dir='ltr'><strong>epistolas</strong></span> <span class='ocrx_word' id='word_1_881' title='bbox 1366 5141 1475 5199; x_wconf 88' lang='lat' dir='ltr'><strong>semper</strong></span> <span class='ocrx_word' id='word_1_882' title='bbox 1487 5128 1622 5186; x_wconf 86' lang='lat' dir='ltr'><strong>verbatim</strong></span> <span class='ocrx_word' id='word_1_883' title='bbox 1635 5130 1711 5189; x_wconf 90' lang='lat' dir='ltr'><strong>inse·</strong></span> 
     </span>
     <span class='ocr_line' id='line_1_67' title="bbox 66 5194 1523 5268; baseline 0 -17"><span class='ocrx_word' id='word_1_884' title='bbox 66 5197 170 5258; x_wconf 86' lang='lat' dir='ltr'><strong>rnerit;</strong></span> <span class='ocrx_word' id='word_1_885' title='bbox 185 5195 245 5249; x_wconf 85' lang='lat' dir='ltr'><strong>illas</strong></span> <span class='ocrx_word' id='word_1_886' title='bbox 258 5194 429 5252; x_wconf 87' lang='lat' dir='ltr'><strong>solummodo</strong></span> <span class='ocrx_word' id='word_1_887' title='bbox 443 5206 573 5264; x_wconf 89' lang='lat' dir='ltr'><strong>coarctet,</strong></span> <span class='ocrx_word' id='word_1_888' title='bbox 589 5199 735 5265; x_wconf 79' lang='lat' dir='ltr'><strong>alienando</strong></span> <span class='ocrx_word' id='word_1_889' title='bbox 749 5206 839 5252; x_wconf 90' lang='lat' dir='ltr'><strong>temen</strong></span> <span class='ocrx_word' id='word_1_890' title='bbox 854 5195 959 5268; x_wconf 91' lang='lat' dir='ltr'><strong>integre</strong></span> <span class='ocrx_word' id='word_1_891' title='bbox 974 5196 1135 5251; x_wconf 87' lang='lat' dir='ltr'><strong>documenta</strong></span> <span class='ocrx_word' id='word_1_892' title='bbox 1149 5196 1316 5252; x_wconf 88' lang='lat' dir='ltr'><strong>inseruntur.</strong></span> <span class='ocrx_word' id='word_1_893' title='bbox 1519 5202 1523 5209; x_wconf 89' lang='lat'>&#39;</span> 
     </span>
    </p>

    <p class='ocr_par' dir='ltr' id='par_1_15' title="bbox 64 5266 1710 5464">
     <span class='ocr_line' id='line_1_68' title="bbox 99 5266 1709 5346; baseline 0.006 -25"><span class='ocrx_word' id='word_1_894' title='bbox 99 5266 158 5337; x_wconf 84' lang='lat' dir='ltr'><strong>(tlt)</strong></span> <span class='ocrx_word' id='word_1_895' title='bbox 173 5266 245 5322; x_wconf 82' lang='lat' dir='ltr'><strong>loco</strong></span> <span class='ocrx_word' id='word_1_896' title='bbox 260 5266 379 5338; x_wconf 85' lang='lat' dir='ltr'><strong>quodam</strong></span> <span class='ocrx_word' id='word_1_897' title='bbox 412 5277 454 5323; x_wconf 93' lang='lat' dir='ltr'><strong>ost</strong></span> <span class='ocrx_word' id='word_1_898' title='bbox 468 5269 542 5324; x_wconf 89' lang='lat' dir='ltr'><strong>varie</strong></span> <span class='ocrx_word' id='word_1_899' title='bbox 557 5269 648 5336; x_wconf 89' lang='lat' dir='ltr'><strong>allate,</strong></span> <span class='ocrx_word' id='word_1_900' title='bbox 663 5285 693 5325; x_wconf 90' lang='lat' dir='ltr'><strong>se</strong></span> <span class='ocrx_word' id='word_1_901' title='bbox 707 5268 807 5324; x_wconf 87' lang='lat' dir='ltr'><strong>diutius</strong></span> <span class='ocrx_word' id='word_1_902' title='bbox 821 5268 954 5323; x_wconf 89' lang='lat' dir='ltr'><strong>lectomm</strong></span> <span class='ocrx_word' id='word_1_903' title='bbox 975 5266 1110 5346; x_wconf 90' lang='lat' dir='ltr'><strong>patientie</strong></span> <span class='ocrx_word' id='word_1_904' title='bbox 1131 5282 1187 5323; x_wconf 93' lang='lat' dir='ltr'><strong>non</strong></span> <span class='ocrx_word' id='word_1_905' title='bbox 1209 5269 1372 5334; x_wconf 80' lang='lat' dir='ltr'><strong>sensnum,</strong></span> <span class='ocrx_word' id='word_1_906' title='bbox 1396 5270 1546 5339; x_wconf 91' lang='lat' dir='ltr'><strong>promittit,</strong></span> <span class='ocrx_word' id='word_1_907' title='bbox 1572 5275 1709 5345; x_wconf 87' lang='lat' dir='ltr'><strong>quamvis,</strong></span> 
     </span>
     <span class='ocr_line' id='line_1_69' title="bbox 64 5283 1710 5464; baseline 0.007 -73"><span class='ocrx_word' id='word_1_908' title='bbox 64 5334 91 5393; x_wconf 88' lang='lat' dir='ltr'><strong>si</strong></span> <span class='ocrx_word' id='word_1_909' title='bbox 102 5335 190 5462; x_wconf 53' lang='grc' dir='ltr'>ιιιῗιι</span> <span class='ocrx_word' id='word_1_910' title='bbox 204 5335 257 5392; x_wconf 89' lang='lat' dir='ltr'><strong>sibi</strong></span> <span class='ocrx_word' id='word_1_911' title='bbox 271 5353 326 5464; x_wconf 62' lang='lat' dir='ltr'><strong>ripn</strong></span> <span class='ocrx_word' id='word_1_912' title='bbox 338 5283 432 5407; x_wconf 70' lang='grc' dir='ltr'>οιιιιιι,</span> <span class='ocrx_word' id='word_1_913' title='bbox 449 5339 639 5397; x_wconf 87' lang='lat' dir='ltr'><strong>anecdotorum</strong></span> <span class='ocrx_word' id='word_1_914' title='bbox 654 5339 773 5396; x_wconf 87' lang='lat' dir='ltr'><strong>varietas</strong></span> <span class='ocrx_word' id='word_1_915' title='bbox 795 5336 898 5395; x_wconf 87' lang='lat' dir='ltr'><strong>nemini</strong></span> <span class='ocrx_word' id='word_1_916' title='bbox 920 5336 1001 5394; x_wconf 79' lang='lat' dir='ltr'><strong>laedto</strong></span> <span class='ocrx_word' id='word_1_917' title='bbox 1023 5336 1160 5405; x_wconf 89' lang='lat' dir='ltr'><strong>habenda,</strong></span> <span class='ocrx_word' id='word_1_918' title='bbox 1175 5336 1228 5393; x_wconf 91' lang='lat' dir='ltr'><strong>nisi</strong></span> <span class='ocrx_word' id='word_1_919' title='bbox 1242 5352 1368 5395; x_wconf 90' lang='lat' dir='ltr'><strong>morosus</strong></span> <span class='ocrx_word' id='word_1_920' title='bbox 1381 5338 1420 5396; x_wconf 87' lang='lat' dir='ltr'><strong>ita</strong></span> <span class='ocrx_word' id='word_1_921' title='bbox 1433 5341 1477 5411; x_wconf 88' lang='lat' dir='ltr'><strong>sit,</strong></span> <span class='ocrx_word' id='word_1_922' title='bbox 1493 5350 1522 5399; x_wconf 91' lang='lat' dir='ltr'><strong>ut</strong></span> <span class='ocrx_word' id='word_1_923' title='bbox 1536 5344 1646 5402; x_wconf 83' lang='lat' dir='ltr'><strong>Catonis</strong></span> <span class='ocrx_word' id='word_1_924' title='bbox 1660 5362 1710 5401; x_wconf 92' lang='lat' dir='ltr'><strong>su-</strong></span> 
     </span>
    </p>

    <p class='ocr_par' dir='ltr' id='par_1_16' title="bbox 64 5419 1713 5631">
     <span class='ocr_line' id='line_1_70' title="bbox 100 5419 374 5467; baseline 0 -2"><span class='ocrx_word' id='word_1_925' title='bbox 100 5423 141 5467; x_wconf 92' lang='lat' dir='ltr'><strong>rci</strong></span> <span class='ocrx_word' id='word_1_926' title='bbox 153 5423 209 5464; x_wconf 90' lang='lat' dir='ltr'><strong>ium</strong></span> <span class='ocrx_word' id='word_1_927' title='bbox 223 5424 292 5465; x_wconf 71' lang='lat' dir='ltr'><strong>nemu</strong></span> <span class='ocrx_word' id='word_1_928' title='bbox 304 5419 374 5467; x_wconf 91' lang='lat' dir='ltr'><strong>etur.</strong></span> 
     </span>
     <span class='ocr_line' id='line_1_71' title="bbox 64 5423 1712 5557; baseline 0.005 -22"><span class='ocrx_word' id='word_1_929' title='bbox 64 5423 163 5550; x_wconf 63' lang='grc' dir='ltr'><strong>ΡΘ(ιιι)</strong></span> <span class='ocrx_word' id='word_1_930' title='bbox 177 5479 300 5551; x_wconf 79' lang='lat' dir='ltr'><strong>Exempli</strong></span> <span class='ocrx_word' id='word_1_931' title='bbox 336 5480 410 5544; x_wconf 89' lang='lat' dir='ltr'><strong>retia,</strong></span> <span class='ocrx_word' id='word_1_932' title='bbox 428 5479 473 5535; x_wconf 92' lang='lat' dir='ltr'><strong>ulii</strong></span> <span class='ocrx_word' id='word_1_933' title='bbox 497 5481 531 5537; x_wconf 91' lang='lat' dir='ltr'><strong>de</strong></span> <span class='ocrx_word' id='word_1_934' title='bbox 553 5481 674 5540; x_wconf 86' lang='lat' dir='ltr'><strong>Osiveldi</strong></span> <span class='ocrx_word' id='word_1_935' title='bbox 697 5479 822 5551; x_wconf 79' lang='lat' dir='ltr'><strong>reliquiis</strong></span> <span class='ocrx_word' id='word_1_936' title='bbox 843 5479 958 5553; x_wconf 85' lang='lat' dir='ltr'><strong>loquens</strong></span> <span class='ocrx_word' id='word_1_937' title='bbox 980 5476 1022 5535; x_wconf 90' lang='lat' dir='ltr'><strong>sic</strong></span> <span class='ocrx_word' id='word_1_938' title='bbox 1043 5476 1160 5535; x_wconf 91' lang='lat' dir='ltr'><strong>scribit:</strong></span> <span class='ocrx_word' id='word_1_939' title='bbox 1179 5500 1191 5525; x_wconf 72' lang='lat' dir='ltr'><strong>r</strong></span> <span class='ocrx_word' id='word_1_940' title='bbox 1209 5476 1269 5550; x_wconf 89' lang='lat' dir='ltr'><strong>Quo</strong></span> <span class='ocrx_word' id='word_1_941' title='bbox 1292 5476 1347 5537; x_wconf 91' lang='lat' dir='ltr'><strong>loci</strong></span> <span class='ocrx_word' id='word_1_942' title='bbox 1370 5483 1434 5551; x_wconf 83' lang='lat' dir='ltr'><strong>quie</strong></span> <span class='ocrx_word' id='word_1_943' title='bbox 1457 5485 1585 5557; x_wconf 91' lang='lat' dir='ltr'><strong>opinione</strong></span> <span class='ocrx_word' id='word_1_944' title='bbox 1609 5486 1712 5543; x_wconf 90' lang='lat' dir='ltr'><strong>lluctuo</strong></span> 
     </span>
     <span class='ocr_line' id='line_1_72' title="bbox 66 5497 1713 5631; baseline 0.005 -26"><span class='ocrx_word' id='word_1_945' title='bbox 66 5557 158 5606; x_wconf 86' lang='lat' dir='ltr'><strong>atrurn</strong></span> <span class='ocrx_word' id='word_1_946' title='bbox 173 5549 207 5605; x_wconf 87' lang='lat' dir='ltr'><strong>ad</strong></span> <span class='ocrx_word' id='word_1_947' title='bbox 223 5551 295 5607; x_wconf 91' lang='lat' dir='ltr'><strong>hunc</strong></span> <span class='ocrx_word' id='word_1_948' title='bbox 309 5497 382 5606; x_wconf 46' lang='lat' dir='ltr'><strong>(fiam</strong></span> <span class='ocrx_word' id='word_1_949' title='bbox 397 5560 548 5616; x_wconf 87' lang='lat' dir='ltr'><strong>serventur,</strong></span> <span class='ocrx_word' id='word_1_950' title='bbox 564 5554 729 5625; x_wconf 79' lang='lat' dir='ltr'><strong>praecipitem</strong></span> <span class='ocrx_word' id='word_1_951' title='bbox 744 5551 947 5608; x_wconf 88' lang='lat' dir='ltr'><strong>affirmationem</strong></span> <span class='ocrx_word' id='word_1_952' title='bbox 968 5565 1024 5606; x_wconf 93' lang='lat' dir='ltr'><strong>non</strong></span> <span class='ocrx_word' id='word_1_953' title='bbox 1048 5550 1142 5606; x_wconf 89' lang='lat' dir='ltr'><strong>emitto</strong></span> <span class='ocrx_word' id='word_1_954' title='bbox 1157 5570 1166 5607; x_wconf 93' lang='grc'><strong>.·</strong></span> <span class='ocrx_word' id='word_1_955' title='bbox 1181 5550 1205 5605; x_wconf 86' lang='grc' dir='ltr'><strong>ιι</strong></span> <span class='ocrx_word' id='word_1_956' title='bbox 1220 5549 1284 5623; x_wconf 88' lang='lat' dir='ltr'><strong>quid</strong></span> <span class='ocrx_word' id='word_1_957' title='bbox 1308 5551 1353 5607; x_wconf 89' lang='lat' dir='ltr'><strong>alii</strong></span> <span class='ocrx_word' id='word_1_958' title='bbox 1375 5552 1584 5631; x_wconf 73' lang='lat' dir='ltr'><strong>historiographi</strong></span> <span class='ocrx_word' id='word_1_959' title='bbox 1609 5565 1713 5614; x_wconf 89' lang='lat' dir='ltr'><strong>temere</strong></span> 
     </span>
    </p>
   </div>
   <div class='ocr_carea' id='block_1_6' title="bbox 66 5621 1713 5703">
    <p class='ocr_par' dir='ltr' id='par_1_17' title="bbox 66 5621 1713 5703">
     <span class='ocr_line' id='line_1_73' title="bbox 66 5621 1713 5703; baseline 0.003 -26"><span class='ocrx_word' id='word_1_960' title='bbox 66 5628 131 5677; x_wconf 90' lang='lat' dir='ltr'><strong>sunt</strong></span> <span class='ocrx_word' id='word_1_961' title='bbox 142 5621 273 5693; x_wconf 79' lang='lat' dir='ltr'><strong>professi,</strong></span> <span class='ocrx_word' id='word_1_962' title='bbox 286 5622 339 5695; x_wconf 87' lang='lat' dir='ltr'><strong>ipsi</strong></span> <span class='ocrx_word' id='word_1_963' title='bbox 354 5622 487 5688; x_wconf 89' lang='lat' dir='ltr'><strong>viderint;</strong></span> <span class='ocrx_word' id='word_1_964' title='bbox 511 5624 577 5681; x_wconf 88' lang='lat' dir='ltr'><strong>mihi</strong></span> <span class='ocrx_word' id='word_1_965' title='bbox 598 5623 669 5681; x_wconf 84' lang='lat' dir='ltr'><strong>leina</strong></span> <span class='ocrx_word' id='word_1_966' title='bbox 684 5624 765 5682; x_wconf 91' lang='lat' dir='ltr'><strong>vilius</strong></span> <span class='ocrx_word' id='word_1_967' title='bbox 781 5630 903 5690; x_wconf 88' lang='lat' dir='ltr'><strong>constet,</strong></span> <span class='ocrx_word' id='word_1_968' title='bbox 920 5638 954 5680; x_wconf 90' lang='lat' dir='ltr'><strong>ne</strong></span> <span class='ocrx_word' id='word_1_969' title='bbox 969 5621 1113 5696; x_wconf 89' lang='lat' dir='ltr'><strong>quicquam</strong></span> <span class='ocrx_word' id='word_1_970' title='bbox 1129 5621 1181 5679; x_wconf 90' lang='lat' dir='ltr'><strong>nisi</strong></span> <span class='ocrx_word' id='word_1_971' title='bbox 1196 5621 1321 5680; x_wconf 87' lang='lat' dir='ltr'><strong>absolute</strong></span> <span class='ocrx_word' id='word_1_972' title='bbox 1335 5622 1390 5689; x_wconf 86' lang='lat' dir='ltr'><strong>lide</strong></span> <span class='ocrx_word' id='word_1_973' title='bbox 1403 5628 1517 5703; x_wconf 78' lang='lat' dir='ltr'><strong>dignuin</strong></span> <span class='ocrx_word' id='word_1_974' title='bbox 1527 5630 1713 5702; x_wconf 79' lang='lat' dir='ltr'><strong>pronuntiem.</strong></span> 
     </span>
    </p>
   </div>
   <div class='ocr_carea' id='block_1_7' title="bbox 0 0 1880 6000">
    <p class='ocr_par' dir='ltr' id='par_1_18' title="bbox 0 0 1880 6000">
     <span class='ocr_line' id='line_1_74' title="bbox 0 0 1880 6000; baseline 0 3"><span class='ocrx_word' id='word_1_975' title='bbox 0 0 1880 6000; x_wconf 95' lang='lat' dir='ltr'><strong> </strong></span> 
     </span>
    </p>
   </div>
  </div>
 </body>
</html>
