3772 6006
94 230 161 296 na
588 227 704 292 cuso
724 224 848 290 necno
865 225 1072 291 onerosus.
1088 261 1124 283 -.
1142 224 1208 289 nr.
1231 223 1267 291 rt.
1682 236 1753 319 ros
1831 183 1834 187 ’

94 361 147 417 uisi
162 366 265 416 butum
280 371 340 415 curo
356 357 391 414 ab
404 356 505 415 abbate
527 373 611 414 cause
629 355 771 412 dedicandi
785 355 828 411 rel
849 371 894 410 or·
911 358 937 420 Α
954 356 1111 412 dictionem.
1129 355 1273 412 Relatiooe
1288 358 1458 430 quorundam
1476 355 1595 417 fidelium
1609 363 1750 432 comperi·

101 448 215 506 dirrandi
228 446 354 503 advocati
371 446 488 509 lueriut;
505 462 556 502 nec
571 460 665 501 eorum
677 444 851 516 presbyteros
865 442 900 498 ad
955 460 1015 500 mus
1029 453 1056 499 te
1072 445 1188 516 pluriora
1205 460 1289 519 egere
1310 447 1385 503 mels
1408 449 1434 503 io
1455 448 1571 505 ecclesia
1586 459 1687 507 sauctae
1701 449 1752 508 ori

99 537 232 610 synodum
248 551 325 591 suam
341 540 384 591 ret
410 536 443 590 erl
467 534 612 607 capitulum
638 535 679 590 rel
704 533 737 588 ad
761 532 902 604 quodlibet
954 533 1094 606 genitricis
1118 534 1221 592 llariae.
1244 551 1307 607 qrrae
1330 543 1506 608 nuncupatur
1525 537 1748 612 Glastiuqahurh,

94 625 224 698 placitum
241 632 407 691 cooroeeot,
424 638 475 679 nec
493 623 527 678 ab
550 622 638 678 officia
663 621 755 676 divino
784 636 901 692 suspen-
954 638 1015 693 que
1039 622 1120 678 totius
1144 622 1286 679 Britannice
1310 625 1366 695 (68)
1390 624 1495 696 prima,
1518 634 1545 681 ei
1568 631 1603 680 ab
1631 629 1751 701 antiquis

98 717 176 782 dant,
192 725 217 769 et
233 713 344 768 omuino
359 712 461 767 nullum
475 713 521 782 jus
536 710 561 765 in
577 727 625 766 ros
639 726 768 766 exercere
795 725 900 781 pressu·
954 709 1120 782 primoribus
1134 711 1168 766 ad
1185 714 1379 782 proprietatem
1392 723 1416 769 et
1434 714 1544 770 tutelam
1558 716 1672 772 bomani
1683 732 1751 788 pon·

100 812 188 859 mani.
211 800 361 858 Marathos
375 817 449 864 suos,
466 811 489 856 ei
506 799 698 871 predictarum
724 796 900 855 eeclesismm

98 892 223 960 elericos,
241 889 391 946 secuudum
406 889 541 960 antiquam
556 887 755 944 Glastoniensis
774 886 901 943 ecelesiae

99 979 334 1044 cousuetudinem,
350 985 377 1033 et
390 978 567 1052 apostolicam
596 977 792 1042 auctoritatem,
808 975 899 1030 archi·

99 1069 226 1144 presulis
249 1067 380 1124 Durrsteui
406 1075 435 1122 et
461 1067 580 1123 ooruirm
609 1066 800 1137 episcoporum
823 1063 901 1137 regni

100 1158 155 1214 mei
180 1173 312 1225 assensn,
337 1155 423 1211 abbas
449 1172 464 1211 a
489 1171 649 1227 quoeuique
676 1151 900 1225 comprovinciali

96 1245 229 1318 episcopo
245 1245 360 1301 soluerit
377 1245 496 1300 ordmeri
513 1244 610 1306 faeiat,
636 1242 821 1298 dedicationes
834 1256 900 1296 tero

98 1351 205 1400 earum,
218 1336 240 1389 si
255 1333 291 1390 ah
301 1333 399 1389 abbate
410 1342 522 1406 rogatu.-
538 1334 591 1388 iuer
600 1340 630 1400 rt,
643 1331 803 1387 Fontarreosi
818 1331 898 1399 2⁴5

97 1425 230 1496 episeopo
253 1423 448 1494 peinrittnrrus.
474 1424 501 1477 ln
524 1422 627 1476 Pustha
652 1436 759 1491 qnoque
782 1419 901 1475 chrirrrra

98 1511 323 1568 sanctificationis
347 1518 375 1565 ei
397 1511 486 1566 oleum
502 1526 517 1564 a
534 1509 695 1566 l'orrtaaoosi
720 1507 849 1578 episeopo
863 1522 898 1561 ex

954 797 1035 856 tiliois
1049 801 1187 871 pertinere
1202 801 1364 868 dinoscitur,
1379 810 1408 858 et
1421 803 1535 872 praedia,
1550 818 1583 861 sc
1598 804 1686 873 villas,
1703 805 1752 863 sed

954 896 980 944 et
999 886 1132 946 ecclesias
1155 889 1189 946 de
1213 889 1319 957 Brente,
1344 891 1381 947 de
1406 891 1509 948 Piliurre
1523 892 1590 962 (ill).
1607 909 1685 966 quas,
1704 899 1752 954 lua

954 992 1019 1049 rege
1033 977 1115 1032 dante
1136 993 1258 1047 operam,
1271 995 1333 1036 cum
1357 979 1417 1035 aliis
1440 980 1562 1037 ecclesiis
1586 999 1656 1054 qnos
1676 985 1749 1054 iuste

954 1067 1013 1137 t‘rti)
1027 1075 1052 1120 et
1067 1067 1198 1122 canonice
1222 1067 1360 1137 possidet,
1384 1069 1499 1136 scilicet,
1523 1070 1640 1138 Soneio,
1667 1074 1748 1141 Stret,

954 1154 1074 1220 ilerlinc,
1091 1154 1218 1216 lla-lecal.
1235 1155 1385 1228 Sepenice,
1401 1159 1435 1210 ab
1447 1158 1508 1229 ejus
1520 1161 1579 1225 inre
1601 1168 1649 1218 trra
1671 1163 1750 1220 arida

954 1242 1098 1313 cupiditate
1112 1243 1129 1298 d
1144 1244 1276 1316 ripuisse;
1300 1256 1325 1301 el
1350 1257 1464 1317 propter
1486 1248 1559 1321 qnod
1583 1251 1672 1307 eidem
1688 1252 1750 1309 loco

954 1333 1012 1401 (tt)
1028 1335 1209 1404 propinquam
1226 1335 1342 1390 haberes
1362 1335 1555 1393 habitationem
1578 1339 1616 1393 ilii
1640 1356 1751 1410 semper·

954 1437 1071 1476 noenum
1091 1437 1163 1476 esse.
1195 1422 1369 1493 Oportuaum
1391 1433 1480 1481 autem
1504 1426 1629 1483 extiterat
1652 1439 1680 1483 ui
1703 1437 1750 1487 tuo

953 1508 1085 1582 suffragio
1106 1519 1199 1566 saneta
1215 1511 1264 1567 Dei
1280 1512 1406 1581 ecclesie,
1423 1514 1466 1569 cui
1480 1531 1645 1586 propinquus
1670 1519 1750 1572 babi-

96 1617 173 1657 more
188 1602 253 1657 aeri.
266 1600 317 1666 iat,
333 1610 359 1654 et
373 1617 422 1670 per
435 1600 563 1671 praelatos
586 1598 715 1653 ecelesias
729 1613 789 1652 suas
806 1595 899 1650 distri·
953 1600 1037 1655 tando
1052 1597 1164 1655 rdrctus
1179 1617 1216 1654 es.
1229 1600 1426 1670 perplurimum
1438 1618 1620 1668 accensiores,
1631 1616 1656 1661 et
1671 1606 1751 1676 copia

96 1690 171 1745 hunt.
194 1690 253 1746 Hoc
268 1705 334 1745 rer-o
349 1690 484 1759 praenipue
500 1687 548 1742 Der
562 1686 752 1743 interdictione
766 1694 791 1741 et
807 1695 897 1740 nostre
911 1717 938 1781 Β
954 1686 990 1740 tui
1013 1687 1142 1757 adjutorii
1168 1688 1384 1757 propr-ieruiibus
1405 1690 1554 1753 elitarelur:
1580 1691 1649 1765 sed,
1673 1692 1750 1768 qood

95 1778 266 1843 iuuentute,
285 1778 359 1832 salsa
385 1789 475 1831 tamen
500 1787 601 1831 sarrctae
626 1774 753 1830 Romanae
775 1773 898 1830 ecclesie
952 1775 1029 1830 orias
1052 1787 1103 1840 est,
1129 1784 1174 1831 trro
1197 1776 1332 1832 decrescit
1356 1777 1560 1848 impedimento,
1576 1789 1676 1852 tuaque
1698 1782 1750 1838 hu·

94 1874 122 1924 ei
144 1866 365 1924 Doroheruensis
389 1866 540 1938 digestae,
566 1864 700 1932 prohibeo
723 1879 759 1919 ne
783 1874 897 1933 persona
951 1863 1070 1919 miliatur
1084 1863 1265 1934 oppressione
1278 1879 1284 1920 :
1296 1874 1321 1919 et
1336 1865 1412 1936 quia,
1426 1866 1488 1921 lirei
1502 1867 1618 1940 indigni,
1631 1886 1686 1925 nou
1701 1870 1750 1927 du-

95 1956 294 2027 cojuscunrque
317 1952 474 2025 potestatis,
491 1953 550 2008 sire
566 1970 632 2017 rex,
657 1953 716 2008 sive
739 1951 896 2022 episeopus,
949 1951 1068 2006 bitumns
1083 1968 1134 2008 nos
1148 1969 1165 2007 a
1180 1955 1259 2008 heato
1274 1953 1352 2008 Petro
1373 1954 1502 2018 ceresiolo
1519 1956 1640 2013 omniurn
1656 1960 1749 2017 ecole-

96 2047 155 2103 siqe
178 2045 246 2111 dux,
271 2053 317 2100 aui
338 2059 484 2113 princeps,
510 2041 552 2098 vel
577 2041 690 2112 quilibet
709 2040 895 2095 ministrorum
949 2040 1053 2095 siarum
1066 2055 1163 2096 curam
1179 2041 1355 2114 omniumque
1366 2043 1516 2113 suscepisse
1525 2060 1556 2098 su
1568 2046 1748 2120 lieiiudinem,

96 2149 221 2192 meorum
239 2131 386 2188 Gestooire
406 2132 537 2186 terminos
551 2132 593 2185 rel
609 2130 820 2200 suprarliernrurn
846 2144 896 2198 pe·
950 2127 1013 2184 ideo
1036 2129 1094 2199 (iii
1120 2140 1192 2184 tuem
1217 2135 1398 2186 admonemus
1429 2132 1604 2189 dilectionem
1627 2144 1672 2202 ui,
1697 2152 1749 2207 pro

93 2222 265 2289 poematum,
281 2220 478 2292 perscrutandi,
491 2218 626 2291 rapiendi,
642 2217 788 2289 placitandi
800 2216 896 2289 gratia,
950 2233 1044 2272 amore
1058 2221 1242 2287 apostolorum
1260 2220 1330 2274 l'etri
1346 2229 1372 2275 et
1389 2220 1463 2276 l¹anli
1489 2231 1636 2295 nostraque
1659 2239 1749 2282 seue·

98 2312 143 2368 vel
158 2310 260 2382 aliquid
283 2310 356 2364 aliud
381 2308 499 2364 faciendi
522 2307 597 2378 quod
621 2306 788 2362 contrarium
812 2305 899 2376 possit
951 2318 1065 2373 rotrone,
1081 2306 1116 2360 ab
1130 2306 1215 2376 ipsius
1231 2307 1282 2362 loci
1297 2323 1390 2363 cesses
1410 2309 1572 2378 direptione,
1588 2313 1624 2366 nil
1640 2313 1675 2369 de
1687 2315 1750 2387 eius

96 2417 158 2459 esse
173 2400 273 2454 ibidem
298 2397 356 2453 oro
383 2396 582 2462 servientibus,
604 2396 706 2450 intrare
731 2404 898 2467 pia-suman
950 2393 1173 2466 proprietatibus,
1190 2396 1326 2459 ecclesiis,
1342 2396 1466 2466 repetire,
1490 2397 1563 2452 villis
1585 2409 1612 2454 et
1636 2418 1750 2470 posses·

93 2489 188 2546 abbati
213 2487 402 2543 tarrtummrrdo
419 2496 445 2541 et
467 2485 611 2543 corrientui
636 2493 757 2554 potestus
776 2483 820 2550 sit,
843 2493 895 2537 tam
951 2483 1073 2538 sroriibus
1088 2483 1246 2538 invadens:
1269 2486 1346 2554 247
1363 2485 1471 2556 quodsi
1488 2488 1544 2542 lraec
1567 2488 1664 2545 leceris
1678 2494 1748 2562 tit),

94 2579 212 2635 innotis
235 2577 324 2633 causis
349 2591 433 2646 quarn
457 2574 482 2628 io
509 2574 623 2647 ignotrs,
639 2573 664 2628 irr
681 2572 798 2628 modicis
821 2579 849 2626 et
869 2571 895 2625 in
950 2574 1022 2628 scias
1037 2580 1063 2627 te
1079 2573 1138 2642 lii)
1154 2573 1213 2627 rice
1228 2590 1252 2643 ap
1264 2583 1414 2629 ostotarum
1431 2575 1559 2646 principis
1582 2588 1674 2634 nostra
1697 2598 1750 2637 rru-

94 2667 215 2739 magnis,
240 2675 267 2721 et
290 2664 417 2720 omnihus
441 2664 552 2719 omnino
575 2661 708 2734 negotiis,
726 2661 797 2716 sicut
815 2674 897 2730 supra
950 2661 1075 2717 ctoritate
1099 2663 1376 2728 excommunicatum,
1391 2671 1418 2718 et
1432 2683 1448 2717 n
1462 2674 1534 2719 caetu
1559 2663 1680 2722 lirlelrum
1703 2685 1750 2726 re·

94 2770 315 2811 memoravimus,
345 2751 475 2824 Quisquis
493 2763 583 2807 autem
600 2752 680 2819 hujus
694 2750 746 2804 mei
763 2748 897 2820 privilegii
950 2757 1071 2816 molum,
1097 2760 1284 2822 prpetuoqne
1310 2751 1474 2807 anathemati
1502 2753 1691 2823 submissum,
1722 2765 1750 2816 et

94 2843 256 2916 dignitatem
273 2841 396 2912 qualibet
410 2843 569 2897 occasione.
585 2844 780 2910 cuius-rumque
802 2836 896 2910 digai·
951 2846 1055 2895 aete-no
1069 2837 1139 2910 igni,
1155 2854 1219 2895 cum
1232 2839 1301 2895 iuda
1316 2842 1473 2911 proditore,
1487 2852 1645 2913 perenuiter
1670 2862 1750 2903 mao-

94 2933 171 2999 ieris,
187 2933 388 3003 cujuscumque
402 2929 517 2988 ordinis,
533 2928 731 3000 cujuscumque
742 2927 897 2999 professio·
950 2928 1081 2998 cipetum.
1106 2951 1115 2977 ι

94 3021 148 3089 nis,
174 3027 329 3091 pervertere
352 3019 397 3072 rel
420 3017 446 3071 iu
471 3016 576 3072 irritam
600 3017 739 3072 deducire
763 3014 898 3087 sacrilega

986 3017 1078 3089 ethi.
1109 3016 1184 3074 Tunc
1209 3017 1266 3085 (75)
1291 3017 1358 3074 ordo
1383 3017 1567 3088 monasticus,
1588 3020 1751 3093 jamdudum

94 3108 310 3182 presumptione
323 3108 423 3162 amodo
443 3106 594 3169 tentaverit,
611 3105 679 3160 sciat
699 3119 732 3159 se
751 3102 898 3175 proou'du·
912 3064 938 3129 C
952 3104 1058 3178 lapsus,
1083 3106 1220 3177 precipue
1242 3106 1298 3179 (lb)
1320 3118 1398 3178 caput
1423 3109 1507 3164 erexit
1525 3126 1532 3163 ε
1549 3110 1621 3167 unde
1649 3112 1750 3170 iactum

96 3199 143 3255 bio
159 3208 222 3253 ante
242 3197 396 3253 districtum
409 3197 531 3266 judicem
557 3194 715 3250 titubantem
740 3194 899 3248 tremebun-

99 3288 220 3359 dumque
254 3286 386 3342 ralionem
411 3285 602 3351 redditurum,
628 3284 680 3338 nisi
710 3283 786 3355 prius
816 3282 899 3352 digna

101 3379 288 3433 satrsiartrorre
306 3377 453 3430 emendare
472 3372 615 3429 studuerit.
637 3393 648 3423 ι
671 3372 747 3427 liene
766 3370 900 3441 privilegii

100 3467 231 3539 paginam
248 3463 396 3537 proedietus
409 3480 459 3519 res
475 3462 629 3535 liarigarus,
645 3461 807 3517 duodecimo
829 3473 901 3515 auno

101 3554 183 3626 requi
198 3553 251 3619 eui,
267 3568 347 3610 suero
361 3552 464 3623 scriptu
478 3552 550 3621 apud
567 3550 733 3606 londoniam
762 3547 901 3606 eommurri

101 3641 217 3702 consilio
231 3645 392 3714 optimatum
408 3656 516 3696 saorurrr
539 3638 723 3694 cunin-merit.
742 3637 901 3708 Eodemque

101 3747 186 3796 anno,
201 3733 247 3802 qri
265 3730 313 3785 luit
323 3730 382 3800 (titi)
392 3746 437 3784 urn
447 3733 616 3803 gentesimus
627 3727 812 3800 sexagesimus
823 3725 901 3796 quin·

101 3829 146 3876 tus
161 3819 311 3875 Domiuieae
335 3817 540 3882 imminutionis,
561 3816 706 3872 indictione
730 3822 827 3885 quarta
849 3814 901 3870 dc·

103 3910 186 3973 cimu,
198 3924 267 3980 papa
279 3908 336 3973 (tili
347 3907 485 3962 iohanne.-
497 3906 567 3962 hanc
577 3905 662 3976 ipsam
675 3905 799 3977 paginam
809 3904 902 3960 Romae

102 3996 131 4054 iu
145 3998 269 4071 generali
293 3998 399 4070 syuodo
424 3995 607 4060 auctorizarit,
623 4004 788 4064 cunctosque
812 3993 902 4064 potio·

102 4086 141 4144 ris
168 4089 250 4156 246
275 4085 415 4157 dignitatis
439 4085 526 4151 viros,
552 4085 596 4155 qni
622 4084 786 4154 protuerunt
814 4080 902 4138 eidem

103 4175 230 4244 concilio,
248 4176 409 4231 conlirmare
435 4176 515 4236 lecit,
541 4184 650 4228 uecrron
676 4171 819 4241 epistolam
834 4169 903 4224 Alu-

105 4263 166 4322 rico
179 4263 251 4329 duci,
267 4266 405 4334 praelatam
421 4262 566 4318 ecelesiam
585 4260 705 4333 gruriter
719 4258 903 4331 persequenti,

105 4363 220 4427 paterna
235 4362 327 4407 motus
343 4352 441 4423 pietate
457 4367 483 4404 ro
498 4350 555 4405 brec
568 4352 654 4405 sei-ba
667 4348 764 4403 direxit
780 4364 787 4403 :

953 3206 992 3250 est
1014 3204 1043 3248 ut
1067 3195 1148 3249 etiam
1162 3196 1220 3264 (Π)
1235 3196 1432 3251 monasterium
1448 3205 1573 3253 uestrum
1587 3201 1645 3271 (lii)
1659 3198 1751 3259 denuo

954 3283 980 3339 io
997 3282 1135 3354 pristinam
1161 3282 1313 3339 libertatem
1332 3287 1481 3353 everteret,
1497 3288 1569 3358 quod
1583 3289 1751 3347 couvenien-

953 3372 1007 3428 tins
1020 3375 1120 3444 opinor·
1135 3371 1219 3441 ipsine
1235 3390 1254 3425 r·
1264 3373 1307 3444 gis
1323 3373 1415 3428 verbis
1431 3373 1579 3431 notificare.

989 3459 1074 3534 giba.
1088 3460 1165 3532 «(ῗθ)
1177 3461 1235 3534 Ego
1244 3462 1379 3535 Edgarus,
1390 3462 1472 3518 tutius
1483 3463 1608 3521 bibionis
1620 3465 1750 3538 basileus,

954 3567 1005 3607 uec
1019 3567 1072 3605 nnn
1089 3549 1286 3606 maritimorum
1301 3569 1350 3607 serr
1366 3550 1553 3609 insulanorum
1577 3571 1671 3627 rrrgunr
1696 3558 1753 3614 eir·
1788 3614 1791 3619 ,

955 3638 1218 3705 campumbonum,
1247 3640 1318 3694 adeo
1354 3649 1382 3695 ut
1420 3640 1509 3696 nrrllus
1548 3643 1753 3713 prrrpennorurrr

956 3743 1079 3784 meorum
1099 3727 1290 3796 subjectione,
1314 3727 1439 3801 largrllua
1461 3730 1511 3785 Dei
1531 3732 1622 3803 graia
1649 3749 1753 3805 suppe-

956 3824 1042 3881 tente,
1065 3816 1249 3882 sublimatus;
1273 3816 1342 3887 qnid
1371 3818 1478 3887 imperii
1502 3819 1554 3873 mei
1582 3820 1754 3892 potissimum

956 3906 1024 3979 Regi
1042 3921 1138 3978 regum
1156 3904 1271 3960 Domino
1291 3904 1397 3969 darem,
1414 3905 1481 3961 tanti
1504 3923 1610 3965 memor
1633 3912 1754 3980 lroooris,

957 4008 1087 4050 soiernos
1100 4011 1173 4065 sepe
1188 3992 1310 4050 trauan.
1328 3993 1381 4050 Piae
1395 3994 1478 4067 igitur
1492 3995 1589 4052 fautrix
1602 3999 1756 4058 devotionis

956 4082 1084 4156 pereriqlli
1100 4098 1169 4138 meae
1183 4080 1345 4138 studiositati
1360 4098 1481 4153 superna
1499 4085 1588 4143 subito
1611 4086 1758 4146 insinuavit

958 4175 1060 4244 pietas,
1088 4187 1204 4245 quaeque
1227 4170 1253 4225 in
1279 4187 1364 4245 regno
1388 4188 1450 4229 meo
1473 4183 1566 4229 sancte
1603 4184 1759 4237 restaurare

957 4263 1134 4327 monasteria,
1151 4277 1212 4333 quae
1228 4260 1301 4317 relut
1316 4262 1445 4317 orusciris
1467 4263 1598 4320 scindulis
1625 4267 1756 4323 cariosis·

958 4368 1010 4425 qne
1033 4351 1133 4406 tabulis
1143 4349 1222 4423 tigno
1237 4355 1317 4406 lenus
1331 4351 1474 4406 visibiliter
1487 4350 1577 4409 diruta
1593 4369 1601 4410 ε
1617 4353 1666 4424 sic,
1683 4357 1757 4430 quod

140 4453 154 4525 i
171 4453 233 4507 llil.
268 4451 431 4506 «lohannes
455 4450 612 4520 episcopus,
638 4462 734 4502 sersus
757 4459 899 4502 serrorum
915 4436 1047 4512 Dmrrjus
1067 4449 1120 4508 est,
1135 4439 1208 4495 iuius
1231 4455 1246 4495 a
1269 4439 1383 4496 servitio
1405 4441 1455 4496 Dei
1478 4441 1564 4498 lerme
1586 4458 1673 4501 sacua
1695 4446 1757 4504 lue·

105 4539 170 4607 Dei,
186 4538 297 4596 blut-iro
322 4541 414 4595 iochio
433 4538 506 4601 duci,
522 4536 712 4593 aniantissimo
735 4533 790 4593 filio
811 4543 906 4592 nostro

107 4630 252 4703 spirituali,
269 4629 384 4685 salutem
399 4627 553 4685 continuam
578 4633 606 4683 ei
624 4625 804 4699 apostolicam
818 4625 906 4682 bene-

144 4853 203 4926 (cti)
220 4853 456 4925 Neopenierimns
470 4850 664 4923 :cooperimur
679 4847 796 4921 quintus
811 4848 905 4905 Dorm-

109 4928 183 4984 aicae
194 4926 415 4990 incarnationis,
430 4925 587 4979 indictione
605 4920 825 4993 quartadecima
835 4935 860 4974 a.
874 4920 905 4973 b.

109 5003 160 5054 till
177 5005 303 5056 commit
316 5012 378 5052 curn
394 4997 488 5052 indict.
504 5010 560 5060 xiv,
578 4995 699 5048 uterium
715 5007 778 5048 cum
789 4990 907 5063 liudgeri

110 5084 189 5142 regui
206 5084 279 5122 anno
290 5082 336 5121 ιιιι.

959 4538 1019 4586 rani
1044 4529 1179 4601 neglecta.
1205 4527 1299 4587 idiotis
1321 4545 1420 4601 nempe
1443 4532 1497 4598 (eoi
1518 4530 1628 4590 clericis
1650 4535 1756 4607 ejectis,

959 4619 1060 4676 nullius
1086 4619 1224 4691 regularis
1256 4617 1400 4692 religionis
1433 4617 1585 4694 discipliuae
1616 4624 1757 4696 subjectis,

996 4839 1054 4912 (7³)
1069 4840 1179 4896 Feraria
1193 4853 1229 4905 e.;
1244 4853 1303 4896 non
1317 4841 1430 4911 sernia,
1444 4840 1471 4897 d.

996 4912 1053 4982 (il)
1073 4914 1116 4968 Tc.
1132 4909 1229 4970 Omitt.
1249 4913 1275 4966 iu
1291 4914 1322 4966 d.
1340 4930 1370 4967 e.

1008 4986 1056 5055 75)
1072 4984 1158 5039 Tunc.
1171 5000 1194 5037 s.
1211 4983 1267 5039 ci.
1283 4989 1312 5038 d.
1328 4998 1354 5039 e.
1370 4984 1388 5038 l.
1406 4982 1433 5037 lr.
1448 4995 1502 5049 ηις
1525 4982 1615 5042 omitt.
1640 4984 1667 5042 io
1682 5003 1710 5046 a.
1728 4988 1751 5048 i.

1010 5056 1262 5128 immorimur.
1286 5068 1302 5109 c
1322 5058 1349 5110 2.
1374 5053 1405 5110 d.
1431 5068 1460 5107 e.
1486 5053 1509 5109 l.
1536 5056 1569 5110 la.
1596 5073 1656 5126 m.;
1681 5067 1756 5132 tuuc,

148 5140 205 5207 itii)
221 5141 374 5195 iulienses.
398 5137 541 5195 lohannes
561 5135 626 5189 xlll
649 5149 673 5189 r.
689 5150 727 5199 e.,
743 5131 851 5202 preeluit
872 5131 908 5188 ab
961 5142 988 5182 a.
1018 5165 1026 5180 .

110 5225 184 5267 auno
197 5211 250 5264 libb
265 5218 300 5262 eri
315 5213 389 5263 etiem
403 5211 420 5263 5
435 5209 589 5278 septembr.
605 5222 634 5262 a.
655 5207 690 5262 b.
709 5206 771 5263 otri.

149 5282 206 5353 (ab)
221 5282 389 5337 Britanniae.
406 5296 444 5345 ας
461 5278 578 5349 anplioe,
593 5279 622 5333 d.

149 5352 208 5420 (on)
224 5354 350 5407 l’rltune.
366 5370 412 5414 e.,·
432 5352 564 5414 ilillean,
579 5349 608 5403 d.

151 5423 207 5492 (ill)
221 5424 311 5479 loric.
325 5437 369 5483 e.;
386 5421 478 5477 adhoc
491 5424 583 5492 juris,
598 5420 627 5474 d.

998 5195 1056 5264 (it)
1071 5196 1172 5252 Etiam.
1192 5211 1215 5250 s.
1230 5211 1247 5251 c
1260 5198 1289 5250 ἱ.
1309 5194 1337 5250 d.
1353 5209 1391 5259 e.;
1406 5195 1493 5251 onritt.
1506 5194 1533 5250 io
1547 5211 1577 5253 a.
1597 5197 1617 5255 l.

999 5267 1055 5337 (78)
1067 5267 1210 5323 Nostrum.
1226 5281 1256 5320 a.
1275 5282 1302 5320 s.
1320 5265 1351 5320 d.
1370 5282 1399 5322 e.
1428 5268 1458 5329 ic
1483 5272 1614 5326 nostrum
1636 5268 1758 5332 deletum

964 5346 992 5396 et
1003 5336 1256 5394 Muimertrericnsc
1269 5334 1399 5392 insertum
1415 5336 1441 5391 io
1456 5353 1471 5393 c
1485 5347 1511 5394 s.

1000 5410 1057 5478 (tn)
1073 5412 1127 5478 ispo
1151 5409 1289 5479 illectos.
1323 5409 1386 5464 bec
1408 5408 1504 5466 charla
1527 5409 1626 5484 legitur
1654 5428 1761 5491 quoque

151 5495 206 5561 (iti
220 5494 409 5565 ereptaqaem
422 5494 535 5548 iuberer
547 5491 823 5547 aestimaremur.
841 5486 913 5544 Pro·
964 5486 1034 5552 apuu
1052 5479 1212 5548 ¹¹¹s¹¹¹i¹hu¹¹¹
1229 5480 1321 5539 (tlara
1338 5480 1362 5540 Ι.
1378 5479 1436 5551 Π).

114 5558 911 5640 piaqeenm.ianiarrenerrir·reoperaecrrrrrcrsc,rte.

152 5637 212 5710 lit)
224 5635 297 5694 idco.
311 5650 348 5700 e.;
363 5637 441 5704 ndo,
457 5633 487 5689 d.

965 5549 1191 5696 silwim
1204 5550 1313 5622 ejectis.
1328 5552 1431 5608 trione
1452 5550 1482 5609 iu
1503 5551 1524 5609 l.
1547 5567 1601 5626 per
1621 5570 1667 5613 me
1689 5557 1761 5617 dicii
