3750 6000
133 184 183 239 rso
764 165 971 239 reuocentur
987 181 1010 236 11
1031 180 1130 239 ruri-u
1727 190 1780 247 tet

475 305 574 362 CDXX
939 314 967 375 Α
982 305 1020 361 sis
1034 304 1238 380 episcopatibus
1251 308 1296 368 uel
1311 310 1446 383 parochiis
1465 310 1516 367 sita
1531 319 1601 375 sunt,
1618 320 1645 367 et
1667 313 1780 384 quidam

132 425 272 497 3913me
296 424 424 496 episcopo
439 422 640 494 mmmm
656 422 757 478 mma-3
771 424 822 495 ju,
845 420 929 493 palm
983 395 1106 467 episcopi
1134 395 1163 452 in
1177 398 1337 456 coercendis
1351 394 1568 457 malefactoribus
1583 398 1625 456 vel
1639 401 1782 460 turbatori-

151 513 297 584 crucispoe
309 510 513 583 proelcr·cndte;
528 511 588 566 olio
601 508 757 582 priuilcpio
771 510 908 566 cortccdit.
983 483 1034 584 ΜΡ
1047 484 1208 586 “lsuffldssfffl
1221 487 1436 588 P0⁵⁵0⁸⁵5<l⁰¹¹¹¹¹r
1453 497 1539 589 Diffiu}
1549 487 1717 562 delebimus·
1733 508 1781 548 1¹2·

982 571 1119 647 glrgentes
1131 584 1261 647 existunt,
1277 585 1420 633 statuimus
1433 582 1464 636 ut
1476 594 1499 632 sr
1521 576 1605 634 rudem
1620 577 1780 637 maleherb-

983 677 1028 716 res
1039 663 1171 720 canonice
1187 664 1280 721 moniti
1294 665 1384 722 ablata
1398 664 1541 723 restituero
1560 671 1587 722 et
1602 680 1618 721 a
1633 683 1684 723 sua
1705 684 1781 740 prcu-

783 715 929 795 Pf⁰b·⁹¹·]
982 751 1136 822 sumptione
1159 768 1268 809 cessare
1291 753 1437 825 noluerint,
1462 753 1584 827 episcopi
1604 770 1726 829 quoque,
1750 754 1780 812 in

350 617 442 689 (hono
460 618 538 682 tlte,
560 615 624 673 Oct.
647 617 705 680 20.)

128 725 326 797 illustraturus,
341 724 525 797 Episcopatus
534 722 689 797 bamberc„
706 719 768 779 cod.

168 814 361 870 lnuocssrrus
371 811 525 884 episcopus,
540 826 639 867 servus
653 825 794 867 servorum
807 808 868 877 Dei,
884 824 929 865 ve·

130 909 244 971 nerabili
264 910 339 968 lratri
368 911 530 969 Eorusenuo
549 908 779 983 Bobenberpensi
798 909 928 981 episcopo

129 1011 156 1058 et
177 999 382 1059 successoribus
403 998 536 1056 canonice
567 998 762 1070 promovendis
780 998 808 1053 in
823 1014 927 1071 perpe·
980 1032 1145 1089 sementiam
1160 1034 1352 1109 promulgare·

128 1098 214 1147 tuum.

225 1178 231 1190 .
291 1174 297 1191 .
400 1176 406 1188 .
558 1175 563 1187 .
611 1175 617 1187 .
693 1175 700 1187 .
735 1175 779 1188 ..
1014 1125 1195 1183 Nihilominus
1205 1127 1289 1185 etiarn
1301 1127 1440 1186 abbatiam
1451 1132 1730 1208 qumllonstsrssdl)
1742 1136 1779 1192 di·

161 1178 346 1254 blogrsterrum
361 1186 443 1235 totius
465 1175 659 1235 ecclesiasticae
674 1175 826 1249 drscrphoae
844 1176 925 1236 besto
979 1223 1057 1290 citur,
1076 1241 1093 1280 a
1112 1223 1192 1282 hm
1211 1226 1349 1284 memoria,
1367 1228 1494 1286 Immo
1513 1229 1680 1301 impemooe
1696 1234 1779 1291 vobis

979 1312 1106 1369 traditam
1120 1330 1186 1371 cum
1200 1315 1322 1375 ecclesia
1335 1316 1409 1372 Booti
1424 1318 1495 1374 Sinti
1508 1319 1624 1392 aliisque
1637 1322 1773 1391 eeclesiis,

978 1395 1052 1454 rillis
1064 1409 1092 1453 et
1106 1398 1233 1455 omnibus
1248 1399 1282 1454 od
1296 1400 1385 1473 ipsam
1399 1401 1600 1472 pertinentibus
1618 1405 1777 1463 llebcnber-

977 1486 1055 1558 penei
1066 1486 1197 1544 Ecclesiae
1207 1487 1411 1545 confirmamus.
1430 1489 1568 1563 l'obisque
1583 1493 1690 1565 paritur
1704 1511 1774 1551 cou-

975 1574 1098 1631 cedimus
1107 1575 1319 1650 ecclesiasque
1328 1577 1537 1635 interbarbaros
1548 1580 1607 1637 sitae
1618 1582 1778 1654 scutarii),

931 1669 999 1732 Bet
1008 1665 1224 1736 pervenerandae
1240 1665 1381 1723 memoria
1392 1666 1502 1724 fratrem
1511 1677 1637 1726 nostrum
1644 1670 1772 1729 Ottonem

979 1751 1213 1824 predecessorem
1227 1762 1300 1811 tuoto
1315 1770 1331 1811 a
1346 1755 1475 1829 squalore
1491 1765 1604 1814 vetustae
1618 1759 1779 1831 gentilitatis

979 1840 1016 1896 ad
1031 1856 1143 1896 norman
1154 1841 1365 1900 Christianitatis
1380 1844 1590 1917 etdiscipliuarn
1604 1847 1777 1905 ecelesiasti-

980 1943 1041 1986 cam
1063 1939 1127 1986 suot
1154 1945 1306 2001 conversae,
1330 1932 1366 1989 ad
1383 1935 1518 1991 honorem
1540 1936 1590 1991 Dei
1616 1937 1779 1995 auctoritate

979 2026 1082 2077 sancta
1109 2019 1240 2078 Romnum
1262 2021 1395 2079 Ecclesiae
1418 2022 1572 2091 ordinandi,
1599 2024 1687 2081 dunen
1715 2026 1774 2083 Deo

979 2106 1095 2180 propitio
1108 2108 1276 2169 catholicum
1289 2117 1316 2168 ot
1329 2111 1470 2185 proprium
1479 2112 1639 2187 episcopum
1655 2115 1776 2171 sortian-

980 2205 1035 2252 lut.

1015 2284 1059 2341 hd
1087 2286 1201 2360 maj0ris
1220 2287 1332 2362 insuper
1355 2289 1541 2347 familiaritatis
1565 2300 1592 2348 et
1618 2292 1779 2351 dilectionis

979 2381 1145 2441 evidentiam
1160 2384 1369 2443 intreterminos
1388 2387 1626 2462 Dabenborpeosis
1640 2391 1775 2447 Ecclesiae

979 2487 1046 2538 ante
1060 2480 1158 2539 luciam
1173 2489 1245 2539 tuam
1260 2498 1371 2541 crucem
1380 2486 1486 2557 portari
1500 2487 1686 2554 concedimus,
1698 2488 1775 2545 salva

978 2570 1108 2628 minirum
1123 2573 1289 2645 lloguotinro
1302 2573 1461 2643 metropolis
1472 2575 1636 2633 reverentia.
1647 2577 1688 2634 hd
1703 2577 1777 2633 indi·

977 2661 1049 2719 cium
1063 2669 1152 2718 autern
1167 2661 1242 2733 quod
1256 2662 1491 2736 Babeobergensis
1506 2664 1603 2721 civitas
1615 2665 1774 2737 specialiter

979 2750 1131 2823 aopropria
1146 2750 1217 2807 beati
1240 2751 1315 2806 Petri
1338 2751 1408 2820 juris
1434 2751 1542 2814 edunt.
1568 2770 1668 2825 equum
1690 2771 1776 2811 uuum

976 2839 1069 2896 album
1088 2838 1158 2896 bene
1172 2845 1294 2912 aptatum
1307 2854 1340 2896 ac
1355 2838 1502 2896 faleratum
1517 2841 1601 2897 nobis
1620 2841 1777 2916 numaque

978 2927 1188 2987 successoribus
1211 2925 1291 2984 aunis
1314 2927 1440 3000 singulis,
1466 2930 1645 3000 persolvetis,
1670 2932 1779 3004 qualem

939 3012 1075 3091 edocuit
1093 3014 1244 3069 Romanum
1271 3011 1429 3084 pontilioem
1444 3013 1472 3070 iu
1496 3016 1719 3086 processionibus
1732 3026 1781 3072 aut

978 3099 1125 3157 etiamalio
1138 3107 1262 3172 ternpore
1276 3100 1409 3174 equitare.

982 856 1097 919 quorum
1124 847 1263 921 parochiis
1288 850 1404 925 degunt,
1434 851 1463 907 in
1486 867 1580 909 eorum
1605 852 1782 910 correctione

980 941 1152 1017 negligentes
1167 945 1329 1011 exstiterint,
1339 945 1422 1004 liceat
1436 946 1514 1003 uobis
1524 946 1610 1005 ineos
1619 949 1780 1007 cauomcuu

126 1271 208 1327 l’ctro
223 1268 410 1341 apostolorum
426 1265 543 1339 principi
557 1264 713 1338 specialiter
727 1265 788 1322 lore
797 1266 926 1323 collatum

128 1358 175 1414 illa
188 1357 339 1414 Dominicis
358 1352 531 1410 allocutionis
547 1354 632 1410 verbe
652 1352 805 1417 declarant,
827 1354 926 1427 quibus

128 1446 164 1503 ad
179 1445 308 1502 eumdem
323 1445 455 1501 ciclorum
465 1441 635 1513 clericerum
646 1441 763 1499 dicitur:
779 1442 816 1499 Si
829 1443 923 1517 ditipis

126 1553 182 1606 rue,
192 1551 275 1608 posce
286 1549 350 1590 oues
361 1546 455 1599 meos3
471 1537 498 1588 at
521 1529 601 1586 alibi:
624 1533 679 1604 Epo
696 1546 748 1605 pro
771 1535 798 1589 te
818 1533 922 1605 ropooi,

127 1627 221 1692 l’etro,
234 1627 335 1682 atrion
347 1621 461 1690 dinoot
474 1620 548 1692 sides
565 1624 628 1682 tutos
644 1628 689 1676 et:
708 1621 745 1677 lo
766 1621 921 1694 olipoortdo

126 1711 421 1779 conuersosconfirmo
432 1712 540 1781 fratros
557 1709 699 1765 donadac
718 1708 803 1783 igitur
814 1709 920 1767 ratione

128 1808 301 1858 sacrosancta
310 1799 432 1855 Romana
443 1795 575 1865 Ecclesia,
586 1813 647 1869 quas
657 1813 740 1869 super
750 1812 846 1855 omnes
858 1798 925 1855 alios

127 1888 231 1947 curlesti
247 1886 393 1961 privilegio
407 1886 513 1943 obtinet
523 1885 715 1959 principatum,
738 1902 853 1959 quaeque
870 1903 926 1943 nou

74 1965 78 1971 ⁶
127 1978 216 2035 solum
235 1987 344 2033 terrena
359 1974 408 2031 sed
423 1974 545 2033 coelestiu
563 1991 672 2048 quoque
692 1972 834 2044 dijudicat,
856 1974 925 2032 lilios

127 2081 199 2132 suos,
216 2077 285 2134 quos
297 2059 399 2134 pabulo
413 2058 512 2116 divinae
533 2059 605 2133 logis
628 2060 760 2116 oiateroia
783 2058 926 2118 effectibus

127 2153 226 2224 replet,
242 2149 361 2206 dirersis
376 2148 457 2204 etiam
470 2148 607 2204 adornare
625 2147 813 2220 prerogativis
826 2149 927 2221 paritor

127 2240 278 2306 consuerit,
294 2247 321 2295 et
335 2237 467 2294 membris
485 2237 542 2293 suis
562 2238 693 2293 honorem
716 2237 838 2294 debitum
857 2253 926 2295 con-

128 2348 205 2399 sueta
217 2337 366 2397 elementia
375 2335 519 2408 impertiri.

162 2428 247 2498 Huius
261 2426 301 2483 rei
315 2425 413 2500 pratis,
429 2423 599 2482 uenerabilis
610 2423 695 2481 irater
708 2423 850 2497 Epilberte
863 2423 927 2495 epi-

127 2533 220 2590 scope,
246 2530 329 2590 quem
352 2515 446 2586 utique
473 2521 638 2585 cooperante
659 2512 778 2570 Domino
808 2512 926 2585 propriis

86 2652 97 2677 ,
131 2614 257 2679 tunquam
271 2603 344 2661 beati
361 2603 432 2660 Petri
446 2602 573 2659 menibus
585 2601 615 2658 in
641 2601 801 2674 episcopum
828 2616 925 2658 conss·

129 2703 276 2767 oravimus,
290 2714 416 2774 persona
430 2706 484 2756 tuo
499 2698 621 2770 pallium,
640 2697 802 2769 pontificalis
821 2698 925 2756 scilicet

134 2801 215 2859 officii
227 2798 434 2872 plenitudinem,
447 2796 606 2852 humilitatis
620 2802 649 2852 et
665 2795 779 2866 justitie
802 2797 923 2870 signnm,

127 2888 410 2948 adsueramissarom
421 2885 923 2954 solemniacelebrondaooncedimus,

126 2988 157 3036 ut
169 2979 297 3037 uidelicet
310 2992 344 3034 eo
357 2977 400 3032 his
413 2975 510 3032 diebus
525 2972 752 3033 intrs‘eoolesiam
762 2980 925 3033 tautummo-

127 3070 164 3125 do
181 3066 344 3140 perlroaris,
360 3064 407 3138 qui
421 3064 448 3120 lu
459 3061 601 3136 prasentia
616 3063 711 3136 scripti
724 3063 826 3137 pupius
838 3065 924 3121 conti·

125 3168 237 3215 nentur:
253 3152 281 3212 id
295 3163 350 3224 ent,
372 3154 457 3211 Coena
475 3152 594 3222 Domini,
615 3152 731 3220 Pascha,
752 3153 920 3220 Pentecoste,

125 3246 272 3302 Natiuitate
285 3243 394 3301 Domini
417 3251 443 3297 et
462 3240 613 3298 saluatoris
626 3240 714 3297 nostri
727 3240 792 3298 lesu
807 3241 921 3298 Christi:

125 3335 154 3390 in
168 3333 292 3389 natalitio
315 3332 456 3388 hestorum
476 3327 664 3401 apostolorum
687 3326 757 3384 Petri
777 3335 804 3385 et
826 3327 921 3393 Pauli;

125 3422 153 3478 in
167 3421 339 3478 solemnitate
354 3417 439 3474 oancd
455 3417 577 3489 Dionysii
593 3416 734 3489 sanctique
743 3417 838 3474 Georii
852 3433 923 3473 mer·

127 3518 228 3583 tyrum,
247 3509 275 3564 in
289 3505 477 3563 anniversario
500 3518 610 3579 quoque
630 3510 684 3562 ture
701 3505 922 3563 consecrationis

125 3598 180 3667 die,
195 3606 223 3654 et
235 3597 263 3652 la
280 3593 497 3653 dedicationibus
510 3593 702 3663 ecclesiarum,
717 3602 799 3668 atque
822 3594 850 3650 iu
873 3610 921 3653 so-
978 3570 1007 3607 Χ·

124 3695 262 3752 lemuibus
275 3690 492 3752 ordinationibus
505 3690 677 3749 clericorum.
1019 3766 1024 3780 ¹
1103 3767 1109 3780 ι
1323 3658 1435 3781 clim
1552 3771 1557 3784 .

160 3786 243 3855 0050.
252 3782 377 3856 profecto
389 3779 464 3853 palm
478 3788 505 3838 ιο
517 3779 642 3838 volumus
653 3780 922 3855 peromnpgggnium
977 3768 1160 3841 l’rtoilcptuot
1174 3783 1223 3857 pro
1239 3768 1400 3826 coelestus.
1426 3771 1558 3868 Prospere
1572 3771 1604 3828 de
1628 3773 1772 3832 Ruttdcrro.

128 3882 273 3949 uindicare,
298 3885 326 3936 et
348 3888 495 3951 personam
516 3884 594 3934 tutm
620 3876 679 3935 Deo
706 3878 826 3952 propitio
840 3879 922 3937 talem
1201 3850 1290 3949 lm?
1310 3848 1390 3950 ¹¹3⁹}
1405 3848 1466 3904 0⁰²·
1481 3854 1540 3920 Ξ3·)
1595 3941 1601 3953 ·

123 3972 152 4028 in
173 3969 300 4030 omnibus
322 3964 463 4033 exhibere,
488 3973 518 4022 ut
539 3969 567 4023 et
588 3965 652 4024 boni
680 3966 790 4025 dulcem
810 3975 836 4023 et
858 3968 921 4023 mnu
975 3936 1162 4008 {Trurouscun
1178 3937 1305 4030 rhethoris
1320 3938 1442 4032 einriche
1462 3939 1678 4034 Moriertertplll,
1696 3962 1727 4014 p.
1748 3950 1774 4011 8,

124 4069 150 4118 to
169 4060 244 4133 pium
263 4056 379 4114 sentiam
401 4061 599 4112 correctorem.
615 4052 647 4110 ln
662 4070 716 4128 qua
729 4054 830 4112 mirum
855 4071 921 4114 cor·
1113 4034 1145 4073 ⁰¹
1159 4019 1264 4076 ΜΝ·
1280 4022 1437 4076 ¹¹¹⁰¹¹¹²⁸¹⁰s¹¹
1453 4020 1480 4076 S·
1502 4022 1650 4095 Ps⁰⁵l³⁰lil

121 4148 246 4206 rectione
258 4147 331 4202 huuc
349 4158 413 4200 essa
433 4143 555 4201 ordinem
578 4144 690 4200 noveris
707 4144 920 4204 observandum,
1011 4139 1200 4190 lssouuxrrus
1215 4135 1370 4208 opiscopus,
1387 4153 1483 4192 servus
1499 4154 1643 4194 serrorum
1655 4140 1716 4210 Dei,
1733 4144 1775 4199 di·

123 4246 151 4294 ut
165 4251 296 4310 personas
309 4233 410 4306 diligas
424 4239 451 4289 et
465 4231 530 4289 vitia
545 4232 729 4304 persequaris,
749 4233 821 4288 nesi
840 4232 921 4289 alitor
973 4228 1045 4284 lecto
1066 4227 1121 4284 tilio
1144 4229 1236 4284 Uooxr
1266 4228 1500 4304 archipresbytero
1526 4231 1654 4290 ecclesia
1678 4234 1772 4293 Sancti

122 4342 205 4399 egero
220 4324 287 4384 [orte
301 4321 431 4388 uolueris,
451 4327 574 4377 transeat
591 4319 620 4375 in
641 4320 830 4377 crudelitatem
853 4336 916 4378 oor-
976 4317 1100 4389 Prosperi
1113 4316 1148 4373 de
1161 4317 1291 4374 Bondeoo
1306 4319 1419 4392 eiusque
1433 4320 1641 4378 successoribus
1665 4325 1776 4399 repula-

120 4415 253 4481 ructio,et
266 4411 367 4484 perdas
376 4424 446 4481 quos
458 4409 605 4465 emendare
617 4407 768 4465 desideras.
785 4409 830 4465 Sia
841 4410 914 4465 enirn
929 4391 955 4451 l]
970 4405 1037 4463 riter
1046 4405 1255 4473 substituendis,
1268 4405 1480 4479 inperpetuum.

121 4502 218 4559 uulnus
231 4501 318 4558 debes
330 4497 502 4564 abscindere,
512 4503 542 4551 ut
551 4511 606 4553 noo
614 4496 702 4568 possit
709 4496 833 4555 ulcerare
843 4499 916 4569 quod
989 4492 1043 4551 Pioe
1053 4494 1199 4565 postulatio
1215 4495 1362 4551 uoluntatis
1377 4497 1459 4553 ‹lebet
1474 4496 1572 4555 ellectu
1587 4510 1773 4574 prosequente

119 4607 215 4649 sanum
230 4597 282 4658 est,
298 4603 333 4642 ue
347 4585 371 4641 si
385 4585 447 4658 plus
461 4600 545 4658 quam
561 4601 608 4641 ros
621 4584 710 4659 erbis
734 4584 838 4642 latrum
862 4587 915 4643 im·
970 4579 1114 4649 oompieri,
1131 4586 1159 4634 ut
1174 4578 1327 4636 deuotionis
1346 4580 1489 4636 sinceritas
1509 4582 1685 4640 laudabiliter
1710 4587 1772 4643 eni·

119 4679 267 4754 presseris,
282 4691 381 4732 noceas
396 4673 438 4730 cui
453 4673 586 4745 prodesse
600 4672 721 4729 lestines.
732 4675 796 4746 lpse
808 4690 915 4747 quoquo
970 4675 1066 4733 tescot,
1083 4676 1109 4722 et
1128 4667 1230 4722 utilitas
1244 4668 1379 4739 postulata
1394 4670 1466 4725 uires
1485 4670 1673 4731 indubitanter
1688 4690 1768 4731 assu.

119 4765 236 4823 dulcedo
248 4763 276 4819 iu
291 4770 317 4818 te
330 4768 409 4818 cauta
423 4758 468 4825 sit,
484 4774 540 4815 non
555 4757 684 4816 remissa.
700 4759 839 4817 correctio
850 4776 914 4816 vero
968 4764 1034 4814 met.
1048 4757 1209 4828 Eupropter,
1219 4755 1320 4815 dilecto
1333 4757 1362 4813 in
1376 4758 1493 4817 Domino
1504 4758 1540 4816 lili
1551 4762 1611 4835 Usso
1627 4764 1771 4835 archipre-

120 4854 238 4930 diiigens
251 4852 295 4921 sit,
310 4866 366 4907 non
383 4861 491 4915 severo,
512 4847 615 4904 scdsio
635 4847 750 4903 alterurn
772 4848 915 4905 condietur
967 4845 1771 4924 sbyter,tuisrationobilibuspostulationibusjustumprro-

119 4961 153 5002 ex
168 4942 265 5008 altero,
277 4944 308 4995 ul
321 4947 348 4996 ct
360 4935 424 4993 boui
439 4935 556 4994 habeant
569 4935 685 4992 amando
700 4934 773 5009 quod
786 4944 910 5002 micant,
966 4933 1063 4990 bentcs
1091 4950 1245 5000 assensum,
1271 4935 1416 4991 ecclesium
1445 4938 1519 4993 Beati
1548 4939 1687 5011 Prosperi,
1713 4941 1768 5009 cui,

119 5048 147 5098 et
159 5039 236 5112 praui
251 5034 395 5093 metuendo
411 5031 618 5104 quoddiligant.
635 5032 711 5087 lianc
726 5030 817 5106 igitur,
826 5032 912 5089 lucrer·
966 5031 1075 5079 auctore
1085 5022 1683 5099 Domino,praeessedignosceris,apostolicte
1693 5031 1770 5086 sedis

118 5125 288 5190 charissime,
317 5120 436 5192 suscepti
454 5118 529 5191 pallii
558 5118 717 5191 dignitatem
745 5120 769 5175 sl
796 5120 913 5178 sollicite
967 5110 1111 5183 privilegio
1126 5111 1335 5167 communimus.
1347 5112 1498 5169 statuimus
1509 5114 1582 5169 onim
1594 5125 1623 5170 ut
1633 5131 1772 5188 quascun-

117 5213 279 5278 servaveris,
300 5210 373 5282 quod
391 5207 456 5264 loris
475 5208 616 5280 accepisse
636 5209 817 5281 dignosceris,
841 5209 912 5265 intus
967 5224 1021 5282 que
1030 5207 1274 5280 possessiones...
1291 5210 1386 5267 eadem
1397 5210 1514 5267 ecclesio
1526 5213 1769 5284 inpresentiarum

117 5302 243 5360 habebis.
271 5297 477 5355 Fraternisateot
500 5305 575 5352 tuam
593 5297 684 5370 gratia
703 5297 799 5355 diuina
818 5306 912 5356 custo·
964 5304 1039 5375 Juste
1052 5313 1080 5361 et
1093 5305 1214 5380 legitime
1224 5306 1357 5379 possidet,
1373 5316 1416 5364 out
1437 5309 1463 5365 in
1487 5310 1617 5375 loturum,
1646 5326 1766 5368 conces-

116 5394 180 5461 disslr
197 5390 268 5448 Μ
281 5386 409 5444 mim
422 5399 532 5456 ¹⁰¹¹⁸lm
545 5392 654 5442 “mi
666 5386 802 5444 ‘dlmflffl
966 5403 1044 5461 sione
1059 5402 1225 5476 pontificum,
1240 5403 1402 5463 liberalitato
1416 5423 1516 5480 rogum
1531 5407 1572 5463 vel
1601 5405 1767 5482 prlocipum‚

151 5479 221 5549 Quia
235 5493 299 5536 uero
309 5472 627 5547 bonbaboaberpousis
637 5475 805 5535 lioulesiteiu
820 5477 912 5535 disor-
965 5480 1104 5540 oblatione
1118 5480 1240 5541 irdellum
1243 5524 1297 5541 .....
1309 5487 1407 5553 modis,
1418 5484 1565 5546 auxillante
1575 5486 1702 5558 Domino,
1718 5502 1769 5561 po·

153 5606 163 5675 (
169 5604 228 5676 let)
242 5599 469 5660 blunchmonster
482 5597 510 5654 in
526 5598 650 5656 moerim
1001 5608 1077 5679 (lab)
1095 5608 1265 5666 Pomeraniae
1278 5609 1394 5670 scilicet.

1014 3198 1079 3255 Dat.
1098 3197 1222 3254 laterani
1239 3214 1290 3270 per
1308 3213 1420 3255 manum
1443 3200 1573 3259 himerici
1597 3210 1700 3259 sanctu
1723 3203 1779 3261 llo·

977 3301 1063 3345 manae
1081 3284 1213 3343 Ecclesiae
1233 3285 1341 3345 diaconi
1362 3287 1437 3345 card.
1458 3288 1623 3359 eteroscii,
1644 3306 1692 3346 xrrt
1714 3292 1775 3347 lini.

976 3375 1127 3445 Novemb,
1143 3374 1291 3431 indictione
1305 3392 1345 3442 ιιι,
1365 3377 1501 3442 incarnat,
1527 3379 1678 3437 Dominicae
1696 3396 1771 3437 anno

977 3460 1231 3535 {respondimus
1243 3478 1307 3523 vero
1325 3459 1429 3520 domini
1440 3466 1591 3524 innocentii
1604 3469 1627 3523 ll
1639 3468 1689 3524 PP.
1702 3484 1775 3525 anuo
