3750 6000
121 306 174 365 sra
672 368 676 373 ,
787 376 790 381 ,
847 309 1039 372 aristeae.
1119 386 1123 393 ¹
1718 327 1770 385 stt

156 431 252 488 Gratia
266 431 317 488 Dei
333 439 362 488 et
377 439 469 487 vestra
484 449 534 505 per
549 432 708 490 electionem
724 432 853 492 Ecclesiae
871 451 921 491 rc·
935 442 964 504 A
979 435 1014 491 ad
1029 452 1139 494 causam
1158 438 1264 508 romei,
1286 447 1312 496 et
1330 455 1390 498 cum
1411 457 1444 499 eo
1469 444 1555 501 multa
1574 446 1609 505 de
1626 465 1675 506 sua
1697 452 1770 510 mala

122 529 196 588 strae,
212 536 275 577 curn
289 520 431 594 indignum
442 521 537 577 merita
551 539 611 578 mea
624 539 671 592 spe
684 522 877 593 praedicarent,
897 522 924 579 in
977 525 1185 583 contemtione
1198 532 1335 597 causatus,
1351 529 1498 605 confessus
1510 542 1551 590 est
1561 552 1620 607 quae
1628 540 1772 600 manifesta

123 611 284 682 episcopum
300 610 482 675 consecrarit,
498 616 524 665 et
540 618 602 682 post
617 618 644 666 et
658 610 733 682 prius
747 611 884 683 quomodo
895 611 922 666 in
977 628 1081 684 negare
1095 630 1148 671 non
1160 617 1255 687 potuit,
1267 617 1371 674 scilicet
1382 635 1411 675 se
1422 629 1449 676 et
1459 621 1636 695 Regnlaesuae
1654 627 1769 685 [ormam

121 699 211 755 officio
227 715 272 755 me
287 699 405 753 militare
415 699 545 754 deberem
558 700 676 765 edocuit,
690 700 760 754 inter
772 716 832 771 quae
841 700 925 754 mati·
976 703 1176 774 contempsisse
1191 713 1217 760 et
1232 706 1316 762 malta
1331 706 1421 763 illicita
1437 712 1616 769 commisisse.
1638 717 1769 774 Commu-

121 804 165 842 me
186 786 214 842 in
235 786 408 843 ordinatione
426 787 605 842 ecclesiarum
624 788 693 842 mibi
712 788 922 845 commissarum
976 791 1065 847 niceto
1079 791 1170 865 itaque
1192 794 1307 850 «consilio
1321 796 1515 870 religiosorum
1537 804 1629 856 monui
1644 820 1706 860 eum
1721 823 1771 878 par

121 875 270 947 iurigilare
282 876 426 947 persuasit.
444 875 614 931 Ordinationi
626 876 708 949 igitur
722 876 771 943 illi,
785 877 921 948 quiasatis
976 876 1174 950 obedientiam,
1195 888 1225 937 ut
1238 883 1273 937 ad
1288 884 1433 941 ecclesiam
1459 887 1552 944 Sancti
1572 891 1659 947 vitoni
1685 909 1767 952 causa

122 964 166 1019 bic
179 964 255 1035 apud
270 979 321 1019 nos
335 964 494 1020 necessaria
509 971 560 1031 est,
573 963 920 1034 proparvitatemeeinvi-
974 965 1111 1024 facienda
1138 970 1305 1040 paenitentiae
1322 973 1393 1028 inter
1411 973 1558 1047 religiosos
1577 980 1714 1049 transiret,
1743 991 1769 1040 ct

120 1053 223 1126 gilans,
241 1053 333 1124 reperi
348 1054 494 1125 quamdam
511 1053 653 1109 ecclesiam
670 1053 804 1122 lricjuxta
823 1053 921 1109 civita·
975 1056 1036 1126 quia
1056 1056 1174 1112 fructum
1202 1059 1229 1112 in
1249 1060 1365 1116 ecclesie
1394 1063 1436 1119 cui
1461 1073 1577 1136 praeerat
1605 1067 1695 1125 lacere
1713 1087 1769 1128 non

121 1151 175 1198 tern
191 1150 310 1197 nestram
326 1142 414 1207 sitam,
431 1158 491 1212 quae
515 1157 564 1211 per
580 1141 711 1197 incuriam
733 1150 760 1196 et
779 1141 920 1213 irreligio·
973 1152 1089 1214 poterat,
1108 1145 1284 1203 tructifiantes
1295 1149 1396 1205 intrare
1416 1153 1599 1222 permitterem
1619 1160 1768 1227 consensit,

119 1246 183 1287 nem
198 1245 347 1300 paucorum
363 1231 557 1285 monachorum
583 1229 619 1284 ibi
634 1229 794 1300 degentium
809 1229 843 1284 ad
858 1238 920 1284 tan·
974 1232 1022 1286 sed
1038 1233 1127 1287 stetim
1143 1233 1201 1306 ipsa
1214 1235 1259 1291 die
1274 1237 1308 1291 ad
1323 1238 1452 1294 vomitum
1468 1242 1589 1310 rediens,
1615 1248 1689 1317 quod
1707 1264 1769 1319 pro·

121 1327 176 1374 tem
191 1317 331 1373 infamiam
346 1318 454 1373 redacta
469 1318 567 1384 luerat,
583 1326 612 1372 ut
623 1319 742 1387 jamnon
756 1317 855 1374 domus
869 1318 920 1374 llsi
973 1319 1087 1376 miseret
1102 1321 1193 1378 iacere
1208 1327 1361 1382 recusavit:
1379 1327 1437 1383 baec
1452 1337 1479 1384 ut
1493 1332 1656 1405 audivimus,
1668 1336 1696 1390 in
1708 1353 1768 1393 cra·

119 1407 169 1462 sed
193 1407 331 1462 diceretur
354 1422 415 1461 esse
435 1407 570 1477 quoddam
590 1405 770 1476 prostibulum
788 1422 794 1461 ι
813 1408 847 1462 de
867 1424 920 1480 qua
974 1408 1072 1463 stinum
1093 1425 1154 1466 cum
1183 1411 1289 1468 clericis
1316 1422 1343 1470 et
1356 1415 1500 1472 abbatibus
1517 1427 1543 1475 et
1561 1420 1667 1478 duobus
1686 1425 1767 1482 etiam

121 1496 186 1568 quid
201 1495 304 1566 egerim
318 1510 400 1567 quam
416 1495 569 1551 certissime
584 1503 679 1566 potero
698 1495 795 1565 paucis
810 1495 914 1551 dicam.
972 1496 1118 1553 abbatibus
1137 1499 1172 1554 de
1199 1500 1294 1556 ordine
1322 1504 1531 1574 Clsraerallensi,
1555 1510 1653 1567 abbate
1673 1513 1768 1571 Tuum

120 1584 151 1639 ln
165 1584 283 1641 ecclesia
298 1583 354 1647 ille,
374 1582 402 1637 in
419 1582 524 1638 bonore
544 1582 616 1638 beati
632 1582 707 1637 Pauli
722 1583 837 1653 apostoli
850 1597 918 1639 cort·
973 1583 1098 1640 Fontium
1112 1592 1139 1642 et
1152 1587 1187 1643 de
1202 1588 1311 1644 Caladie
1327 1593 1362 1646 ad
1377 1593 1519 1650 ecclesiam
1544 1596 1619 1652 illam
1632 1601 1766 1674 venimus,

120 1682 230 1730 secrata
252 1689 268 1727 a
291 1673 383 1743 prima
402 1671 548 1742 positione,
576 1687 626 1743 per
641 1673 874 1743 ternporedecem
892 1677 920 1728 et
972 1678 1000 1729 ct
1032 1675 1214 1745 querentibus
1241 1693 1290 1734 cur
1316 1691 1470 1752 susceptam
1498 1684 1684 1744 obedientiam
1712 1708 1767 1749 non

121 1778 220 1818 norem
239 1761 432 1832 episcoporum
453 1759 564 1815 luerunt
583 1759 658 1831 prius
680 1759 781 1828 cleriei,
801 1760 849 1814 sed
868 1775 958 1862 perB
976 1760 1153 1832 implevisset,
1174 1767 1317 1837 respondit
1349 1770 1420 1840 quod
1441 1770 1584 1828 claustrum
1605 1793 1684 1832 suum
1710 1796 1768 1837 non

120 1849 352 1923 irreligiositatem
379 1856 405 1903 et
434 1847 635 1920 negligentiam
665 1847 772 1902 illorum
809 1847 918 1904 devenit
972 1849 1058 1905 exiret
1077 1850 1130 1906 nisi
1155 1868 1206 1923 per
1229 1855 1375 1923 judicium.
1403 1858 1479 1916 Tunc
1497 1862 1610 1919 abbates
1630 1875 1656 1921 et
1674 1867 1769 1927 clerici

118 1939 154 1996 ad
170 1947 273 1994 tantam
288 1937 420 2008 inopiam,
438 1945 466 1991 ut
481 1937 553 2007 quod
568 1937 644 2007 prius
659 1938 750 1992 multis
767 1936 832 1992 satis
847 1944 916 2006 erat,
971 1938 1139 1995 admirantes
1158 1950 1258 1997 ιιιιιιιιι
1278 1943 1475 2015 impudentiam
1496 1950 1578 2016 illius,
1606 1955 1679 2025 quod
1706 1968 1769 2028 poet

116 2029 162 2086 rix
177 2027 260 2085 victui
275 2027 356 2082 unius
371 2025 523 2081 sacerdotis
537 2024 661 2081 sullicere
674 2033 780 2097 posset.
800 2025 917 2095 Quidam
972 2036 1129 2099 susceptam
1144 2028 1327 2086 obedientiam
1338 2033 1472 2102 judicium
1488 2051 1632 2109 quaereret,
1657 2044 1768 2115 quidam

116 2113 917 2188 auternpraedecessormeus,Wiliridusnomine,ametor
971 2114 1091 2186 illorum,
1116 2117 1201 2174 abbas
1228 2119 1332 2178 scilicet
1353 2121 1447 2180 Sancti
1475 2126 1574 2194 l'itoni,
1605 2134 1768 2191 sententiam

115 2205 271 2279 religionis,
297 2203 405 2260 clericis
423 2202 478 2257 illis
497 2218 531 2257 ex
549 2203 603 2257 boc
620 2202 752 2272 expulsis,
770 2202 917 2274 religiosos
971 2204 1001 2257 B.
1017 2203 1147 2276 Gregorii
1169 2206 1204 2262 de
1218 2209 1474 2278 prevaricatoribus
1487 2213 1632 2273 abbatibus
1654 2223 1768 2292 protulit

115 2295 271 2351 monachos
284 2292 311 2349 ia
325 2291 466 2362 esposuit,
482 2290 529 2363 qui
543 2290 627 2364 longo
638 2298 761 2360 tempora
773 2290 917 2351 infervere
970 2287 998 2344 in
1011 2289 1141 2355 medium,
1157 2306 1209 2360 qna
1229 2290 1311 2359 lecte,
1326 2293 1432 2350 dictum
1449 2306 1490 2352 est
1510 2299 1574 2355 mibi
1588 2301 1622 2357 ab
1641 2306 1767 2366 omuibus

116 2381 259 2454 religionis
273 2385 497 2452 perseverantes,
514 2387 541 2434 at
555 2379 625 2434 bone
639 2377 770 2435 Ecclesiae
784 2378 917 2448 dissipata
970 2383 1000 2431 ut
1015 2376 1094 2433 etiam
1108 2377 1132 2433 si
1146 2378 1231 2434 nollet
1244 2379 1272 2435 in
1287 2382 1404 2439 ecclesie
1414 2384 1631 2460 recluderem,et
1642 2393 1766 2452 ecalaaie

116 2471 296 2527 restituerunt
309 2478 336 2524 et
351 2468 464 2538 insuper
477 2466 594 2538 plurima
607 2466 801 2537 acquisierunt,
816 2481 915 2523 succe·
969 2463 1017 2520 diu
1030 2464 1162 2522 desolate
1172 2467 1358 2540 consulerem
1369 2488 1424 2543 quo
1436 2474 1547 2533 recluso
1557 2477 1606 2545 sic,
1617 2481 1767 2557 paucisque

117 2560 214 2616 dentes
241 2557 362 2629 denique
390 2555 436 2611 alii
464 2555 629 2626 pedetentim
659 2554 692 2608 ab
706 2553 754 2610 illa
781 2553 917 2626 religione
970 2554 1112 2610 monacbis
1124 2555 1170 2626 qui
1187 2570 1281 2611 secum
1295 2557 1368 2614 male
1383 2560 1513 2618 virebant
1527 2564 1598 2621 inter
1619 2568 1765 2643 religiosos

117 2647 258 2705 declinare
272 2652 423 2716 caeperunt,
439 2652 466 2698 et
480 2644 519 2699 sic
533 2643 708 2710 declinando,
729 2644 801 2698 bona
815 2642 916 2699 Eccle·
970 2641 1120 2711 collocatis,
1134 2645 1285 2700 monachos
1300 2647 1346 2719 qui
1360 2656 1460 2704 statura
1482 2651 1626 2722 pristinum
1640 2658 1765 2717 ecclesiae

117 2737 166 2792 siae
180 2735 322 2790 luxuriose
336 2732 503 2788 destruendo
521 2748 607 2803 usque
630 2732 664 2787 ed
687 2740 808 2802 ternpore
824 2737 917 2786 nostra
969 2727 1158 2797 relos-marem,
1180 2748 1234 2788 non
1254 2743 1357 2790 tanturn
1377 2739 1510 2794 anestris
1525 2741 1567 2797 ael
1584 2744 1691 2817 ricinis,
1711 2764 1764 2806 vc·

115 2831 377 2896 perseveraverunt.
392 2823 453 2892 Ego
467 2820 564 2876 dolens
575 2821 687 2875 nimiam
701 2819 916 2876 destructionem
970 2834 1030 2872 rum
1045 2818 1126 2874 etiarn
1147 2836 1162 2874 a
1175 2820 1347 2880 cluniacensi
1369 2825 1493 2883 Ecclesia
1512 2846 1564 2900 per
1578 2841 1696 2903 nostras,
1716 2853 1765 2909 per

113 2914 186 2969 illius
202 2912 341 2978 ecclesia,
361 2911 424 2983 quia
443 2911 538 2982 magni
553 2910 673 2964 nominis
694 2926 710 2966 a
729 2911 829 2984 priscis
847 2923 916 2970 tem·
969 2907 1074 2962 domini
1088 2909 1287 2983 ercbiepiscopi
1302 2913 1490 2987 Travirensis3
1505 2934 1599 2976 verum
1623 2923 1702 2980 etiam
1716 2942 1767 2999 per

113 3002 229 3074 poribus
243 3001 392 3064 exstiterat,
413 2999 541 3054 abbatem
569 2998 641 3054 illius
661 2998 714 3055 loci
737 3000 812 3071 prius
827 3003 914 3059 solum
969 2995 1165 3069 (1011ιί1111θεί1
1184 2998 1437 3074 litterasrequisivi
1461 3007 1593 3078 studiose,
1616 3028 1766 3083 quoscum

114 3090 202 3156 solus,
221 3096 318 3160 postea
337 3103 398 3144 cum
417 3087 526 3143 caeteris
554 3087 700 3143 abbatibus
731 3096 758 3144 et
776 3090 916 3163 religiosis
969 3083 1071 3140 1111111111
1085 3101 1141 3140 11011
1153 3102 1274 3155 limem·
1291 3105 1425 3162 1111191101
1438 3092 1537 3151 Christi
1547 3097 1676 3158 Ecclesia
1691 3103 1765 3161 Prae-

115 3178 243 3242 aonrcni,
260 3175 347 3231 multa
361 3175 591 3246 capitula,coram
607 3174 742 3248 dignitate
757 3187 851 3234 restra
864 3196 917 3238 nec
930 3156 956 3220 C
971 3182 1130 3231 1101111111)
1147 3176 1296 3233 secuudum
1308 3179 1432 3250 regulam
1444 3182 1472 3236 B.
1488 3185 1633 3257 Augustini
1646 3188 1768 3248 laudabi-

114 3266 294 3330 nominanda,
310 3280 371 3337 quaa
386 3264 421 3320 de
436 3279 470 3319 eo
483 3279 548 3319 rere
563 3264 789 3335 praedicabantur,
805 3268 830 3323 ei
849 3285 916 3340 pro.
971 3261 1033 3317 liter
1047 3263 1170 3319 virentes
1184 3264 1212 3319 in
1236 3281 1268 3320 ea
1287 3267 1381 3337 posui.
1405 3269 1472 3326 lnde
1491 3275 1621 3331 commoti
1639 3280 1767 3338 munaobi

115 3355 215 3427 posui3
231 3363 261 3410 et
275 3361 305 3408 ut
318 3354 353 3408 sle
366 3353 409 3407 bis
425 3368 455 3407 se
470 3359 496 3407 et
511 3353 662 3408 monachos
676 3369 741 3410 suos
762 3355 917 3426 corriperet
970 3367 1026 3407 non
1041 3351 1175 3424 religiosi,
1191 3354 1240 3411 sed
1260 3355 1348 3426 quiin
1371 3356 1455 3413 simili
1470 3375 1499 3416 ra
1514 3361 1608 3419 timent
1623 3367 1767 3434 partiente

116 3452 143 3498 et
156 3445 185 3499 ia
200 3442 319 3500 ecclesia
338 3457 389 3496 sua
417 3440 556 3512 antiquam
575 3441 737 3513 religionem
757 3443 917 3499 reformaret
970 3439 1132 3508 contrarios,
1149 3440 1267 3498 fremunt
1281 3444 1411 3513 quotidie,
1423 3463 1478 3503 non
1489 3456 1546 3504 tarn
1561 3452 1595 3508 de
1605 3455 1766 3526 expulsione

114 3541 227 3603 paterne
256 3530 405 3596 admonui,
436 3530 562 3599 promisit
581 3546 611 3585 se
630 3530 764 3585 lecturum
784 3531 915 3604 quidquid
969 3528 1092 3599 predicti
1107 3529 1404 3600 abbatiscujusvitern
1419 3535 1500 3606 plene
1515 3539 1608 3610 clipei
1623 3542 1761 3602 detestan-

116 3620 216 3676 reltem
231 3634 315 3676 causa
328 3618 378 3674 Dei
394 3625 421 3673 et
436 3625 544 3683 nostra;
561 3619 609 3673 sed
625 3618 712 3689 quia:
969 3624 1022 3683 tur,
1037 3618 1168 3687 quamde
1183 3621 1333 3677 mutatione
1347 3622 1416 3677 tituli
1433 3637 1647 3697 conquerentes.
1661 3632 1692 3688 ln
1710 3634 1767 3693 boe

173 3710 230 3778 Quo
244 3709 332 3764 semel
340 3711 382 3763 cst
396 3707 505 3762 imbuta
515 3722 624 3773 recens,
633 3706 755 3763 terrebit
768 3707 892 3766 odorem
969 3713 1058 3760 autem
1074 3704 1257 3775 meledicunt;
1274 3709 1326 3765 boc
1339 3710 1411 3765 enim
1427 3712 1534 3770 titulum
1545 3732 1600 3772 non
1613 3728 1762 3792 ιιιιιιιιιιιιιι,

171 3799 253 3853 Testa
267 3797 332 3860 ditt3
968 3793 1017 3848 sed
1031 3793 1059 3849 in
1075 3793 1162 3850 iorma
1175 3795 1269 3866 primae
1282 3797 1428 3868 positionis
1444 3804 1630 3873 reposuimus.
1649 3810 1765 3883 iusuper

116 3885 334 3943 cumdebuisset
347 3884 490 3958 corrigere
506 3883 578 3956 quod
593 3883 758 3955 deliquerat,
773 3884 913 3942 infamiam
967 3881 1073 3938 accedit
1095 3882 1128 3938 ed
1151 3883 1205 3940 boe
1218 3886 1291 3954 qnod
1308 3885 1396 3943 abbas
1413 3887 1467 3945 loci
1485 3890 1557 3948 illius
1576 3895 1695 3954 vicarius
1722 3908 1765 3958 est

115 3986 191 4031 suam
206 3974 328 4046 quotidie
341 3974 550 4046 augmentabat:
566 3975 673 4028 tandem
685 3981 748 4044 post
757 3973 914 4044 frequentes
967 3970 1099 4041 episcopi,
1115 3969 1319 4043 quudofficium
1343 3975 1431 4048 magis
1450 3981 1577 4036 convenit
1595 3984 1684 4040 ordini
1702 3988 1762 4045 cle·

115 4063 316 4120 admonitiones
344 4076 429 4117 ranas
448 4071 477 4116 et
495 4061 614 4130 inutiles,
635 4077 763 4131 personas
782 4060 914 4119 Ecclesia
967 4059 1088 4114 ricorunt
1112 4076 1194 4132 quem
1209 4062 1416 4119 monachorum.
1437 4065 1562 4138 Supplici
1579 4070 1662 4142 igitur
1674 4075 1763 4134 davo·

115 4160 216 4208 nostra
234 4158 264 4208 et
276 4149 404 4223 religiosi
418 4150 532 4204 abbates
546 4150 575 4203 in
587 4150 732 4221 presentia
744 4159 840 4205 nostra
850 4165 915 4206 con·
968 4148 1041 4203 tione
1056 4148 1229 4219 majestatem
1256 4156 1374 4206 uestram
1402 4152 1586 4226 deposcimus,
1611 4168 1640 4214 ut
1663 4160 1761 4221 iactum

115 4249 261 4303 venerunt,
276 4240 426 4295 monachos
440 4238 504 4294 illos
517 4239 638 4295 dedecus
653 4239 695 4294 sui
709 4238 816 4294 ordinis
830 4240 915 4295 eccle·
968 4245 1089 4292 nostrum
1103 4237 1179 4309 quod
1194 4238 1228 4293 ab
1243 4238 1388 4307 universis,
1404 4242 1528 4314 exeeptis
1538 4245 1696 4315 hujusmodi
1707 4267 1764 4308 mo·

116 4337 269 4394 eraserunt,
290 4335 317 4383 et
332 4336 361 4382 ut
373 4326 435 4382 illos
454 4326 620 4398 expellerem
636 4332 663 4382 et
679 4327 745 4383 alios
766 4324 914 4398 religiosos
968 4325 1077 4391 uacbis,
1091 4324 1228 4394 laudetur,
1244 4343 1341 4384 manus
1356 4336 1455 4389 aestate
1478 4334 1645 4392 auctoritatis
1658 4337 1762 4395 contir-

116 4416 312 4473 substitnerem
326 4415 520 4486 expetierunt3
537 4416 693 4486 compulsus
712 4416 836 4486 precibus
851 4415 914 4471 illo·
968 4428 1045 4469 mare
1059 4412 1197 4486 dignetur.
1219 4413 1312 4472 Valeat
1324 4416 1387 4477 *rita
1396 4427 1488 4476 vestra
1502 4422 1537 4479 ad
1551 4422 1684 4483 bonorem
1697 4441 1761 4484 san·

116 4520 175 4559 rum
191 4505 320 4570 assiduis,
340 4503 498 4560 conuocatis
512 4503 541 4557 in
554 4503 674 4575 capitulo
690 4503 827 4576 religiosis
847 4503 913 4559 viris
927 4508 1019 4576 Dctre
1032 4501 1166 4561 Ecdasite
1177 4501 1261 4578 langa
1275 4511 1406 4578 tempore.

116 4593 261 4650 abbatibus
275 4601 302 4650 et
312 4592 430 4661 clericis,
451 4593 529 4649 illum
555 4592 771 4666 mcormgibilem
784 4592 912 4650 abbatam

195 5091 365 5174 Epistolaa
381 5095 414 5159 S.
432 5091 596 5158 Beruardi
611 5093 645 5156 et
658 5091 751 5158 Petri
768 5091 1041 5254 Venerglpgppad
1055 5094 1293 5163 tnnoconttum
1310 5095 1678 5190 videinlerutriusquc

838 5464 1031 5494 w·-
