3750 6000
133 263 185 317 8³5
832 241 922 301 LUCII
941 242 966 299 lt
985 242 1080 300 11111
1729 247 1783 302 aad

135 393 236 441 temere
248 377 417 454 perturbare,
433 382 479 431 aut
492 373 551 446 ejus
564 370 746 445 possessiones
758 368 873 437 auterre,
887 368 930 425 vel
944 369 973 430 A
985 368 1076 437 scitur,
1101 373 1132 423 ut
1158 364 1267 438 quidam
1295 365 1333 423 ibi
1360 366 1501 441 disponat,
1530 368 1573 428 vel
1601 367 1716 436 ordinet,
1738 379 1785 427 aut

134 474 237 531 ablatas
253 470 377 535 retinere,
401 465 531 530 minuere,
548 462 590 519 vel
607 460 755 517 temerariis
777 459 929 516 vexationi·
984 456 1123 528 dijudicet.
1140 457 1291 528 Eupropter
1313 472 1361 528 per
1379 457 1518 531 praesentis
1539 459 1631 532 scripti
1654 458 1785 532 paginam

134 563 186 619 bus
205 561 337 633 fatigare,
362 555 409 610 sed
432 552 523 609 omnia
542 551 647 624 integra
667 557 857 606 conserventur
881 563 930 604 eo·
985 545 1170 619 prohibemus,
1196 552 1223 600 et
1247 545 1420 617 prohibentes
1438 548 1594 616 statuimus,
1619 556 1649 604 ut
1671 547 1701 603 in
1721 545 1785 604 oli.

135 668 212 718 mm,
240 663 290 720 pro
317 660 431 719 quonam
466 641 661 715 gubernatione
689 647 714 696 et
741 637 932 694 sustentatione
985 635 1097 702 nolensi,
1113 651 1174 705 quai
1196 641 1223 689 at
1244 633 1396 691 Castettana
1416 634 1513 692 dicitur
1534 637 1664 701 ecclesia,
1689 636 1734 692 vet
1756 636 1786 692 in

136 754 264 798 concessa
290 742 350 791 sunt
373 732 465 788 usibus
492 728 656 786 omnimodis
681 728 820 799 protutura
836 745 843 783 ι
858 726 933 782 salva
985 724 1045 795 ejus
1059 723 1167 779 dioecesi
1191 723 1280 779 nultus
1303 724 1471 796 patriarcha,
1495 724 1584 780 nullus
1606 724 1785 797 comprovin.

136 826 281 886 diaecesani
297 822 416 895 episcopi
441 820 570 876 canoniea
592 817 704 890 justitia,
729 824 756 872 et
778 815 932 888 apostolieae

136 917 208 975 sedis
221 914 389 972 auctoritate.
413 910 442 965 Si
457 925 509 979 qua
523 908 604 981 igitur
617 907 644 962 in
659 906 776 962 luterum
804 905 933 962 ecclesia-

137 1009 203 1064 stica
231 1002 400 1062 saecularisve
413 1014 540 1070 persona,
556 999 625 1052 hanc
647 1003 744 1052 nostrae
769 994 932 1052 constitutio

139 1096 183 1153 nis
197 1094 324 1168 paginam
340 1090 435 1158 sciens,
452 1095 545 1145 contra
560 1102 619 1142 eam
644 1094 745 1141 temere
759 1085 850 1142 venire
879 1093 934 1141 ten·

140 1185 244 1251 tarerit,
260 1181 378 1239 secundo
398 1177 510 1235 tertiove
522 1174 697 1242 commonita,
712 1175 734 1230 si
748 1190 802 1231 uon
823 1173 935 1230 satista-

139 1275 227 1332 ctione
254 1286 375 1344 congrua
402 1265 594 1335 emendaverit,
610 1264 750 1334 potestatis
774 1263 936 1333 honorisque

142 1364 183 1421 sui
211 1362 342 1436 dignitate
369 1363 476 1422 careat,
502 1370 631 1425 reamque
655 1370 684 1408 se
713 1352 805 1410 dirino
829 1351 936 1422 judicio

987 823 1061 879 cialis
1075 821 1217 893 episcopus
1235 820 1293 876 sine
1316 819 1424 877 licentia
1448 828 1509 890 tua,
1531 821 1574 878 vet
1598 838 1785 878 successomm

987 920 1103 976 tuorum,
1118 909 1302 976 ecclesiarum,
1316 916 1361 966 aut
1374 909 1549 976 clericorum,
1571 910 1614 966 111
1634 910 1786 967 sanctimo-

987 999 1098 1056 nialium
1113 997 1339 1065 consecrationes,
1351 1015 1399 1053 seu
1411 996 1614 1056 benedictiones
1622 1014 1705 1072 agere
1716 1014 1786 1071 prae·

988 1095 1088 1144 sumat.
1106 1086 1165 1143 Nec
1178 1094 1337 1158 potestatem
1359 1086 1457 1144 habeat
1478 1087 1545 1143 inibi
1567 1087 1685 1144 chrisma
1697 1086 1786 1144 conti-

988 1204 1059 1255 cere,
1074 1201 1175 1258 pueros
1188 1185 1331 1242 chrismate
1347 1185 1517 1256 confirmare,
1532 1203 1583 1245 neo
1597 1186 1790 1245 excommuni-

989 1276 1117 1345 cationes,
1133 1283 1179 1331 aut
1193 1275 1375 1331 absolutiones
1398 1275 1497 1334 lacero.
1517 1276 1586 1333 tllud
1611 1276 1693 1334 etiam
1715 1275 1791 1346 adji-

990 1365 1088 1435 cimus,
1100 1372 1130 1421 ut
1142 1366 1170 1420 in
1193 1365 1289 1420 eadem
1312 1364 1440 1436 parochia
1459 1365 1517 1421 sine
1539 1366 1677 1423 voluntate
1701 1373 1791 1423 restra

138 1454 251 1513 existere
279 1449 314 1506 ‘1⁰
340 1453 493 1520 1111111111
519 1443 659 1513 ἰ111111111
685 1449 847 1515 1011011111
871 1449 937 1498 111
991 1454 1091 1527 passim
1114 1454 1302 1526 episcoporum
1325 1454 1483 1510 convocatio
1506 1452 1562 1521 liat,
1588 1453 1638 1511 nisi
1661 1469 1791 1526 compro-

139 1538 317 1600 stcralissim
340 1551 453 1608 1011019
479 1550 510 1589 ³0
538 1531 670 1604 sanguine
699 1530 749 1587 Del
775 1538 802 1586 ⁰²
828 1528 937 1586 ⁰⁰mifli
990 1542 1113 1600 vinciatis
1138 1542 1245 1599 concilii
1261 1542 1380 1612 Graden,
1404 1542 1476 1612 qvod
1497 1550 1524 1599 et
1546 1543 1634 1615 ipsum
1658 1559 1721 1599 cnm
1745 1557 1792 1599 ve·

139 1627 327 1701 Redemitlffl'is
347 1625 430 1680 ”0⁵¹¹'i
453 1624 515 1678 ¹2⁸⁰
543 1621 639 1678 Chrisfi
668 1619 757 1676 “5⁰⁰³
783 1619 938 1689 ᾒὶ11111119
991 1648 1053 1697 strae
1080 1640 1216 1696 charitatis
1237 1640 1401 1697 conscientie
1428 1639 1591 1713 disponant,
1615 1656 1666 1696 nec
1687 1640 1791 1696 ibidem

140 1723 168 1778 in
201 1728 322 1776 extremo
350 1712 474 1771 examine
502 1710 627 1766 districte
654 1708 748 1765 ultioni
779 1708 931 1778 subjaceat.
950 1725 1044 1787 Bnqgi
1058 1745 1106 1802 pm
1125 1729 1251 1802 graviore
1269 1729 1426 1786 necessitate
1449 1730 1627 1786 immoremur
1649 1729 1718 1785 „qm
1740 1737 1793 1785 ter.

141 1809 249 1868 Cunctis
262 1814 353 1863 autern
368 1803 456 1859 eidem
472 1802 532 1857 loeo
548 1800 620 1870 justa
641 1798 818 1861 servantibus,
834 1799 870 1853 sit
883 1814 937 1869 pax

140 1897 249 1956 Domini
272 1894 356 1951 nostri
370 1893 432 1948 Jesu
451 1890 558 1956 Christi,
577 1895 711 1961 quatenus
725 1896 751 1943 et
765 1887 809 1943 hic
823 1886 937 1942 lructum

140 1989 221 2045 bonae
248 1983 361 2041 aetionis
389 1979 546 2053 percipiant,
563 1986 590 2033 et
603 1977 674 2050 apud
693 1976 844 2033 districtum
863 1974 938 2030 tudi-

140 2093 199 2133 cem
214 2074 326 2147 premia
339 2080 446 2128 eternae
464 2068 538 2141 pacis
555 2067 704 2122 inveniant.
729 2068 830 2132 Amen,
847 2079 937 2131 amen,

141 2181 236 2223 emen.

176 2254 237 2326 Ego
251 2250 347 2308 Lucius
361 2247 505 2306 Catholicae
519 2244 647 2303 Ecclesiae
661 2243 815 2317 episeopus.

176 2343 275 2400 Datum
288 2339 411 2397 Laterani
426 2353 475 2410 per
489 2352 598 2392 manum
622 2333 734 2390 Beronis
758 2329 891 2403 capellani
914 2335 941 2384 et

142 2431 290 2504 scriptoris,
317 2444 366 2485 111
395 2425 531 2482 Kalendas
545 2424 665 2496 Aprilis,
689 2421 877 2478 interdictione
891 2436 941 2498 vn,

141 2518 336 2578 iucarnationis
348 2515 497 2572 Dominicae
511 2528 582 2570 anno
600 2514 679 2580 tttt,
695 2508 863 2584 pontificatus
877 2522 941 2564 1111

142 2609 236 2667 domni
250 2607 324 2665 Lucii
338 2605 364 2662 11
379 2620 456 2678 papae
472 2617 543 2659 anno
558 2617 576 2655 1.

511 2752 569 2809 Vll.

144 2882 327 2956 Prtoitepium
344 2896 396 2955 pro
411 2879 530 2937 ecclesio
546 2876 701 2934 olivolensi
713 2890 762 2932 sco
779 2873 942 2932 Cesistione

468 2948 613 3022 (Veneta).

364 3079 453 3147 (Anno
470 3073 640 3142 11111111.
657 3071 721 3143 11.)

290 3173 631 3252 111111111111111111111,
648 3170 681 3237 V,
698 3168 788 3242 1111]

180 3307 282 3362 Luctus
297 3303 447 3373 episcopus,
477 3314 570 3353 servus
597 3311 736 3352 servorum
751 3293 811 3360 Dei,
826 3307 941 3348 venera·

144 3395 193 3450 bili
218 3393 292 3449 tratri
306 3392 350 3447 to.
370 3387 542 3453 Olivetensis,
560 3401 608 3440 eeu
629 3385 791 3441 Casteltanae
814 3381 942 3438 Ecclesiae

145 3483 293 3556 episcopo,
313 3479 425 3549 ejusque
448 3474 649 3531 suecessoribus
679 3473 809 3530 canonice
841 3471 943 3527 substi-

145 3570 251 3626 tuendis
266 3571 295 3623 in
308 3574 459 3638 perpetum.

181 3661 296 3730 AEquum
330 3663 357 3710 et
388 3652 547 3709 rationabile
575 3658 615 3707 est
642 3659 671 3706 ut
697 3658 789 3708 sancta
821 3652 944 3708 Romana

147 3747 278 3815 Ecclesia,
292 3760 354 3816 quae
370 3742 547 3798 Ecclesiamm
562 3741 682 3796 omnium
697 3749 778 3810 caput
792 3748 873 3797 estet
887 3756 945 3796 ma·

149 3837 232 3913 qistra
255 3853 271 3892 a
297 3833 414 3890 Domino
441 3831 601 3895 consituta,
632 3836 760 3899 tanquam
787 3829 830 3902 pia
859 3837 945 3885 mater

146 3943 236 3984 curam
268 3931 294 3980 ct
324 3920 530 3979 solticitudinem
546 3919 654 3985 habeat,
670 3927 697 3973 et
710 3934 756 3974 cas
769 3934 785 3974 a
800 3934 944 3990 pravorum

148 4015 287 4072 bominum
303 4011 435 4069 molestiis
458 4009 571 4080 provida
592 4006 832 4078 circumspectione
852 4015 945 4063 custo-

148 4105 213 4161 diat.
231 4101 346 4160 Proinde
360 4116 419 4166 nos,
431 4100 479 4169 qui
494 4098 556 4154 licet
569 4096 674 4169 indigni
688 4097 749 4152 loco
759 4097 789 4151 B.
802 4097 872 4152 Petri
881 4111 946 4168 apo·

146 4205 274 4262 stolorum
290 4198 429 4271 principis,
444 4196 603 4266 disponente
630 4193 757 4263 Domino,
782 4195 943 4264 residemus,

149 4293 244 4350 iratres
268 4298 375 4346 nostros
401 4285 545 4357 episcopos
572 4282 664 4339 debita
686 4282 852 4356 benignitate
880 4282 945 4338 diti·

148 4398 222 4455 gere,
238 4388 265 4436 et
278 4377 398 4435 eeclesiis
423 4374 473 4430 sibi
500 4373 654 4430 commissis
680 4389 729 4427 sua
756 4373 888 4429 debemus
909 4389 946 4430 ex

992 1818 1081 1874 minos
1112 1834 1129 1874 a
1161 1818 1310 1874 canonibus
1341 1819 1514 1875 constitutos.
1551 1820 1685 1875 Praeterea
1705 1819 1794 1874 nrrltus

992 1923 1086 1964 eorum
1109 1907 1167 1962 sine
1190 1907 1299 1962 licentia
1320 1915 1409 1963 vestra
1435 1907 1533 1964 audeat
1553 1906 1674 1964 ecelesia
1696 1916 1794 1965 vcstrae

993 1996 1113 2063 clericos,
1130 2002 1177 2050 ant
1190 1995 1254 2063 illic,
1279 2003 1324 2050 aut
1347 1995 1413 2051 alibi
1435 1995 1573 2064 ordinare,
1599 1996 1643 2054 111
1665 1996 1793 2066 retinere,

993 2108 1043 2149 nec
1068 2092 1250 2164 parochianos
1273 2108 1340 2162 quos
1362 2091 1428 2147 tibet
1446 2092 1589 2161 judicare,
1613 2108 1702 2163 neque
1729 2107 1794 2148 suos

993 2181 1021 2237 in
1041 2189 1129 2237 vestra
1155 2181 1270 2237 ecclesia
1297 2181 1410 2237 clericos
1436 2180 1614 2248 constituere,
1644 2196 1733 2252 neque
1758 2181 1793 2237 da

993 2270 1110 2342 publicis
1122 2269 1280 2326 criminibus
1291 2269 1463 2342 poenitentias
1477 2270 1612 2334 indicere;
1637 2285 1719 2342 porro
1737 2275 1794 2325 tam

994 2359 1122 2415 11111111
1148 2358 1276 2424 ecclesie,
1299 2374 1380 2429 quam
1401 2366 1506 2416 cetere
1527 2358 1659 2428 eeclesiae,
1683 2359 1727 2415 111
1751 2374 1795 2416 11·

995 2457 1136 2512 etesiarum
1151 2456 1242 2513 clerici
1257 2457 1326 2512 inter
1349 2456 1472 2512 eamdem
1499 2456 1657 2529 parochiam
1676 2456 1728 2512 sub
1748 2471 1795 2514 11·

995 2552 1049 2601 stra
1074 2545 1228 2603 obedientia
1255 2554 1281 2601 et
1307 2545 1483 2618 dispositione
1511 2545 1669 2602 consistant.
1698 2544 1797 2602 inobe-

995 2635 1098 2691 dientes
1111 2651 1176 2691 rero
1187 2635 1266 2705 juxta
1275 2643 1427 2691 sanctorum
1438 2650 1572 2691 canonum
1579 2635 1733 2690 mactiones
1742 2641 1797 2690 tote

995 2724 1134 2796 potestatis
1148 2731 1324 2780 coerceantur
1336 2723 1457 2780 arbitrio.
1478 2724 1551 2781 Sane
1568 2723 1603 2780 de
1625 2722 1797 2780 monasteriis

996 2813 1046 2870 SS.
1061 2813 1167 2880 Hilarii,
1184 2813 1307 2885 Georgii,
1332 2812 1447 2879 11111111,
1465 2812 1497 2869 S.
1516 2812 1621 2882 Crucis,
1637 2812 1667 2869 S.
1689 2813 1797 2869 Zacha-

993 2910 1051 2977 riae,
1067 2911 1096 2966 S.
1112 2910 1256 2976 Laurentii,
1273 2910 1305 2965 S.
1325 2909 1438 2978 Erasini,
1465 2910 1493 2965 S.
1520 2908 1639 2978 Serruli,
1665 2908 1796 2965 eamdem

996 2999 1075 3057 robis
1089 2999 1271 3055 obedientiam
1286 3014 1446 3070 pemranere
1458 2999 1605 3067 sancimus,
1627 3014 1709 3069 quem
1723 3014 1797 3070 prae·

954 3080 1149 3145 Cdecessores
1176 3087 1257 3146 vestri
1284 3088 1430 3143 obtinuisse
1454 3095 1613 3144 noscuntur.
1637 3088 1718 3144 Porro
1741 3087 1796 3143 ab·

995 3179 1072 3234 bates
1093 3178 1121 3232 in
1135 3184 1225 3234 vestra
1247 3177 1375 3247 parochia
1396 3177 1531 3233 constituti
1552 3175 1676 3247 publicas
1697 3175 1797 3232 missas

996 3265 1024 3322 in
1038 3267 1157 3322 ecclesiis
1172 3283 1227 3322 non
1241 3266 1297 3321 suis
1320 3267 1432 3321 minimo
1455 3265 1592 3321 celebrare
1613 3273 1793 3335 praesumant.

996 3366 1137 3422 Saneimus
1158 3366 1248 3434 etiarn,
1266 3374 1295 3421 ut
1309 3366 1358 3436 itti,
1374 3365 1419 3436 qni
1439 3366 1465 3420 in
1490 3371 1578 3422 111111
1600 3365 1730 3435 parochia
1752 3380 1798 3420 es·

996 3454 1071 3510 sidue
1104 3461 1324 3520 commorantur,
1349 3461 1376 3509 et
1406 3452 1504 3524 quibus
1529 3460 1582 3509 tem
1607 3452 1690 3524 ipsis,
1713 3467 1799 3522 quam

996 3559 1089 3600 eorum
1123 3543 1232 3598 familiis
1263 3542 1414 3614 spiritualia
1441 3541 1650 3609 administratis,
1677 3540 1801 3598 decimas

996 3632 1076 3690 robis
1108 3632 1210 3702 absque
1238 3631 1352 3700 alicujus
1383 3630 1594 3687 contradictione
1625 3630 1795 3703 persolvent.

997 3721 1175 3778 Prohibemus
1189 3727 1289 3788 autem,
1306 3728 1335 3776 ut
1349 3721 1437 3776 nullus
1450 3720 1607 3793 episcopus,
1633 3719 1722 3776 nullus
1749 3719 1800 3774 ab·

997 3811 1056 3877 bes,
1072 3810 1112 3866 eis
1127 3817 1180 3866 tem
1195 3810 1270 3866 sanis
1288 3825 1368 3880 quam
1383 3807 1497 3864 infirmis
1524 3808 1631 3883 publice
1659 3807 1801 3879 poeniten-

998 3908 1061 3963 tiam
1076 3907 1217 3980 injungere
1232 3906 1310 3963 robis
1327 3905 1494 3974 inconsultis,
1512 3905 1562 3961 nisi
1588 3905 1657 3961 torte
1682 3911 1800 3978 urgente

998 3998 1092 4054 mortis
1105 3996 1228 4063 articulo,
1244 3996 1352 4051 audeat.
1373 3995 1413 4050 Ad
1428 3994 1486 4052 haec
1500 3994 1658 4064 adjicientes
1670 3993 1801 4050 decerni-

1001 4103 1080 4154 mus,
1114 4093 1144 4141 ut
1175 4100 1351 4156 quascunque
1391 4084 1595 4156 possessiones,
1629 4097 1800 4154 quaecunque

999 4182 1072 4239 bona
1085 4182 1180 4238 eadem
1193 4182 1313 4237 Ecclesia
1332 4180 1359 4236 ia
1384 4181 1584 4252 presentiarum
1602 4179 1672 4249 juste
1699 4194 1732 4235 ac
1755 4180 1801 4236 le·

1000 4273 1094 4347 gitime
1108 4270 1238 4343 possidet,
1255 4271 1342 4327 autin
1357 4270 1476 4327 laturum
1495 4270 1634 4335 canonice,
1653 4276 1802 4340 praestante

1001 4361 1127 4428 Domino,
1143 4361 1240 4433 poterit
1254 4360 1375 4430 adipisci,
1391 4359 1468 4415 1111111
1482 4359 1540 4427 tibi,
1565 4359 1669 4428 tuisque
1692 4373 1802 4415 succes·

148 4471 270 4540 injungit,
284 4467 362 4524 mbis
385 4482 401 4521 a
423 4464 481 4520 neo
506 4462 671 4532 apostolatus
693 4460 782 4518 officio
803 4463 865 4533 jum
885 4479 946 4518 ser.
958 4436 986 4500 D
1000 4450 1105 4508 sonibus
1122 4451 1331 4521 inperpetuum,
1347 4456 1373 4504 et
1387 4449 1545 4503 intemerata
1559 4454 1744 4520 permaneant.

149 4575 225 4618 rare.
255 4559 314 4612 Hoc
337 4554 464 4609 nimirum
487 4551 626 4607 charitatis
656 4550 753 4606 intuitu
784 4551 946 4608 venerabilis

149 4648 233 4704 irater
245 4646 287 4702 to.
302 4645 437 4716 episcope,
454 4641 505 4697 tuis
518 4638 695 4696 rationalibus
720 4639 945 4710 postulationibus

149 4738 295 4793 clementer
313 4733 465 4796 annuimus,
481 4737 508 4785 et
521 4727 703 4785 Otirolensem
727 4727 881 4795 ecetesiam,
901 4729 945 4785 cui

149 4827 208 4883 Deo
221 4833 329 4881 auctore
357 4820 495 4895 praesides,
514 4817 669 4889 apostoticae
700 4817 772 4872 sedis
802 4817 945 4890 privilegio

149 4915 275 4971 duximus
289 4911 475 4967 muniendam.
496 4907 655 4963 Sanctorum
671 4905 771 4978 qnippe
788 4904 944 4977 pontificum

150 5003 264 5061 decretis
295 5008 400 5058 constat
432 5014 490 5055 esse
508 5003 651 5061 statutum,
678 5002 706 5050 ut
731 5011 811 5051 nemo
835 4995 945 5051 alterius

151 5093 277 5149 terminos
289 5097 408 5159 usurpet,
424 5103 475 5143 nec
488 5083 596 5142 alterius
609 5083 790 5154 parochianos
810 5083 943 5155 judicare,

1035 4558 1063 4614 Si
1079 4557 1138 4630 quis
1153 4556 1234 4629 igitur
1255 4556 1282 4609 in
1307 4562 1442 4627 postemm
1467 4555 1530 4610 huic
1552 4562 1649 4610 nostrae
1668 4553 1801 4610 constitu·

1000 4648 1065 4703 tioni
1087 4655 1187 4702 temere
1210 4644 1344 4701 contraire
1368 4645 1518 4714 tentaverit,
1543 4644 1661 4700 secundo
1686 4643 1801 4700 tertiare

999 4735 1187 4803 commonitos,
1203 4734 1225 4788 si
1250 4751 1305 4791 non
1331 4734 1513 4791 satisfactione
1527 4749 1648 4806 congrua
1667 4733 1801 4788 emenda-

998 4819 1082 4886 verit,
1112 4821 1251 4890 potestatis
1279 4819 1440 4889 honorisque
1468 4818 1508 4873 sui
1537 4817 1668 4890 dignitate
1697 4825 1801 4884 careat,

998 4925 1128 4980 reumque
1150 4925 1180 4965 se
1203 4908 1294 4964 divino
1323 4906 1426 4978 judicio
1457 4907 1571 4963 existere
1591 4907 1626 4962 de
1644 4913 1802 4978 perpetrata

999 4998 1138 5070 iniquitate
1159 5005 1330 5071 cognoscat,
1357 5004 1383 5052 et
1405 5014 1419 5050 a
1444 4995 1611 5052 sanctissimo
1636 5010 1749 5066 corpore
1774 5002 1804 5050 et

998 5088 1129 5159 sanguine
1148 5087 1197 5142 Dei
1220 5095 1245 5140 et
1268 5085 1377 5142 Domini
1401 5084 1589 5154 ltertemptoris
1619 5083 1703 5140 nostri
1735 5082 1801 5139 lesu

151 5188 196 5238 aut
209 5178 444 5235 excommunicare
471 5180 632 5248 praesumat,
660 5179 688 5227 ut
716 5172 805 5228 nultus
831 5173 943 5245 primas,
998 5175 1097 5231 Christi
1120 5172 1292 5239 alienusliat,
1309 5180 1388 5244 atque
1410 5172 1438 5227 in
1460 5180 1580 5227 extremo
1606 5170 1800 5227 1111111111ᾱί-

150 5270 238 5325 nottus
253 5264 487 5334 metropolitanus,
519 5263 607 5318 nutius
633 5276 753 5331 unquam
780 5262 945 5332 reliquorum
998 5263 1095 5318 strictae
1109 5262 1202 5318 ultioni
1218 5262 1368 5333 subjaceat.
1393 5262 1503 5318 Cunctis
1527 5269 1617 5317 autem
1639 5259 1730 5316 eidem
1744 5259 1801 5315 Ec·

150 5358 336 5429 episcoporum
368 5351 726 5417 alterinsadeatcivitntem,
743 5359 788 5406 eut
815 5351 851 5406 ad
877 5368 945 5423 pos·
998 5351 1087 5408 clesiae
1120 5368 1169 5407 sua
1187 5351 1250 5422 jura
1273 5350 1443 5407 servantibus
1465 5350 1499 5406 sit
1527 5367 1581 5421 pax
1599 5350 1635 5405 D.
1664 5349 1703 5407 N.
1735 5348 1801 5405 Jesu

149 5445 295 5504 sessionem
329 5442 447 5508 accedat,
462 5457 523 5513 quae
545 5440 580 5496 ad
602 5455 664 5497 eum
688 5455 743 5496 non
764 5440 893 5513 pertinet,
919 5449 947 5498 et
997 5439 1105 5510 Christi,
1121 5448 1252 5511 quatenus
1266 5439 1349 5496 ethic
1363 5439 1478 5496 fructum
1504 5439 1584 5496 bons
1606 5437 1719 5496 aetionis
1731 5453 1800 5509 per·

150 5535 258 5593 atterius
282 5530 402 5606 episcopi
417 5537 458 5586 est
470 5529 622 5601 parochiae,
644 5545 726 5603 super
746 5529 870 5602 cuiquam
893 5529 947 5586 dis·
998 5529 1108 5603 cipiant,
1124 5537 1151 5585 et
1165 5529 1237 5602 apud
1250 5527 1531 5585 districtumtudioem
1555 5527 1670 5601 praemia
1691 5534 1801 5585 1111111

149 5623 299 5700 positione,
321 5620 373 5677 nisi
394 5623 506 5680 vocetur
519 5616 554 5673 ab
569 5632 619 5688 eo,
640 5617 717 5689 cujus
735 5615 805 5688 juris
828 5633 887 5676 esse
903 5633 949 5677 no·
999 5618 1076 5694 pacis
1091 5618 1239 5678 invenient.
1259 5621 1359 5675 11111.
