3750 6000
114 183 167 237 893

706 184 883 243 El‘lSTOLAE
902 183 948 241 itt
966 181 1180 242 Pittvtttctt.

1712 185 1766 245 896

112 304 248 379 impertiri
265 304 436 384 suffragium.
452 311 616 384 Eapropter,
631 311 737 369 dilertae
751 312 778 368 in
793 312 912 369 Domino
927 311 956 375 Α
1006 311 1105 367 Datum
1120 311 1249 367 Laterani
1267 327 1318 383 per
1332 328 1442 370 manum
1456 313 1577 379 Bnronis,
1592 319 1695 370 sanctae
1708 313 1766 370 llo·

115 394 190 463 filiae,
216 398 383 455 venerabilis
406 400 596 459 iratrisnostri
624 402 748 458 hiberiei
775 401 912 457 Ostiensis

114 485 240 558 episcopi
254 488 384 558 precibus
397 490 529 557 inclinati,
545 491 643 546 vestris
660 491 742 561 justis
756 490 912 563 postulatio·

112 574 195 630 uibus
214 576 364 633 clementer
385 579 538 647 annuimus,
564 591 588 634 et
613 580 752 651 praelatum
773 588 911 635 monoste-

113 663 186 720 riom
201 665 229 720 in
243 682 298 740 quo
321 667 415 724 divino
429 669 595 740 mancipatae
618 669 683 724 estis
706 669 841 741 obsequio
862 668 913 724 sub

114 752 189 809 beati
204 753 274 810 Petri
289 764 316 811 et
329 763 423 812 nostra
436 757 604 829 protectione
619 758 790 830 suscipimus,
807 766 832 814 et
846 772 914 830 prra-

111 851 200 908 sentis
215 852 309 924 scripti
324 852 470 926 privilegio
484 856 702 925 communimus,
719 859 869 912 statuentes
884 863 913 912 ut

110 955 289 1014 quascunque
317 944 519 1013 possessiones,
548 961 716 1017 quaeeunque
745 946 815 1001 bona
839 945 911 1001 idem

111 1031 314 1086 monasterium
329 1031 573 1104 impraesentiarum
585 1034 656 1102 juste
670 1042 695 1088 et
706 1034 837 1091 canonice
853 1050 912 1106 pos

112 1118 192 1186 sidet,
209 1128 256 1175 aut
269 1119 297 1174 in
311 1120 432 1176 futurum
448 1122 625 1178 concessione
639 1122 806 1193 pontiiieurn,
824 1123 914 1196 largi·

111 1208 186 1263 tione
201 1224 298 1282 regum
313 1210 356 1265 vel
370 1211 535 1282 principum,
561 1211 699 1268 oblatione
720 1211 849 1279 fidelium,
866 1228 914 1268 sen

111 1305 171 1361 aliis
187 1307 285 1375 modis,
298 1307 356 1363 Deo
372 1308 499 1381 propitio,
510 1311 609 1380 poterit
617 1310 741 1381 adipisci,
751 1309 827 1365 iirma
837 1310 914 1367 robis

111 1395 268 1468 vestrisque
297 1397 506 1453 succedentibus
536 1407 564 1455 et
591 1399 695 1455 illibata
720 1404 909 1471 permaneant.

113 1483 295 1540 Concordiam
323 1494 413 1541 autern
436 1504 496 1559 quse
519 1487 589 1544 inter
616 1504 665 1544 vos
684 1497 710 1544 et
731 1487 913 1544 venerabilem

112 1571 227 1629 fratrem
242 1582 363 1630 nostrum
379 1576 543 1632 bleldensem
559 1577 728 1649 episcopum,
740 1594 774 1633 ex
785 1577 914 1634 mandato

965 416 1053 456 manae
1068 400 1199 457 Ecclesiae
1222 400 1394 469 subdiaconi,
1409 418 1440 458 ur
1455 402 1569 459 Kalend.
1597 402 1678 468 iunii,
1694 401 1766 458 indi·

965 489 1054 544 etiono
1071 489 1197 560 septima,
1220 490 1420 548 iucarnationis
1434 491 1584 548 Dominicis
1597 506 1670 548 anno
1686 490 1764 559 titt,

966 578 1140 649 pontificatus
1159 595 1224 636 vero
1246 581 1342 636 domni
1368 582 1441 639 Lucii
1462 597 1541 654 papae
1559 580 1672 637 secundi
1695 595 1767 639 anno

966 682 1065 740 primo.

1335 778 1401 833 LIV.

968 881 1125 938 Ecclesiam
1137 883 1165 940 S.
1184 884 1262 941 Petri
1276 887 1461 942 Ferentinum
1483 883 1621 941 tuendam
1636 883 1766 957 srtsctptt,

1003 955 1260 1028 ervuonirornmqne
1296 960 1464 1014 accessiones
1482 973 1515 1013 nc
1531 956 1681 1028 privilegia
1698 971 1767 1012 ron·

1004 1024 1114 1094 firrnnt,
1125 1031 1240 1098 petente
1254 974 1380 1086 alberico
1393 1032 1519 1100 episcopo
1537 1028 1673 1084 Ostiensi.

1211 1134 1301 1204 (huno
1317 1135 1395 1203 tttt,
1410 1136 1471 1190 lun.
1487 1132 1526 1207 i.)

1121 1238 1266 1312 {Uarianae
1284 1243 1368 1298 ltalia
1383 1259 1477 1312 sacro,
1494 1244 1529 1312 ll,
1545 1241 1617 1315 itta]

1005 1344 1107 1403 Luctus
1122 1346 1279 1419 episcopus,
1301 1364 1399 1405 serras
1423 1364 1566 1405 serrorum
1582 1349 1643 1416 Dei,
1660 1344 1768 1404 dilectis

968 1430 1030 1488 filiis
1050 1434 1177 1491 anosro
1208 1436 1362 1493 Faventinae
1398 1437 1529 1495 Ecclesiae
1565 1436 1768 1505 archidiacono,

970 1522 1064 1578 Panno
1086 1525 1336 1598 archipresbytero,
1366 1542 1518 1599 eommquo
1542 1525 1683 1592 iratribus,
1709 1533 1766 1581 tana

973 1613 1154 1682 presentibus
1175 1630 1256 1686 quam
1281 1614 1385 1682 laturis,
1411 1616 1438 1671 in
1458 1616 1555 1672 eadem
1570 1614 1694 1672 Ecclesia
1708 1613 1770 1672 loco

113 1662 326 1733 predecessoris
337 1665 420 1720 nostri
431 1665 516 1722 ielicis
526 1667 664 1723 memorie
675 1684 754 1738 papa:
763 1667 915 1730 iunocentii
930 1692 956 1754 B
973 1715 1066 1757 eorum
1083 1702 1278 1760 subsliwendis
1290 1705 1317 1759 in
1328 1714 1499 1777 perpeluum·

114 1768 166 1823 per
186 1753 359 1809 venerabiles
386 1754 483 1810 iratres
507 1767 617 1811 nostros
646 1757 808 1812 Gausrirlum
834 1758 913 1812 Cata·

114 1841 274 1897 laudensem
291 1851 317 1896 et
333 1843 475 1916 hugonem
490 1844 752 1901 autissiodorensem
769 1845 913 1917 episcopos

115 1932 315 1987 rationabiliter
334 1932 407 1988 lacta
433 1943 484 2000 est,
508 1943 534 1989 et
548 1935 583 1989 ab
599 1935 695 1990 eodem
710 1935 912 2005 praedecessore

115 2037 212 2084 nostro
240 2028 412 2096 confirmata,
433 2032 562 2102 prasenti
587 2032 689 2103 scripto
711 2032 859 2100 firmamus,
886 2040 913 2088 et

114 2117 150 2174 ab
158 2124 275 2189 utraque
286 2126 362 2189 parte
373 2121 479 2174 serrari
491 2123 636 2176 sarteimus.
651 2122 830 2177 Decernimus
844 2138 912 2196 ergo

113 2217 142 2264 ut
163 2208 233 2264 nulli
253 2208 365 2264 omnino
380 2209 518 2263 hominum
535 2210 615 2266 liceat
627 2211 682 2281 jam
703 2211 802 2265 dietum
818 2227 913 2267 moun·

114 2297 230 2354 sterium
250 2306 354 2354 temere
378 2299 547 2369 perturbare,
573 2309 620 2354 snt
640 2300 700 2370 eius
723 2299 914 2371 possessiones

115 2385 234 2456 auferre,
250 2387 294 2442 rel
309 2386 416 2441 ablatas
433 2387 561 2454 retinere,
582 2389 715 2457 minuere,
723 2397 768 2443 aut
779 2388 914 2462 aliquibus

115 2475 310 2532 vexationibus
334 2475 471 2548 latigare;
496 2477 544 2531 sed
570 2477 662 2533 omnia
676 2478 782 2550 integra
797 2494 913 2534 conser—
988 2524 993 2534 .

115 2574 213 2622 ventur
227 2565 337 2633 vestris,
354 2574 490 2621 eteorum
515 2582 565 2637 pro
587 2583 701 2639 quorum
716 2567 914 2637 gubernatione

114 2663 141 2711 et
152 2654 351 2711 sustentatione
373 2670 501 2711 concessa
524 2665 596 2722 sunt,
628 2656 723 2711 usibus
749 2656 915 2712 omnimodis

114 2743 266 2816 profutura,
284 2744 358 2799 salva
378 2743 526 2799 diaecesani
549 2745 672 2816 episcopi
688 2746 820 2801 canonica
831 2746 913 2815 justi·

113 2833 152 2888 tia
165 2843 193 2889 et
207 2833 366 2903 apostolicae
390 2832 466 2889 sedis
485 2834 659 2889 surtoritste.
680 2835 708 2891 Si
724 2850 777 2907 qua
791 2834 873 2906 igitur
886 2835 914 2891 ia

112 2921 233 2977 laturum
248 2922 435 2978 ecclesiastica
450 2923 625 2978 saecularisve
643 2939 770 2990 persons,
783 2924 851 2981 banc
862 2939 913 2980 uo·

112 3019 177 3067 strar
187 3011 522 3084 constitutionispnginom
534 3011 731 3079 sciens,contra
739 3028 798 3069 eam
810 3021 913 3069 temera
928 3031 954 3097 ρ

114 3099 209 3156 venire
230 3101 383 3167 tentaverit,
409 3101 530 3156 secundo
550 3101 665 3157 tertiora
689 3102 863 3167 commonita,
890 3102 914 3158 si

115 3203 170 3245 non
196 3188 379 3245 satisfactione
403 3205 526 3262 congrua
552 3189 745 3259 emendaverit,
775 3190 915 3262 potestatis

114 3287 282 3361 honorisque
303 3289 346 3344 sui
372 3289 504 3362 dignitate
518 3296 618 3352 eareat,
634 3305 762 3362 reamque
776 3306 806 3345 se
821 3289 915 3347 divino

110 3375 217 3447 judicio
231 3376 357 3432 existere
378 3376 412 3432 de
433 3386 584 3449 perpetrata
599 3377 740 3451 iniquitate
754 3385 914 3450 cognoscat,

113 3472 141 3522 et
155 3482 171 3520 a
189 3465 374 3522 sacratissimo
389 3481 505 3536 corpore
519 3482 552 3522 ac
566 3468 699 3538 sanguine
710 3467 760 3522 Dei
771 3476 796 3523 et
806 3466 915 3523 Domini

113 3554 308 3626 Redemptoris
336 3554 420 3610 nostri
441 3555 508 3610 Jeso
526 3554 627 3610 Christi
649 3554 739 3610 aliena
758 3553 814 3619 hat,
834 3564 914 3626 atque

111 3643 141 3698 in
168 3651 292 3700 extremo
320 3643 446 3699 examine
474 3643 605 3700 districta
633 3643 730 3698 ultioni
759 3644 913 3714 subjaceat.

112 3732 225 3789 Cunctis
245 3739 335 3787 autem
350 3731 441 3788 eidem
461 3732 521 3789 loeo
532 3732 607 3802 justa
622 3732 797 3788 servantibus
813 3733 847 3788 sit
862 3748 914 3803 pax

109 3828 219 3885 Domini
234 3829 321 3884 nostri
335 3829 399 3884 lesu
413 3828 522 3894 Christi,
539 3836 674 3900 quatenus
689 3837 717 3883 et
732 3827 776 3884 hic
794 3828 914 3884 huetum

111 3918 192 3974 boare
213 3917 330 3973 actionis
354 3917 515 3988 percipiant,
532 3926 558 3972 et
574 3918 646 3989 apud
672 3916 823 3972 districtum
836 3917 913 3989 judi-

110 4022 172 4064 cem
188 4007 305 4079 praemia
317 4014 425 4061 aetemae
440 4007 515 4076 pacis
530 4006 678 4061 inveniant.
695 4008 792 4062 hmeu.

147 4103 210 4175 Ego
225 4104 324 4159 Lucius
339 4101 481 4159 catholice
497 4103 632 4158 Ecclesia
647 4103 797 4173 episcopus
816 4118 841 4159 s.

148 4193 209 4265 Ego
223 4192 366 4249 Conradus
381 4191 540 4247 Sabinensis
555 4191 702 4263 episcopus
717 4208 741 4247 s.

149 4282 210 4354 Ego
224 4280 426 4337 Theodevrinus
443 4281 550 4336 Sancta
566 4278 668 4335 livriinae
681 4280 828 4354 episcopus
842 4299 867 4337 s.

149 4371 207 4443 ligo
222 4369 363 4425 rllbericus
377 4368 512 4424 Ostiensis
528 4369 672 4440 episcopus
687 4386 710 4424 s.

146 4460 207 4532 ligo
222 4461 336 4513 Incarus
346 4456 520 4512 Tusculanus
537 4457 687 4528 episcopus
701 4474 727 4513 s.

147 4549 208 4622 Ego
222 4546 371 4620 Gregorius
394 4545 563 4618 presbyteris
587 4546 735 4604 cardinalis
765 4546 835 4602 tituli
858 4546 914 4602 Ca-

111 4637 169 4693 litti
183 4654 210 4692 s.

147 4734 208 4804 Ego
223 4733 343 4788 Thomas
357 4731 501 4803 presbyter
516 4731 591 4786 eard.
608 4731 651 4786 tit.
670 4730 791 4787 Vestinas
806 4747 832 4786 s.

149 4823 207 4893 Ego
221 4821 361 4877 Gilbertus
376 4821 519 4892 presbyter
534 4821 610 4876 card.
628 4820 668 4874 tit.
684 4820 716 4875 S.
733 4819 815 4876 llarci
831 4837 854 4874 s.

147 4912 208 4982 Ego
223 4909 314 4967 Guido
328 4908 473 4981 presbyter
486 4908 562 4964 card.
578 4908 646 4964 tituli
666 4908 716 4968 SS.
734 4908 871 4965 Laurentii
887 4916 914 4965 et

112 4999 224 5057 Damasi
239 5015 262 5056 s.

149 5100 208 5171 Ego
222 5098 271 5153 Bb.
295 5096 426 5154 diaconus
442 5095 592 5153 cardinalis
615 5096 669 5154 SS.
688 5095 780 5170 Sergii
801 5102 828 5153 et
843 5095 913 5154 liac-

112 5187 155 5244 ebi
169 5204 193 5243 s.

146 5286 208 5360 Ego
219 5285 308 5342 (luiso
319 5284 534 5342 diaconuscard.
544 5284 593 5341 SS.
601 5285 707 5341 Cosmae
717 5291 744 5339 et
754 5283 876 5341 Damiani
887 5301 913 5341 s.

150 5376 210 5449 ligo
225 5374 348 5431 loannes
362 5375 438 5431 diac.
458 5374 538 5430 eard.
553 5373 642 5430 Sancti
658 5373 768 5429 Adriani
783 5391 807 5431 s.

149 5481 383 5555 Egoltsdulphus
404 5481 511 5538 diacon.
536 5479 679 5536 cardinalis
703 5481 810 5537 Sanctae
823 5480 913 5538 lucia

113 5573 141 5631 in
153 5570 238 5645 Septo
252 5570 324 5627 Solis
337 5587 365 5627 s.

1002 1800 1042 1856 hd
1058 1803 1111 1857 hoc
1127 1802 1155 1857 in
1171 1802 1329 1873 apostoticae
1350 1803 1492 1878 dignitatis
1516 1802 1636 1875 specula,
1651 1800 1769 1859 Domino
1863 1842 1866 1847 -

967 1888 1113 1963 largiente,
1134 1893 1252 1963 promoti
1276 1909 1378 1956 sumus,
1395 1901 1424 1947 ut
1439 1892 1625 1949 Ecclesiarum
1651 1889 1767 1959 utilitati,

967 1988 994 2035 et
1009 1981 1092 2050 quieti
1108 1988 1218 2052 paterna
1233 1981 1415 2038 sollicitudine
1430 1981 1633 2053 provideamus,
1649 1987 1677 2037 et
1691 1994 1769 2035 susm

966 2070 1063 2142 coique
1076 2069 1219 2140 justitiam,
1238 2077 1324 2125 ratam
1336 2070 1520 2144 illibatamque
1538 2086 1692 2126 servemus.
1710 2069 1768 2124 Ea·

966 2166 1087 2229 propter,
1105 2158 1197 2215 dilecti
1212 2160 1238 2214 in
1253 2159 1369 2215 Domino
1380 2158 1437 2224 titii,
1447 2159 1544 2215 vestris
1555 2159 1638 2229 justis
1648 2157 1769 2227 postula·

967 2247 1087 2303 tionibus
1102 2247 1252 2305 ciementer
1267 2256 1430 2317 annuentes,
1441 2257 1469 2304 et
1481 2250 1510 2304 li.
1524 2249 1596 2304 Petri
1610 2246 1766 2314 ecclesiam,

967 2336 994 2392 in
1009 2352 1064 2409 qua
1079 2338 1170 2393 divino
1184 2337 1331 2409 mancipati
1343 2337 1407 2395 estis
1421 2337 1564 2409 obsequio,
1575 2337 1626 2392 sub
1641 2334 1767 2407 ejusdem

968 2426 1155 2497 apostolorum
1175 2427 1320 2498 Principis,
1338 2434 1364 2483 et
1379 2435 1473 2483 nostra
1491 2425 1661 2498 protectione
1675 2422 1767 2481 susci-

967 2540 1066 2596 pimus,
1081 2531 1108 2580 et
1118 2525 1260 2595 presentis
1270 2525 1364 2595 scripti
1386 2523 1539 2597 patrocinio
1549 2522 1762 2581 communimus.

968 2614 1126 2670 Statuentes
1141 2622 1170 2669 ut
1184 2629 1363 2688 quascunque
1378 2612 1578 2684 possessiones,
1597 2626 1769 2685 quaeonnque

968 2701 1041 2757 bona
1056 2702 1311 2774 impresentiarum,
1337 2701 1545 2775 quomodolibet
1565 2701 1629 2772 jure
1653 2699 1768 2773 praelata

968 2791 1090 2847 Ecclesia
1106 2791 1240 2864 possidet,
1259 2799 1306 2847 aut
1327 2791 1354 2847 in
1371 2791 1487 2847 sutorum
1502 2789 1681 2847 concessione
1695 2804 1768 2860 pon-

968 2879 1081 2948 tificum,
1103 2879 1247 2949 largitione
1270 2897 1365 2954 regum
1389 2880 1433 2938 vel
1452 2879 1614 2951 principum,
1630 2877 1769 2935 oblatione

969 2976 1098 3047 fidelium,
1114 2977 1172 3035 sive
1197 2978 1258 3035 aliis
1272 2977 1482 3035 rationabilibus
1503 2977 1602 3046 modis,
1623 2981 1769 3049 prestante

968 3066 1098 3132 Domino,
1124 3067 1222 3138 poterit
1245 3067 1371 3138 adipisci,
1392 3065 1470 3121 iirma
1497 3065 1585 3131 vobis,
1617 3065 1769 3135 vestrisque

968 3155 1184 3221 successoribus,
1198 3164 1224 3212 et
1233 3154 1337 3212 illibata
1354 3162 1541 3228 permaneant.
1555 3153 1695 3226 inquibus
1708 3155 1768 3210 hec
1865 3180 1868 3185 ·

968 3253 1086 3324 propriis
1107 3253 1237 3309 duximus
1258 3254 1435 3326 exprimenda
1458 3251 1598 3310 vocabulis
1622 3269 1629 3307 :
1659 3249 1769 3324 plebem

969 3342 997 3396 S.
1015 3342 1088 3397 Petri
1107 3342 1135 3397 in
1160 3343 1279 3409 Lacuna,
1306 3358 1366 3400 cum
1387 3342 1514 3398 omnibus
1530 3340 1668 3410 adipsum
1683 3338 1769 3411 perti·

968 3431 1105 3498 nantibus,
1121 3433 1294 3489 medietatem
1309 3431 1398 3504 plebis
1414 3432 1444 3490 S.
1460 3431 1577 3487 Andreas
1596 3429 1623 3485 in
1638 3426 1770 3502 Panigala

968 3541 1030 3582 oum
1045 3528 1172 3584 omnibus
1184 3528 1355 3599 perinanis
1365 3527 1584 3595 suis,ecclesiam
1601 3527 1630 3584 S.
1646 3524 1771 3582 Christo-

968 3615 1047 3686 phori
1062 3617 1198 3688 martyris,
1222 3617 1295 3673 dicta
1310 3625 1432 3675 castrum
1451 3615 1596 3689 Quartulli,
1622 3613 1770 3672 ecclesiam

969 3703 997 3759 S.
1023 3704 1122 3760 hudrae
1146 3705 1173 3760 in
1201 3705 1367 3773 Casansnla,
1402 3704 1546 3762 ecclesiam
1566 3705 1599 3761 S.
1626 3702 1720 3760 blasina
1742 3700 1770 3757 in

968 3791 1133 3849 llorlasaho.
1154 3794 1287 3850 Praeterea
1302 3798 1448 3852 hrcustnm
1463 3793 1607 3864 majorem,
1630 3800 1657 3849 et
1678 3789 1771 3847 mino·

969 3898 1037 3947 rem,
1055 3881 1229 3939 Fermilinom
1243 3884 1389 3955 majorem,
1401 3888 1430 3938 et
1444 3883 1578 3938 minorent
1593 3897 1654 3938 cnm
1670 3895 1772 3952 appen-

967 3970 1042 4027 ditiis
1056 3968 1124 4036 suis,
1148 3970 1272 4028 videlicet
1299 3971 1430 4038 Fabriati,
1453 3972 1564 4027 llorena
1586 3985 1649 4026 cum
1672 3982 1771 4040 campo

967 4060 1070 4128 majore
1084 4060 1239 4115 coherente
1255 4058 1318 4128 sibi,
1336 4067 1364 4115 et
1378 4059 1469 4116 'lautis
1484 4059 1519 4114 de
1531 4058 1686 4123 titianeni,
1702 4057 1771 4114 duos

967 4163 1079 4204 mansos
1097 4147 1125 4202 in
1148 4146 1281 4216 licutino,
1303 4158 1418 4221 quatuor
1440 4148 1468 4204 in
1493 4147 1634 4221 Pegalino,
1659 4145 1728 4203 dnos
1742 4145 1771 4202 in

967 4237 1104 4304 hmerino,
1118 4237 1207 4293 locum
1223 4237 1268 4308 qni
1279 4237 1378 4294 dicitur
1392 4237 1606 4311 Gargugnanus,
1618 4234 1707 4292 locvm
1723 4232 1771 4307 qui

969 4326 1069 4382 dicitur
1083 4325 1269 4397 Curigiianus,
1286 4326 1375 4383 locum
1391 4327 1436 4398 qui
1456 4325 1558 4382 dicitur
1576 4340 1664 4391 mons,
1680 4323 1770 4380 locum

927 4391 955 4455 D
970 4415 1015 4490 qui
1029 4414 1127 4472 dicitur
1147 4414 1264 4482 Tillitns,
1287 4416 1356 4471 dnos
1369 4429 1481 4470 mansos
1495 4413 1523 4470 in
1538 4415 1658 4469 Vareno.
1683 4410 1771 4481 Quid·

969 4505 1033 4578 quid
1048 4505 1155 4561 habetis
1169 4503 1197 4560 in
1211 4504 1394 4572 Fnstarini,in
1405 4504 1501 4576 Pigna,
1513 4503 1541 4558 in
1556 4500 1680 4568 Pitriolo,
1701 4507 1728 4557 et
1741 4499 1771 4556 in

967 4594 1176 4667 quibuscunque
1206 4592 1285 4661 locis,
1317 4593 1390 4651 villis
1418 4592 1461 4649 vel
1487 4591 1588 4659 tundis,
1619 4589 1700 4646 terris
1728 4586 1774 4646 rel

967 4680 1056 4754 aquis,
1073 4697 1243 4754 aquarumve
1260 4682 1432 4739 decursibus.
1455 4682 1598 4740 Sancimns
1613 4678 1695 4736 etiam
1719 4692 1773 4734 ro·
1853 4726 1856 4731 .

967 4770 1019 4835 bis,
1034 4769 1187 4842 vestrisque
1202 4770 1230 4825 in
1250 4778 1409 4842 perpetuum
1430 4768 1635 4827 successoribus
1647 4765 1774 4841 antiquas

967 4857 1099 4915 llcolesiae
1116 4866 1215 4916 vestrae
1228 4860 1453 4924 consuetudines,
1475 4858 1607 4926 bonores,
1622 4856 1773 4931 dignitates

966 4947 993 5005 in
1009 4948 1134 5018 decimis,
1160 4948 1298 5020 primitiis,
1316 4948 1497 5015 testamentis,
1512 4945 1698 5004 oblationibus
1713 4951 1769 5003 tarn

967 5038 1090 5094 virorum
1119 5052 1205 5110 quam
1239 5046 1420 5104 mortuoram,
1455 5037 1605 5108 antiquitus
1632 5035 1773 5093 consuetis

967 5126 1089 5200 plebium
1105 5127 1281 5199 episcopatus
1301 5125 1396 5195 vestri,
1419 5125 1645 5198 processionibus
1660 5132 1684 5180 et
1700 5139 1771 5197 pen-

968 5215 1103 5282 sionibus,
1129 5215 1312 5285 omnibusqne
1327 5230 1378 5287 per
1401 5214 1593 5284 solutionibus,
1618 5212 1773 5286 prebendis

968 5303 1028 5361 sire
1044 5302 1206 5372 redditibus,
1228 5302 1460 5376 quemadmodum
1473 5319 1532 5371 ros,
1553 5310 1599 5359 ant
1610 5302 1770 5375 predeces-

967 5408 1045 5449 sores
1059 5393 1153 5460 vestri,
1170 5409 1204 5449 ea
1219 5392 1331 5465 antiquo
1346 5400 1448 5450 restrae
1460 5390 1591 5449 Ecclesia
1604 5408 1656 5447 usa
1671 5391 1771 5449 babui-

966 5481 1026 5546 stis,
1044 5481 1178 5548 tenuistis,
1197 5489 1225 5537 et
1234 5480 1405 5552 possedistis,
1421 5496 1436 5536 a
1450 5480 1496 5537 die
1510 5478 1602 5537 obitus
1616 5479 1670 5535 bon
1685 5494 1769 5535 mern.

965 5567 1045 5627 Pauli
1060 5568 1185 5641 eiusdem
1211 5568 1341 5628 missia
1354 5568 1520 5630 venerabilis
1541 5565 1663 5644 episcopi
1682 5582 1769 5642 usqne
