3772 6006
129 300 210 381 1563
586 301 786 363 WthllLlll
809 297 1174 361 Mannuseualuhsis
1196 298 1378 361 MONACHI
1777 297 1847 359 ltu

59 472 62 477 -
131 440 208 489 esset
227 434 329 489 auctor
353 433 478 490 dissidii.
495 433 597 490 Parum
622 434 666 489 be
691 434 777 489 mine
801 431 996 498 movebantA
1012 430 1106 487 edicto
1121 431 1259 497 firmavit,
1273 429 1451 487 transierunt
1465 429 1495 486 iu
1512 427 1560 486 his
1576 428 1656 484 anni
1673 426 1847 500 perplures:

132 521 263 577 anisium
279 522 475 593 pontificisad
492 523 733 580 consentiendum
745 541 751 576 :
763 523 895 593 quinimo
911 537 956 578 re·
1007 520 1070 591 jam
1093 521 1232 593 Egiridus
1247 522 1276 576 in
1292 519 1368 576 hello
1393 519 1542 576 Pictorum
1567 517 1777 583 occubuerat;
1794 518 1846 589 jau

130 610 244 666 ferebat
258 628 315 666 noa
327 611 454 667 seillam
466 613 607 668 factarum
624 629 675 684 pro
691 612 862 669 discrimine
877 611 956 683 oapi·
1011 609 1179 665 Theodorus
1194 609 1223 666 in
1240 613 1364 666 mortem
1379 609 1533 682 vergebat,
1551 607 1605 680 qui
1631 606 1671 662 de
1692 615 1809 679 peccato
1822 606 1845 661 in

131 698 183 766 tis,
209 702 241 755 ut
265 701 421 756 infamaret
444 703 645 759 auctoritatem
674 701 753 758 sedis
781 699 956 774 apostolicae.
1011 695 1846 767 Willridumeommissosauciatusconscientiaru,ipsum

133 787 206 853 Quid
224 788 339 844 interim
356 788 765 863 reginallrmenburgatotius
781 789 849 845 mali
866 790 958 845 fomes
1012 792 1040 843 et
1055 787 1282 844 Erlieuwaldum
1299 787 1467 861 episcopum
1487 788 1626 845 evocavit
1648 785 1843 842 bondoniam:

131 880 160 931 et
175 875 345 934 incentrix?
359 879 551 936 continuabat
566 880 628 936 dies
644 897 677 936 ac
693 887 790 936 noctes
804 879 958 944 conviviis,
1012 877 1086 950 ipsis
1102 877 1201 934 omnia
1222 884 1339 949 peccata
1362 877 1526 945 confessas,
1543 876 1596 932 illo
1614 892 1651 931 se
1668 874 1842 947 potissimum

132 965 317 1036 ducebatque
332 967 502 1040 triumphali
519 985 626 1041 pompa
650 969 857 1025 chrismarium
880 968 957 1023 anti·
1012 968 1175 1039 permoveri
1198 966 1336 1038 scrupulo
1358 965 1441 1034 dixit,
1456 967 1534 1038 quod
1550 965 1582 1022 in
1600 969 1751 1021 sanctum
1774 981 1841 1021 com·

133 1053 333 1126 stitis,opimis
350 1057 451 1128 gavisa
470 1058 722 1129 spoliis.Sedcum
735 1059 957 1130 nocteqaadam
1012 1055 1152 1123 misisset,
1170 1070 1274 1128 passus
1289 1071 1355 1112 eum
1378 1058 1478 1111 contra
1503 1053 1628 1127 regulas
1655 1052 1781 1126 spoliari
1805 1054 1841 1110 rel

134 1143 278 1214 hospitata
297 1147 400 1203 fuisset
424 1148 501 1220 apud
528 1149 706 1205 abbatissam
732 1150 816 1205 ubba
839 1149 958 1204 amitam
1011 1148 1111 1216 aperta
1135 1145 1287 1213 instantia,
1302 1145 1348 1200 vel
1372 1142 1485 1201 occulta
1510 1143 1671 1215 patientia.
1690 1162 1708 1196 a
1728 1144 1840 1215 thaia,

134 1232 242 1301 mariti,
258 1235 327 1291 totis
351 1236 487 1292 medullis
511 1237 625 1294 diabolo
650 1239 748 1294 infuso
764 1237 852 1310 coepit
866 1236 959 1293 aliena
1012 1233 1119 1305 iuquit,
1136 1234 1204 1290 fiais
1220 1234 1294 1290 mibi
1309 1234 1406 1290 futuro
1424 1249 1500 1290 annu
1516 1232 1672 1301 imminet,
1691 1232 1775 1288 sieut
1796 1233 1840 1289 lise

133 1339 242 1394 sapere,
258 1324 362 1381 insana
378 1325 483 1383 dicere.
499 1327 627 1383 Vocibus
642 1329 706 1399 ejus
721 1328 847 1384 excitata
869 1327 959 1383 abba·
1013 1324 1229 1396 pronuntiante
1252 1322 1386 1396 cognovi,
1408 1327 1438 1380 et
1462 1324 1602 1395 frequens
1630 1323 1780 1390 egritudo
1800 1322 1839 1394 [ul.

131 1412 205 1469 tissa
220 1415 357 1481 accurrit,
376 1414 447 1486 qaid
463 1416 556 1471 morbi
573 1417 693 1473 haberet
709 1417 814 1472 blande
834 1416 959 1474 interro·
1013 1415 1154 1488 egritudo
1170 1415 1340 1487 admonetl,
1358 1430 1427 1487 rogo
1443 1419 1480 1482 te,
1497 1413 1701 1469 sanctissime
1718 1412 1839 1484 pertita,

131 1517 224 1572 gans:
241 1501 291 1559 illa
306 1502 379 1558 nihil
396 1508 494 1559 contra
509 1504 590 1575 (nam
602 1506 666 1575 jam
690 1505 828 1577 angustia
849 1504 959 1562 valetu—
1013 1509 1046 1559 ut
1062 1504 1205 1576 benignus
1222 1503 1293 1559 mibi
1309 1504 1497 1560 commissum
1517 1502 1697 1575 indulgeas,
1714 1509 1743 1558 el
1759 1502 1840 1558 sedan

131 1589 210 1645 dinis
226 1606 324 1646 vocem
341 1591 537 1662 praecluserat)
550 1611 557 1662 ;
569 1597 633 1648 lum
650 1593 699 1650 bei
714 1594 825 1650 famula
840 1610 958 1650 causam
1014 1595 1283 1667 archiepiscopatus
1308 1593 1365 1649 mei
1391 1594 1496 1650 subeas
1509 1609 1516 1650 :
1530 1593 1649 1666 quippe
1671 1592 1728 1663 qui
1743 1593 1783 1648 sis
1796 1608 1841 1648 on

133 1677 311 1750 intelligens,
328 1687 429 1736 auctor
453 1681 550 1753 nepoti
574 1682 637 1752 fuit,
663 1687 695 1739 ut
718 1683 881 1740 beatissimi
905 1684 960 1740 viri
1014 1685 1096 1741 nium
1112 1685 1274 1757 Anglorum
1291 1684 1320 1739 in
1338 1684 1478 1741 ltumanis
1493 1681 1614 1755 legibus
1631 1682 1842 1755 peritissimum

133 1767 267 1823 redderet
275 1767 569 1843 chrismariumzipse
580 1772 643 1829 suis
653 1773 787 1829 omnihus
797 1774 958 1830 secundum
973 1761 996 1824 Β
1012 1791 1074 1845 ego,
1089 1779 1145 1832 Deo
1162 1775 1300 1841 donante,
1316 1775 1453 1840 conabor,
1470 1776 1501 1829 ut
1517 1778 1634 1829 veteres
1650 1772 1788 1829 offensas
1810 1788 1842 1827 rs-

20 1890 26 1899 ·
132 1855 292 1927 apostolica
313 1867 455 1930 precepta
475 1861 681 1931 revestiretur3
697 1862 775 1933 quud
798 1867 956 1934 praestaret,
1017 1865 1092 1920 ceuti
1116 1864 1280 1920 officiorum
1304 1863 1461 1919 sedulitate
1486 1860 1614 1929 deleam,
1638 1877 1733 1935 reges
1758 1868 1786 1919 et
1806 1879 1843 1918 ru·

137 1945 163 2002 si
177 1944 372 2004 collateralem
388 1966 471 2005 suam
487 1950 594 2007 salvam
611 1950 695 2007 vellet
707 1969 714 2018 ;
726 1952 827 2008 sivero
843 1951 961 2023 regiain
1016 1953 1149 2011 ctoritate
1165 1956 1194 2009 et
1208 1950 1343 2024 precibus
1358 1952 1467 2009 amieos
1482 1951 1629 2008 facturus.
1647 1973 1664 2002 a

135 2034 212 2091 malo
229 2038 474 2107 perseverandum
489 2044 606 2112 putaret
620 2040 802 2112 animositas,
814 2059 878 2115 que
890 2040 963 2097 tale·
1052 2041 1165 2098 Plaeide
1182 2042 1216 2097 ad
1233 2041 1294 2097 haeo
1309 2045 1337 2096 et
1349 2045 1380 2096 at
1394 2042 1489 2099 virum
1505 2048 1648 2096 sunctum
1666 2040 1804 2112 decebat,
1814 2055 1844 2095 re

135 2129 191 2194 rat,
207 2126 358 2195 redderet;
374 2129 470 2200 ipsum
487 2129 609 2187 liberum
625 2131 704 2187 ahire
720 2132 838 2189 sineret.
856 2136 961 2188 Actum
1017 2132 1134 2203 spondit
1158 2130 1328 2198 Willridus;
1346 2131 1394 2186 sed
1417 2135 1448 2186 ut
1470 2129 1772 2202 archiepiscopatum
1796 2130 1844 2185 aiae

138 2219 194 2285 est,
211 2219 240 2270 et
254 2216 353 2288 regina
377 2223 447 2275 tuac
473 2219 591 2291 quidem
618 2220 739 2292 pulchre
763 2221 920 2287 convaluit,
936 2229 963 2276 et
1017 2220 1137 2292 majoris
1148 2220 1316 2276 defiuitione
1327 2219 1444 2276 concilii
1455 2219 1629 2290 susciperet,
1639 2236 1704 2275 uon
1716 2218 1844 2276 eoasemit

139 2308 207 2377 post
221 2305 334 2362 obitum
346 2307 442 2364 mariti
457 2308 560 2365 habitu
575 2314 685 2367 mutato
700 2309 831 2384 religiose
842 2312 877 2368 de
888 2311 963 2367 facta
1017 2309 1070 2383 [ot.
1083 2310 1242 2381 consensit]
1253 2326 1259 2364 :
1272 2309 1342 2365 totis
1353 2326 1421 2381 ergo
1433 2309 1543 2364 viribus
1553 2307 1746 2367 Theodorus
1760 2323 1844 2365 exsur-

140 2393 286 2464 poenituit.
1016 2400 1099 2470 rexit,
1117 2407 1146 2455 ul
1161 2398 1317 2455 Willridus
1342 2399 1545 2471 episcopatum
1571 2397 1740 2470 reciperet,
1762 2397 1844 2454 missis

176 2482 329 2542 Willridus
346 2501 412 2560 ergo
428 2488 516 2545 natali
532 2489 594 2545 solo
614 2489 716 2562 pulsas
730 2489 963 2546 Weslsaxoniam
1017 2490 1118 2562 legatis
1133 2494 1161 2546 et
1176 2489 1293 2560 scriptis
1309 2489 1345 2544 ad
1361 2487 1506 2544 Alfridum
1524 2503 1625 2558 regem
1637 2487 1845 2544 Nerthumlro

13 2614 30 2623 -
138 2573 286 2642 tendebat,
301 2582 498 2650 exceptusque
521 2578 735 2651 ibiaqaodam
760 2578 962 2637 berethwaldo
1017 2576 1843 2651 rum,quiligfridosuccesserat,etsororemsjuslllfle·

135 2661 198 2720 viro
213 2663 302 2719 nobili
319 2667 501 2736 paucissimis
521 2668 641 2724 omnino
653 2669 753 2726 diebus
764 2668 905 2725 latebram
921 2669 963 2725 fo·
1017 2669 1085 2724 dam
1110 2666 1287 2724 abbatissam
1313 2667 1348 2722 de
1372 2666 1570 2734 Strenelbath,
1589 2670 1624 2721 ut
1648 2666 1844 2723 simultatibus

136 2751 185 2807 vit.
197 2752 349 2824 Siquidem
362 2771 409 2810 rer
423 2756 596 2814 llereiorum
609 2758 789 2827 lithelredus,
802 2760 848 2815 cui
860 2758 962 2814 virille
1017 2756 1199 2831 retropositis
1214 2758 1417 2814 incunctanter
1432 2755 1607 2812 charitatem
1631 2757 1706 2826 ejus
1728 2755 1843 2827 comple·

137 2841 268 2913 parebat,
285 2843 450 2914 (eratenim
476 2844 553 2902 lilius
570 2848 668 2904 fratris
682 2849 768 2921 ejus),
785 2849 891 2904 acriter
912 2865 963 2920 per
1018 2851 1172 2904 cierentur.
1187 2846 1276 2917 Cujus
1300 2845 1389 2902 studii
1406 2850 1439 2901 ut
1460 2845 1554 2900 fervor
1580 2849 1735 2916 patescat,
1750 2844 1843 2916 episto

42 2942 45 2947 ·
139 2928 258 2987 nuutios
282 2932 476 3005 denuntiavit,
493 2939 525 2990 ut
540 2952 576 2991 ne
593 2954 651 2992 uno
667 2937 785 3008 quidem
800 2938 848 2994 die
863 2937 961 3010 ipsum
1017 2938 1086 3005 lam,
1103 2952 1191 3008 quam
1213 2937 1274 3008 regi
1295 2934 1471 2993 Merciorum
1496 2931 1657 2990 Elbelredo
1675 2934 1792 2999 direxit,
1806 2933 1842 2988 hir

139 3019 284 3088 retineret,
306 3021 367 3079 hee
392 3023 420 3079 iu
446 3025 674 3082 assentationem
700 3025 808 3099 Egiridi
834 3027 960 3093 liebanl;
1018 3042 1147 3098 ponam:
1174 3048 1189 3076 ι(
1213 3024 1425 3082 Gloriosissimo
1454 3030 1482 3080 et
1509 3021 1770 3080 excellentissimo
1795 3021 1842 3094 regi

137 3110 222 3181 cujus
236 3125 318 3167 soror
328 3111 450 3168 Osdrida
460 3113 490 3169 in
502 3114 638 3171 solatium
649 3116 752 3173 Eln'ini
763 3117 859 3173 fratris
874 3114 962 3173 occisi
977 3077 998 3144 G
1017 3116 1189 3174 Marciorum
1216 3114 1386 3170 Theodorus
1411 3113 1460 3170 Dei
1484 3112 1579 3184 gratia
1608 3111 1843 3185 archiepiscopus

134 3197 273 3269 Egelredo
289 3207 438 3272 nupserat,
452 3220 551 3275 pacem
564 3203 640 3261 inter
650 3205 788 3262 maritum
803 3209 832 3262 et
843 3207 962 3263 fratrem
1017 3207 1047 3263 in
1063 3206 1186 3262 Domino
1202 3221 1359 3277 perennem
1375 3204 1511 3260 salutem.
1524 3201 1707 3275 Cognoscat,
1724 3202 1767 3257 dli
1780 3201 1843 3258 dile·

138 3302 327 3358 componens.
352 3290 423 3348 lade
447 3295 652 3351 monasteriolo
676 3297 734 3366 jam
759 3296 798 3350 ihi
823 3297 963 3353 edificate
1017 3296 1157 3364 ctissime,
1172 3299 1224 3351 tua
1244 3295 1379 3351 miranda
1394 3293 1533 3350 sanctitas
1554 3306 1660 3362 pacem
1678 3308 1727 3348 me
1745 3291 1842 3347 babere

55 3422 59 3427 ,
137 3373 295 3432 Will'ridus
320 3378 430 3435 relictis
449 3383 601 3438 monachis
616 3384 679 3440 suis
696 3385 836 3457 prologus
852 3385 887 3441 ad
904 3388 963 3441 slu-
1017 3402 1084 3443 eum
1100 3386 1263 3442 venerando
1279 3386 1413 3455 episcopo
1432 3381 1579 3450 Willrido,
1595 3386 1625 3436 et
1641 3381 1724 3451 ideo,
1741 3380 1842 3437 charis·

139 3462 243 3520 strales
259 3470 382 3524 Saxones
405 3470 501 3526 adhuc
527 3488 655 3544 paganos
680 3474 805 3543 divertit,
821 3475 867 3530 cui
888 3476 963 3532 inter
1017 3474 1101 3544 sime,
1114 3478 1142 3529 te
1156 3475 1309 3540 admoneo,
1325 3478 1354 3529 et
1368 3473 1398 3528 in
1414 3470 1520 3528 Christi
1544 3468 1695 3528 charitate
1714 3470 1841 3543 precipio

138 3551 468 3614 Christianosuullusad
478 3558 627 3617 latendum
639 3568 791 3634 supererat
802 3565 892 3621 lucus.
904 3564 963 3622 lter
1016 3563 1080 3632 tibi,
1098 3568 1129 3620 ut
1144 3564 1207 3635 ejus
1222 3568 1330 3619 sancte
1347 3561 1502 3629 devotioni,
1519 3563 1668 3631 quantum
1686 3561 1766 3616 vires
1781 3576 1840 3631 sup-

139 3661 240 3702 eorum
257 3646 406 3703 Edelwalk
421 3649 471 3721 [ct.
483 3648 658 3722 Edelvvalch]
672 3655 835 3725 vocabatur,
847 3655 897 3727 qui
913 3673 963 3711 au·
1017 3662 1117 3730 petunt
1133 3655 1340 3730 patrocinium,
1357 3653 1433 3709 sicut
1456 3667 1572 3722 semper
1592 3649 1701 3717 fecisti,
1718 3649 1840 3722 quandiu

17 3766 41 3827 '.
138 3735 208 3792 ditis
224 3737 465 3809 peregrinationis
476 3740 572 3797 causis
583 3743 618 3798 ad
630 3743 827 3800 auxiliandum
839 3745 961 3801 antistiti
1015 3748 1096 3804 vivas
1111 3746 1272 3818 indulgeas,
1288 3744 1358 3816 quia
1372 3743 1459 3813 longo
1474 3745 1604 3812 tempore
1620 3740 1756 3812 propriis
1770 3738 1842 3796 orha-

21 3858 24 3865 ·
137 3823 234 3882 auimo
260 3828 417 3883 concurrit.
434 3829 647 3887 firmissimum
662 3833 761 3905 itaque
777 3835 871 3890 fredus
893 3834 962 3903 jecit
1015 3841 1065 3894 tus
1080 3836 1264 3901 substantiis,
1281 3833 1406 3888 mullum
1428 3831 1503 3887 inter
1528 3845 1660 3901 paganos
1677 3830 1708 3884 iu
1725 3829 1840 3886 Domino

137 3913 188 3984 [cl.
205 3913 274 3985 icitl,
291 3918 323 3970 ut
338 3932 405 3972 eum
421 3917 549 3976 inimicis
565 3937 616 3977 nee
640 3939 724 3994 prece
746 3925 889 3995 proderet,
909 3940 961 3980 nec
1016 3926 1167 3982 laboravit.
1184 3925 1219 3980 Et
1234 3924 1342 3980 idcirco
1358 3937 1411 3994 ego
1434 3920 1606 3976 Theodorus
1631 3917 1764 3974 humilis
1786 3917 1841 3988 epi·

35 4064 39 4073 ¹
138 4002 232 4074 pretio
247 4004 440 4079 distraheret;
458 4025 515 4080 qua
537 4011 626 4068 tutela
641 4014 743 4082 fretus,
760 4015 886 4085 primum
903 4016 961 4087 regi
1017 4031 1122 4087 scopus
1137 4013 1284 4084 decrepita
1294 4015 1377 4068 etate
1387 4010 1442 4066 boc
1454 4013 1509 4065 tuae
1520 4007 1701 4064 beatitudini
1712 4022 1841 4080 suggero,

137 4095 168 4147 et
191 4092 296 4164 reginae
322 4095 571 4156 christianitatem
596 4102 770 4173 predicavit,
785 4109 851 4176 post
873 4106 961 4162 etiam
1017 4105 1086 4177 quia
1101 4103 1260 4176 apostolica
1275 4101 1339 4171 hoc,
1356 4100 1430 4156 sicut
1446 4098 1515 4165 scis,
1531 4098 1725 4153 commendat
1748 4101 1843 4153 aueto-

139 4181 376 4255 proviacialihus,
388 4203 441 4243 nec
456 4188 511 4244 fuit
527 4189 556 4246 ia
573 4193 772 4262 persuadendo
787 4194 959 4252 difficultas:
1016 4191 1098 4261 ritas,
1112 4194 1140 4246 et
1154 4189 1198 4245 vir
1221 4188 1269 4244 ille
1283 4186 1486 4244 sanctissimus
1500 4184 1528 4241 ia
1546 4183 1694 4256 patientia
1710 4201 1768 4240 aua
1784 4199 1844 4256 pes-

36 4320 39 4325 .
138 4287 206 4329 eum
222 4273 359 4332 continuo
375 4292 425 4332 rer
439 4277 614 4349 baptizatus,
625 4288 744 4339 ceteros
758 4283 891 4356 exemplo
908 4303 961 4342 suo
1017 4281 1093 4339 sedit
1107 4282 1235 4337 animam
1253 4295 1346 4346 suam,
1362 4282 1390 4334 ot
1404 4275 1541 4348 injuriam
1565 4273 1622 4329 sibi
1646 4273 1844 4344 irrogaturum

137 4360 174 4416 ad
190 4361 268 4418 idem
281 4366 445 4422 animaret:
462 4367 600 4440 deditque
615 4371 761 4442 propriam
779 4374 961 4432 mansionem
977 4403 1000 4469 D
1018 4371 1096 4428 mltis
1111 4377 1138 4427 et
1152 4368 1286 4440 humilis,
1303 4372 1392 4440 eaput
1407 4382 1494 4423 suum
1511 4380 1638 4437 sequena
1666 4365 1845 4421 medicinam

138 4448 285 4523 episcopo,
316 4471 403 4525 quam
434 4457 610 4516 familiarius
638 4460 793 4531 incolebat,
821 4465 961 4523 vocabulo
1015 4460 1200 4535 exspectavit,
1217 4463 1246 4516 et
1260 4459 1283 4515 si
1299 4459 1397 4515 inveni
1412 4458 1538 4531 gratiam
1553 4455 1583 4511 in
1599 4461 1771 4528 conspectu
1792 4460 1846 4519 lua,

138 4539 262 4612 selescy,
273 4557 361 4613 quam
379 4544 441 4615 ipse
454 4547 607 4603 monachis
623 4548 749 4619 implens
764 4552 800 4607 ad
815 4553 963 4626 episeopa-
1013 4551 1081 4608 licet
1097 4550 1147 4607 tibi
1164 4565 1215 4622 pro
1230 4548 1444 4620 longinquitate
1460 4545 1573 4602 itineris
1595 4560 1686 4617 grave
1702 4544 1845 4609 videatur,

136 4628 194 4687 lem
211 4630 308 4687 sedern
325 4635 448 4703 posteris
460 4638 634 4695 transmisit.
647 4640 716 4696 Erat
730 4646 800 4698 tuae
816 4642 964 4701 Cedwalla
1013 4637 1091 4695 oculi
1106 4638 1163 4693 mci
1175 4637 1336 4708 jucundam
1353 4634 1457 4691 faciem
1473 4637 1552 4688 tuem
1568 4631 1700 4702 videant,
1717 4637 1750 4688 et
1767 4632 1846 4688 hene·

136 4735 188 4791 per
209 4720 365 4779 factionem
381 4724 546 4799 principum
563 4729 795 4788 aWestsaronia
810 4732 961 4806 expulsus,
1014 4728 1092 4785 dicat
1107 4728 1159 4783 tibi
1175 4727 1274 4783 anima
1290 4741 1356 4781 mea
1371 4732 1526 4795 antequam
1544 4721 1666 4778 moriar.
1683 4722 1751 4795 Age
1773 4737 1846 4794 ergo.

137 4825 225 4880 quem
247 4813 415 4884 frequenter
435 4816 469 4872 ad
489 4833 520 4873 se
540 4819 653 4874 consilii
682 4837 771 4877 eausa
797 4821 960 4878 venientem
1014 4816 1055 4873 frli
1072 4817 1124 4887 mi,
1140 4815 1237 4872 taliter
1252 4817 1286 4872 de
1301 4813 1351 4869 illo
1367 4812 1487 4885 prefato
1509 4808 1713 4878 sanctissimo,
1732 4811 1848 4867 sicutte

137 4904 258 4956 sauctus
282 4907 416 4975 prompte
441 4905 548 4974 refecit,
567 4908 699 4978 prebens
723 4909 748 4965 ei
764 4918 790 4966 et
805 4909 868 4966 suis
893 4926 962 4966 eum
1013 4907 1189 4975 deprecatus
1205 4921 1281 4960 sum.
1292 4904 1373 4969 Quod
1386 4903 1410 4958 si
1424 4900 1498 4975 patri
1511 4908 1558 4957 luo
1569 4914 1628 4956 nou
1642 4899 1736 4972 louge
1747 4901 1785 4957 de
1801 4900 1847 4955 hos

136 4991 317 5059 equitaturas
333 4995 394 5049 tum
409 4996 563 5066 pecunias:
575 4996 601 5052 is
619 4997 687 5053 dum
703 5000 842 5055 omnibus
855 4999 962 5056 irasci·
1014 4996 1120 5053 saeeulo
1131 5009 1281 5052 recessuro
1293 4993 1447 5062 obedieris,
1459 4989 1586 5047 multum
1598 4987 1653 5044 tibi
1667 4987 1847 5062 proficietad

136 5080 272 5143 tur,dum
284 5083 744 5153 omnihusinfrendit,lidelwalk
755 5087 961 5161 regemaliquo
1014 5084 1152 5142 salutem.
1168 5084 1250 5141 Vale.
1266 5105 1281 5134 n

136 5165 193 5221 sibi
215 5177 414 5229 occurrentem
439 5174 600 5232 infortunio
620 5178 683 5233 neci
708 5179 808 5234 dedit:
827 5180 962 5252 idemque
1049 5175 1181 5232 venienti
1192 5175 1304 5247 argued
1317 5168 1618 5246 regescumepistolis
1629 5168 1848 5244 archiepiscopi

134 5255 195 5310 *018
218 5258 421 5319 westsaxonia
446 5266 566 5336 potitus,
584 5274 612 5322 ul
635 5268 809 5340 magistrum
826 5273 855 5324 et
872 5268 964 5326 domi·
1014 5263 1160 5332 Willrido,
1177 5262 1314 5320 salutatio
1328 5261 1483 5334 impertita,
1501 5260 1635 5316 indultus
1652 5259 1752 5316 favor.
1770 5259 1849 5317 Alfri·

137 5358 210 5398 aum
233 5347 313 5401 omni
328 5351 481 5420 provincia
497 5355 625 5427 prefecit
646 5356 828 5428 wilfridum,
844 5358 917 5414 nihil
933 5358 962 5414 ia
1015 5355 1094 5427 thus,
1107 5357 1158 5428 qui
1173 5372 1240 5412 eum
1257 5355 1407 5427 quondam
1423 5352 1512 5425 probe
1523 5348 1681 5414 nosset,ad
1697 5366 1732 5407 se
1748 5356 1848 5425 sponte

135 5437 197 5490 tota
212 5436 359 5506 provincia
374 5440 438 5497 siae
453 5443 532 5500 illius
548 5461 670 5502 assensu
687 5446 853 5504 faciendum
877 5447 955 5504 arbi·
1014 5446 1135 5504 invitato
1157 5447 1239 5518 prius
1264 5443 1430 5502 cenobium
1446 5439 1676 5515 heugsteldeim,
1693 5437 1770 5497 binc
1786 5440 1849 5498 deli·

136 5528 239 5583 tratas.
255 5524 386 5600 Denique
410 5540 437 5588 et
458 5535 654 5607 amplissimas
676 5536 706 5593 in
727 5537 835 5596 Wetha
858 5536 958 5595 insula
1010 5536 1122 5594 uitione
1137 5535 1254 5593 concilii
1269 5533 1480 5590 liberacoasem
1496 5529 1713 5602 episcopatum,
1726 5534 1759 5585 et
1775 5527 1848 5599 llipir

132 5615 338 5689 possessiones
363 5620 453 5695 dedit,
468 5627 497 5680 et
520 5642 584 5697 que
608 5630 675 5686 aute
697 5627 840 5687 habuerat
861 5627 957 5685 libens
1011 5626 1225 5686 monasterium
1237 5622 1399 5682 liberaliter
1410 5618 1632 5691 indulsit,stetit
1641 5614 1706 5675 heo
1717 5617 1849 5677 amiciris
