3750 6000
70 218 123 273 att

109 341 171 415 ligo
184 339 310 396 hiberius
325 338 461 396 Ostiensis
477 339 633 411 episeopus.

111 430 170 502 Ego
185 428 336 502 Gregorius
351 430 484 485 diaconus
500 430 649 518 cardinalis
665 430 717 486 SS.
738 428 827 500 Sergii
845 437 873 485 ct

72 518 246 679 Balegllthotto
267 606 398 662 diaconus
413 605 560 664 cardinalis
578 605 689 662 Sabellii
704 606 739 661 ad
754 605 870 662 Velam-

71 704 205 758 Aureum.

108 791 171 863 Ego
186 791 278 847 Guidc
292 791 424 848 diaconus
438 790 586 848 cardinalis
596 791 646 847 SS.
656 789 765 846 Cosmae
780 797 807 846 et
818 791 871 845 Da·

72 894 174 934 miani.

110 968 169 1041 ligo
180 966 319 1024 Gerardus
333 967 467 1025 diaconus
488 967 636 1025 cardinalis
658 968 764 1024 Sanctae
779 966 871 1023 llariae

71 1056 242 1113 iuDamrnc.

107 1146 169 1218 Ego
182 1146 301 1202 Thomas
317 1145 459 1218 presbyter
473 1143 621 1201 cardinalis
633 1145 661 1201 S.
679 1143 813 1200 Vassinaa.

108 1236 168 1306 ligo
182 1234 288 1307 imarys
302 1235 474 1290 Tusculanus
488 1234 647 1305 episcopus.

108 1322 170 1395 Ego
185 1322 361 1379 Theobaldus
371 1323 515 1395 presbyter
526 1321 675 1378 cardinalis
690 1319 717 1377 S.
731 1315 870 1374 Praxcdis.

108 1411 170 1485 Ego
184 1410 332 1466 Numerius
354 1411 499 1484 presbyter
517 1410 665 1467 cardinalis
690 1409 721 1465 S.
742 1402 870 1477 Stephani

69 1500 101 1554 in
116 1499 200 1556 Caelio
215 1509 319 1555 monte.

108 1587 170 1661 Ego
184 1586 334 1643 Gilibertus
349 1588 490 1660 presbyter
504 1586 652 1645 cardinalis
668 1586 696 1643 S.
708 1583 803 1641 Marci.

108 1676 207 1731 Datum
228 1676 353 1732 Laterani
380 1693 431 1747 per
464 1692 570 1731 manum
598 1674 711 1730 Baronis
735 1672 870 1746 capellani

69 1773 97 1820 et
113 1764 266 1835 scriptoris,
282 1780 310 1820 xv
326 1764 386 1821 Kal.
402 1764 515 1835 Aprilis,
534 1764 628 1820 indict.
644 1779 692 1829 vri,
708 1764 872 1820 iucarnatio·

70 1851 115 1907 nis
130 1853 279 1908 Dominicae
301 1869 373 1908 anno
399 1855 477 1922 itta,
505 1852 676 1924 pontificatus
692 1867 756 1906 vero
771 1851 873 1907 domiui

69 1940 151 1997 Lucii
165 1958 243 2013 papae
257 1957 330 1997 auno
346 1941 449 2014 primo.

71 2137 114 2195 Ad
125 2137 291 2195 Albcronem
311 2139 512 2205 trevirensem,
526 2139 709 2194 llumbertum
730 2138 873 2196 l'csoatio-

251 2225 378 2276 steritem,
394 2212 626 2281 archiepiscopos,
644 2219 697 2265 etc.

300 2307 391 2376 (huno
408 2304 486 2370 llll,
505 2304 583 2358 biart.
599 2305 657 2374 2⁶2.)

108 2401 256 2476 [Gasvmn
274 2401 401 2458 Histoire
416 2400 449 2456 de
463 2400 625 2467 Sciet-Die,
643 2401 736 2463 Notas,
751 2416 779 2471 p.
797 2396 869 2471 'sibl

108 2502 215 2558 Luctus
229 2500 387 2571 episcopus,
403 2513 501 2553 servus
516 2513 662 2551 servorum
675 2496 735 2563 Dei,
752 2509 870 2551 venera·

71 2591 174 2648 bilibus
190 2589 319 2645 iratribus
335 2584 500 2659 [benenom]
527 2585 694 2654 Trevirensi,
710 2585 763 2639 liu.
781 2583 870 2656 {ltux-

72 2678 172 2752 asaro}
198 2676 379 2732 bisuntinensi
401 2674 632 2744 archiepiscopis;
652 2675 681 2729 l..
698 2670 871 2745 [sraensao]

69 2768 196 2835 iletausi,
206 2767 280 2821 llas.
295 2763 424 2832 Tullensi,
439 2765 475 2817 Α.
486 2762 660 2829 Virduuensi,
676 2771 702 2817 et
716 2763 750 2818 G.
768 2762 871 2834 lingo·

71 2857 152 2914 nansi
168 2853 321 2927 episcopis,·
338 2861 365 2909 et
378 2853 485 2908 dilectis
509 2851 574 2906 liliis
593 2853 627 2906 de
643 2849 828 2921 Bellocampo,
845 2857 872 2905 et

71 2945 105 3002 de
130 2944 288 3014 belloprato
307 2942 462 3007 abbatibus,
491 2941 609 2996 salutern
638 2947 665 2995 et
690 2938 870 3011 apostolicam

71 3033 304 3092 benedictionem.

107 3131 298 3187 l'raedecessor
322 3139 415 3184 noster
431 3128 509 3183 bcnae
531 3125 680 3192 memoriae,
697 3141 769 3198 papa
784 3126 868 3182 lunc·

72 3220 188 3286 centius,
204 3218 343 3276 Simonem
366 3217 465 3274 ducem
487 3216 680 3289 lotharingiae,
696 3230 747 3286 pro
761 3213 869 3269 damnis

72 3319 98 3366 et
106 3309 214 3379 injuriis
228 3323 297 3380 quas
311 3307 499 3362 homericensi
514 3305 646 3360 Ecclesiae
660 3303 804 3370 interebat,
818 3319 868 3358 ex·

71 3396 324 3454 communicationis
340 3395 449 3450 vinculo
476 3394 624 3457 innodavit,
650 3392 723 3448 etin
751 3391 866 3449 ecclesia

72 3486 164 3543 Sancti
179 3484 304 3545 Deodati,
321 3483 367 3538 ubi
382 3483 515 3554 sepultus,
534 3482 628 3537 divina
651 3480 791 3551 prohibuit
806 3479 867 3536 olii-

70 3575 110 3632 cia
124 3573 266 3632 celebrari.
289 3572 370 3628 Nunc
390 3581 491 3636 autem,
513 3587 563 3643 per
578 3571 709 3626 honestas
724 3576 751 3625 et
764 3567 868 3625 disere·

71 3671 111 3718 tas
126 3677 258 3734 personas
268 3661 340 3716 illius
355 3668 436 3715 terrae
450 3659 528 3714 nobis
539 3657 724 3730 signiticatum
739 3665 778 3712 est
795 3657 868 3728 quod

71 3763 169 3816 eadem
184 3756 471 3815 excommunicationis
486 3754 682 3811 senteutiasihi
693 3769 867 3826 nequaquam

72 3847 235 3904 annuntiata
257 3845 315 3914 luit,
332 3854 359 3902 et
373 3846 401 3900 in
425 3844 616 3901 communione
640 3843 771 3899 Ecclesiae
798 3842 868 3898 lacta

71 3937 244 3995 confessione
260 3943 287 3992 et
302 3942 430 4006 suscepta
445 3934 612 4005 paenitentia,
629 3934 712 3989 vitam
728 3930 868 3999 hoiense

70 4034 106 4096 te,
122 4025 216 4092 irater,
232 4025 370 4080 Tallcnsis
396 4039 534 4094 episcope,
559 4031 585 4077 et
600 4021 808 4093 quampluribus
823 4020 868 4076 di·

69 4116 169 4172 scretis
192 4122 219 4169 et
243 4113 379 4186 religiosis
407 4111 484 4180 viris,
510 4121 639 4183 tanquam
658 4110 823 4168 christianus
838 4112 866 4166 in

67 4204 203 4278 predicta
226 4202 348 4258 Ecclesia
370 4200 516 4256 tumulatus
539 4208 594 4256 est.
618 4200 682 4255 Dux
704 4215 769 4256 varo
788 4200 864 4254 biat-

68 4293 168 4359 thasus,
180 4290 253 4346 lilius
262 4291 330 4360 eius,
340 4289 365 4344 in
373 4289 470 4344 eadem
486 4288 607 4360 nequitia
617 4287 702 4359 patris
714 4288 866 4344 succedens

660 214 839 273 aristote:
849 217 894 272 lar
910 216 1118 273 PllllllLEGlh.

884 343 913 404 A
926 339 1136 412 lacrymabiliter
1150 340 1230 396 nobis
1253 341 1389 412 exposuit,
1403 341 1523 410 ejusdem
1536 343 1659 400 ecclesie
1674 345 1720 401 da·

1671 224 1723 281 bii

926 429 1055 484 solutioni
1069 437 1095 482 et
1110 429 1194 498 ipsius
1209 429 1354 485 abbatisse
1368 431 1510 485 laboribus
1526 434 1720 502 compatimur,

926 526 1040 587 paterno
1056 517 1164 582 affectu,
1177 525 1203 572 et
1218 518 1243 572 in
1256 519 1352 589 quibus
1364 525 1511 574 secundum
1525 522 1611 575 Deum
1622 539 1720 591 possu-

926 606 1045 672 mus,ad
1072 622 1167 677 pacem
1197 613 1224 661 et
1255 607 1478 677 tranquillitatem
1495 625 1587 664 earum
1605 608 1723 666 libenter

926 714 1037 769 operam
1046 698 1151 755 damus.
1161 699 1306 769 Quocirca,
1318 716 1367 770 per
1379 703 1522 772 praesentia
1533 703 1610 758 vohis
1620 706 1721 776 scripta

925 789 1087 842 mandamus
1110 789 1143 843 ad
1172 788 1297 844 eamdem
1318 789 1394 845 Beati
1419 791 1534 846 Deodati
1563 791 1718 862 ecclesiam,

925 875 1046 931 seeundo
1061 877 1157 931 Nonas
1171 877 1420 933 Juniiconveniatis
1432 896 1438 942 ;
1451 888 1477 934 et
1489 879 1511 934 si
1523 879 1651 951 praelatus
1664 881 1723 939 dax

926 979 1023 1034 pacem
1041 971 1068 1018 et
1082 965 1268 1033 concordiem,
1286 982 1346 1036 quae
1361 966 1537 1038 interipsum
1553 975 1579 1023 et
1594 970 1722 1025 liomari·

926 1068 1036 1108 oensem
1052 1054 1198 1108 ecclesiam
1213 1070 1261 1123 per
1276 1070 1384 1109 manum
1403 1056 1557 1111 charissimi
1574 1057 1619 1111 dlii
1634 1058 1723 1115 nostri

926 1141 1042 1196 Conradi
1057 1141 1167 1197 illustris
1178 1142 1361 1199 Romanorum
1373 1144 1449 1216 regis
1459 1144 1526 1200 lacta
1536 1147 1721 1219 estetseripto

925 1245 976 1285 suo
991 1228 1106 1296 firmata,
1127 1246 1158 1286 se
1180 1230 1389 1287 observaturum
1410 1232 1522 1289 tirmiter
1535 1233 1563 1288 in
1578 1250 1660 1291 manu
1676 1252 1723 1292 ve·

925 1327 981 1373 stra
996 1318 1165 1389 promiserit,
1190 1325 1218 1375 et
1231 1318 1268 1375 de
1288 1320 1396 1375 damnis
1411 1329 1439 1375 et
1453 1321 1559 1389 injuriis
1573 1323 1663 1379 eidem
1676 1340 1723 1380 ec·

925 1405 1017 1461 ciesiae
1033 1416 1093 1476 post
1109 1407 1212 1463 lactant
1226 1410 1399 1464 concordiam
1413 1408 1494 1464 illatis
1509 1410 1682 1480 satislacsrit,
1696 1421 1723 1470 et

924 1495 1015 1565 ipsum
1037 1494 1071 1550 ab
1100 1495 1388 1552 excommunicationis
1415 1499 1549 1554 sententia
1571 1510 1597 1556 et
1621 1507 1724 1557 terram

925 1608 1001 1648 suam
1023 1593 1056 1647 ab
1081 1592 1226 1650 interdicto
1256 1594 1414 1651 absolvatis.
1439 1597 1479 1652 De
1498 1597 1607 1654 eaetaris
1628 1599 1652 1655 si
1673 1616 1724 1672 pra

886 1688 1000 1761 Boario
1014 1682 1165 1736 constiterit
1180 1682 1253 1754 quod
1278 1684 1348 1753 patri
1370 1700 1419 1740 suo
1448 1685 1553 1742 Simoni
1567 1703 1724 1744 excommn-

928 1768 1025 1824 nicatio
1040 1771 1210 1841 auvruntiataf
1224 1785 1278 1826 nou
1291 1771 1380 1841 luerit,
1392 1782 1420 1828 et
1434 1775 1459 1829 ei
1474 1775 1723 1842 viventi,Ecclesiae

926 1859 1180 1915 communicaverit.
1199 1859 1241 1914 vel
1255 1859 1278 1914 si
1293 1876 1343 1931 per
1358 1861 1472 1917 idoneos
1487 1872 1571 1919 testes
1585 1879 1722 1935 coguove-

928 1946 987 2001 ritis
1001 1945 1073 2018 quod
1088 1948 1118 2000 in
1132 1946 1243 2013 ultimis,
1265 1957 1378 2018 accepta
1401 1949 1562 2021 paenitentia
1576 1960 1604 2008 et
1617 1953 1725 2010 conlas-

927 2043 1003 2098 sione
1018 2042 1100 2110 lscta,
1131 2043 1214 2100 vitam
1243 2044 1354 2112 finierit,
1374 2055 1403 2102 et
1423 2046 1483 2113 ipse
1506 2050 1724 2108 ecelesiasticam

926 2131 1026 2187 habeat
1040 2131 1224 2202 sepulturam,
1233 2141 1259 2188 et
1273 2133 1369 2189 eadem
1385 2136 1537 2192 ecclesiast
1551 2138 1651 2193 divinis
1664 2156 1725 2212 pro·

925 2227 987 2289 pter
1001 2222 1052 2276 hoc
1065 2220 1100 2275 de
1114 2228 1217 2276 caetero
1230 2237 1285 2276 nou
1300 2231 1389 2279 cesset
1403 2222 1510 2280 officiis.
1526 2226 1556 2282 Si
1570 2243 1635 2283 vero
1648 2244 1723 2298 praa-

925 2307 998 2363 tatus
1011 2309 1066 2363 dux
1082 2309 1236 2375 llatthaeus,
1258 2309 1357 2366 lectam
1378 2313 1552 2369 concordiam
1576 2315 1723 2374 observare

925 2403 951 2452 et
966 2413 1026 2467 quae
1040 2405 1136 2467 postea
1146 2396 1266 2469 praelatae
1279 2399 1405 2456 ecclesiae
1418 2400 1527 2458 abstulit
1541 2404 1661 2460 reddere
1669 2421 1723 2462 no·

924 2493 1015 2560 luerit,
1032 2494 1075 2551 vel
1088 2496 1117 2550 in
1133 2497 1225 2551 anima
1239 2496 1320 2552 etiarn
1340 2497 1491 2571 intringere
1506 2502 1723 2572 presumpserit,

926 2591 981 2638 tam
999 2583 1058 2654 ipse
1072 2600 1153 2656 quarn
1182 2585 1361 2642 subadvocati
1385 2587 1576 2644 ministeriales
1599 2591 1651 2657 sui,
1675 2607 1725 2662 per

926 2672 1037 2744 quasin
1057 2671 1140 2728 bonis
1167 2673 1290 2742 ejusdem
1314 2674 1438 2731 ecclesie
1459 2677 1631 2747 tyrannidem
1646 2695 1725 2735 suam

926 2761 1090 2826 exercuerit,
1106 2770 1133 2817 et
1148 2769 1228 2818 terres
1251 2778 1349 2818 corum
1364 2763 1520 2833 supradicta
1533 2768 1723 2823 excummuni-

925 2849 1040 2905 cationis
1060 2858 1088 2905 et
1108 2849 1246 2907 interdicti
1270 2854 1403 2907 sententia
1417 2859 1574 2910 teneantur.
1592 2855 1621 2912 Si
1644 2871 1723 2926 vero,

926 2943 953 2993 tu
969 2937 1054 2993 irater
1081 2938 1232 3011 tilher-oni]
1256 2939 1428 2996 Trevirensis
1449 2940 1664 3015 archiepiscope,
1678 2944 1724 3000 in·

884 3033 1030 3113 Cteresse
1052 3041 1107 3082 nou
1134 3027 1268 3100 potueris,
1295 3044 1344 3084 vos
1372 3030 1462 3086 caeteri
1481 3031 1724 3099 transcensam

922 3114 1022 3185 ipsam,
1056 3115 1127 3172 siunt
1153 3132 1237 3187 supra
1263 3117 1363 3188 scripta
1396 3125 1447 3186 cst,
1476 3119 1585 3177 effectui
1616 3123 1723 3180 manci·

922 3204 1013 3276 pietis.

957 3301 1056 3357 Datum
1068 3302 1204 3372 Laterani,
1220 3302 1364 3360 undecima
1375 3303 1514 3363 Kalendas
1527 3307 1637 3380 Aprilis.

1296 3426 1346 3481 Xl.

921 3545 962 3602 dd
978 3543 1145 3604 Cercusium
1159 3546 1287 3604 abbatem
1300 3547 1331 3607 S.
1346 3551 1481 3609 Gerrnoni
1490 3553 1720 3615 succentores·

956 3621 1005 3674 sis.
1013 3647 1047 3658 -
1055 3619 1093 3675 De
1101 3622 1294 3676 controversie
1304 3634 1369 3676 cum
1382 3623 1684 3686 Viacilccensiubbutc.

1145 3744 1236 3814 (huno
1252 3747 1330 3812 llll,
1347 3747 1428 3805 llart.
1442 3750 1501 3819 ⁶22.)

1107 3837 1355 3912 [llans1,Goncil..,
1370 3844 1448 3912 XXl,
1463 3847 1536 3920 fite]

957 3937 1057 3993 Luctus
1074 3938 1231 4009 episcopus,
1261 3955 1359 3996 servus
1380 3958 1522 4000 servorum
1544 3946 1604 4015 Dei,
1620 3949 1720 4010 dilecto

921 4025 977 4081 filio
992 4026 1084 4081 abbati
1099 4025 1189 4082 Sancti
1213 4026 1349 4085 Germani
1376 4032 1536 4104 Autissiod,
1558 4035 1717 4096 salutemet

919 4115 1096 4185 apostolicam
1112 4115 1343 4173 benedictionem.

955 4204 1076 4259 Dilectus
1099 4202 1170 4259 ivlius
1182 4213 1275 4261 noster
1297 4207 1408 4264 Pontius
1424 4209 1617 4269 vizeliacensis
1630 4215 1717 4272 abbas

919 4291 954 4347 ad
971 4299 1091 4347 nostram
1115 4294 1288 4364 presentium
1316 4295 1441 4365 veniens,
1457 4308 1570 4370 questus
1582 4311 1624 4358 est
1640 4307 1715 4377 quod

67 4389 193 4447 eamdem
212 4388 367 4444 Ecclesiam
382 4387 566 4459 persequitur,
583 4393 610 4441 et
623 4386 733 4457 predis,
750 4386 861 4456 rapinis,
878 4407 904 4469 D
920 4388 1075 4461 inquudam
1096 4406 1210 4447 nemore
1238 4392 1287 4447 tihi
1308 4401 1335 4449 at
1357 4394 1410 4464 ipsi
1432 4398 1569 4452 communi
1591 4400 1717 4461 homiues

67 4479 149 4536 novis
164 4476 362 4544 exactionibus,
387 4484 441 4531 tarn
464 4476 491 4530 in
514 4475 622 4531 clericis
635 4490 719 4547 quam
734 4474 761 4528 in
776 4475 861 4541 laicis,

65 4567 159 4624 multis
172 4565 387 4640 gravaminibus,
404 4564 476 4619 bona
490 4572 516 4620 et
530 4564 721 4635 possessiones
741 4564 862 4632 ejusdem

63 4657 196 4714 Ecclesiae
220 4653 311 4725 diripit
339 4662 366 4708 et
390 4661 487 4721 vastat,
516 4652 640 4724 quamvis
664 4652 689 4706 iu
717 4654 863 4724 prasentia

63 4753 218 4813 charissimi
233 4751 281 4806 irlii
296 4750 383 4806 nostri
398 4750 517 4806 conradi
534 4749 650 4804 illustris
676 4750 861 4807 Romanorum

63 4844 150 4917 regis,
167 4858 231 4899 curn
253 4841 390 4895 abbatissa
406 4847 432 4895 et
454 4838 704 4894 sanctimonialibus
724 4840 862 4910 praedictae

61 4931 196 4990 Ecclesia
210 4945 307 5003 pacem
323 4928 428 4990 lecerit,
458 4934 485 4982 et
501 4927 574 4997 apud
590 4928 783 4984 Romariceuse
798 4944 860 4984 nao-

60 5015 211 5074 nastarium
235 5014 337 5084 scriptu
352 5021 399 5067 tuo
421 5010 581 5066 firmaverit.
606 5012 684 5067 Unde
709 5020 736 5068 et
750 5014 860 5083 prede·

61 5120 173 5164 cassare
201 5111 295 5159 nostro
321 5104 400 5157 honae
428 5101 567 5156 memoriae
589 5116 661 5171 papa
688 5102 857 5169 lnnuccutio,

60 5203 105 5252 est
128 5189 420 5250 excommunicationis
437 5188 548 5244 viuculo
572 5189 729 5257 innodatus,
744 5198 771 5247 et
786 5198 859 5246 terra

59 5309 110 5349 suu
123 5307 139 5347 a
154 5288 255 5346 divinis
267 5284 523 5353 interdictaoiliciis,
538 5296 638 5358 praeter
649 5287 783 5358 baptisma
795 5303 859 5360 pue

58 5396 152 5438 rorum
169 5389 196 5435 ct
209 5375 383 5449 poeuitentias
407 5376 591 5430 morientium.
612 5375 682 5443 Quia
703 5375 785 5447 igitur
808 5394 859 5434 eu-

58 5469 125 5526 dem
140 5466 292 5531 abbatissa,
314 5480 363 5536 per
383 5465 484 5519 multos
505 5463 614 5520 labores
629 5465 663 5520 ad
678 5466 772 5521 sedem
788 5481 857 5537 apo-

57 5555 184 5614 stolicam
196 5553 322 5623 veniens,
343 5568 408 5609 suas
430 5562 456 5609 et
468 5568 593 5610 sororum
607 5568 714 5610 surram
729 5553 858 5612 miserias

199 5652 335 5719 Parnes.
361 5651 532 5717 CLXXIX.

919 4492 986 4533 suos
1000 4479 1062 4548 capi
1074 4478 1184 4547 leceris,
1200 4491 1227 4536 et
1240 4481 1421 4538 servientibus
1437 4485 1543 4541 comitis
1558 4488 1715 4546 Nivernen-

917 4565 956 4620 sis
969 4567 1180 4624 incarcerandos
1195 4570 1352 4626 tradideris.
1378 4570 1454 4641 Quos
1468 4589 1532 4630 cum
1546 4590 1563 4630 a
1578 4586 1603 4633 te
1619 4583 1714 4652 requi·

916 4654 1007 4720 sisset,
1024 4665 1051 4711 et
1067 4657 1166 4713 habere
1179 4673 1234 4712 non
1249 4667 1354 4730 posset,
1375 4675 1426 4731 pro
1440 4677 1534 4718 corum
1549 4664 1714 4730 liberatione

915 4746 1093 4815 fidejussores
1119 4746 1203 4814 dedit,
1233 4755 1374 4804 attextum
1403 4751 1549 4824 Evangelii
1574 4758 1710 4819 tradidit:

914 4846 986 4917 quod
1003 4844 1075 4916 quis,
1093 4850 1186 4900 contra
1206 4842 1372 4916 religionem
1395 4855 1421 4902 et
1436 4848 1560 4907 lraternae
1573 4854 1710 4916 charitatis

914 4932 1061 5000 vinculum,
1078 4931 1180 4988 lactum
1195 4930 1280 4988 luisse
1294 4937 1471 5007 cognoscitur
1482 4955 1489 4991 :
1502 4955 1551 5008 per
1563 4949 1709 5012 presentia

913 5021 962 5076 tibi
975 5022 1078 5092 scripta
1097 5021 1266 5088 mandamus,
1292 5033 1427 5095 quatenus
1447 5026 1577 5084 dilatione
1591 5045 1706 5107 remota,

912 5117 1056 5165 attextum
1077 5109 1287 5182 Evangeliorum
1309 5119 1362 5167 tam
1383 5113 1535 5176 inordinate
1551 5134 1707 5196 susceptum

912 5196 937 5253 ei
951 5197 1078 5253 restituas
1092 5205 1119 5254 ct
1141 5196 1320 5267 fideiussores
1342 5217 1409 5258 suos
1423 5204 1562 5267 absolvas.
1579 5214 1706 5274 Postmo—

911 5294 975 5350 dum
988 5309 1064 5362 vero,
1080 5296 1105 5350 si
1119 5311 1200 5368 quam
1224 5295 1359 5353 adversus
1378 5299 1467 5370 ipsum
1483 5312 1509 5363 le
1523 5309 1637 5366 confidis
1657 5315 1706 5370 ha·

911 5383 976 5439 bare
988 5383 1130 5454 justitiam,
1155 5384 1345 5456 inpraesentia
1366 5394 1533 5453 venerabilis
1547 5397 1636 5455 fratris
1653 5418 1707 5458 no-

910 5471 959 5526 stri
973 5470 1117 5526 Gudelridi
1132 5472 1248 5542 bingen,
1263 5474 1386 5547 episcopi
1407 5481 1481 5550 quod
1498 5482 1602 5553 justitia
1614 5488 1705 5546 dicta-

910 5558 988 5631 verit,
1004 5558 1143 5618 obtineas.
1168 5560 1207 5617 iia
1224 5574 1335 5639 quoque
1355 5578 1419 5638 que
1432 5567 1562 5631 liutberto
1576 5576 1707 5637 servienti
