3750 6000
65 249 118 303 373

697 245 935 304 epistolant
954 246 1168 304 rtttvttntttr.

1668 247 1719 303 art

63 369 197 428 Ruinaldo
211 368 421 441 archiepiscopo
433 367 511 425 robis
522 361 864 438 eorrolroratas,proesenti
880 367 1022 428 Adileeto
1052 368 1106 425 filio
1134 371 1298 426 Trrrarnano
1327 372 1472 441 praeposito
1503 372 1622 441 (Scilicet
1664 371 1723 424 llo-

64 459 176 514 deereto
191 469 290 513 restrae
314 459 445 515 Ecclesiae
464 456 680 519 confirmamus;
702 455 865 525 adjicientes

63 549 143 604 etiarn
158 556 186 602 ut
201 547 272 602 ordo
290 548 439 603 canonicas
454 545 499 618 qni
514 545 666 601 seeundum
682 543 752 599 beati
770 545 862 612 liugae

62 637 122 691 stini
137 635 278 708 regulam,
308 643 334 691 et
348 635 543 690 institutionem
561 632 650 689 fratris
679 632 763 687 nostri
787 632 865 686 bonae

63 724 206 776 memoriae
218 719 350 776 Norberti
365 718 564 788 archiepiscopi
576 717 602 772 in
618 718 712 773 eadem
727 724 767 772 cst
778 713 865 770 eccla·

57 810 94 864 sia
124 807 271 873 stabilitus,
302 808 400 864 futuris
421 808 587 878 temporibus
607 807 708 860 ibidem
729 813 860 876 perpetuo

60 905 240 954 conservetur
256 914 263 959 ;
281 898 420 953 sancimus
432 898 551 952 etiamut
571 895 637 949 nulli
654 893 766 949 fratrum
782 892 864 963 ejus·

59 987 120 1042 dem
137 985 265 1042 ecelesias
281 993 341 1055 post
356 986 453 1041 factam
475 984 510 1038 ibi
531 983 730 1055 professionem
759 982 864 1052 absque

59 1082 152 1130 restro
167 1090 285 1135 amensa
300 1083 326 1130 ιι
340 1073 450 1145 capituli
464 1073 550 1145 ipsius
561 1072 625 1137 loci,
638 1072 672 1127 ad
683 1072 764 1126 aliam
778 1069 865 1127 eccle·

57 1164 125 1219 siam
141 1163 226 1219 liceat
244 1162 451 1234 transmigrare.
471 1177 522 1219 neo
542 1161 670 1217 eumdem
694 1159 863 1230 transfugam

63 1261 193 1332 cuiquam
221 1261 363 1331 suscipere
382 1259 462 1314 liceat
485 1259 530 1314 val
551 1271 655 1323 tenere,
679 1255 724 1328 qui
738 1255 820 1311 etiarn
840 1257 864 1311 si

63 1351 192 1405 inritatus
215 1349 402 1420 canoniceque
426 1348 607 1404 commonitus
625 1347 716 1401 redire
734 1344 861 1412 noluerit,

58 1438 146 1493 abbas
158 1439 255 1493 ineam
266 1433 760 1506 canonicamsententiamperferendi
768 1435 865 1488 lrabeat

920 459 1130 527 merstebienst),
1157 469 1182 514 et
1212 460 1349 515 universis
1380 461 1500 531 praelatis
1528 460 1722 517 canonicorum

919 548 1087 619 regularium
1104 565 1154 619 per
1173 549 1437 604 llalberstaiensem
1453 549 1638 620 episcopatum
1653 564 1722 604 con·

919 636 1033 701 stitutis,
1060 644 1114 691 tam
1137 639 1324 708 praesentibus
1344 655 1426 711 quam
1455 638 1552 693 futuris
1567 639 1592 692 in
1620 653 1721 708 perpe-

919 731 1006 779 tuum.

955 822 1002 877 l‘ia
1030 822 1175 894 postulatio
1211 824 1355 880 voluntatis
1384 823 1480 879 affeetu
1510 825 1591 880 debet
1622 839 1720 894 prose-

919 920 1018 982 quente
1033 911 1174 982 compleri,
1196 920 1221 966 et
1240 921 1270 967 ut
1297 911 1385 968 fidelis
1414 913 1523 970 devotio
1548 912 1717 968 laudabiliter

918 1000 1059 1067 enitescat,
1088 1008 1114 1057 et
1136 1000 1238 1056 utilitas
1267 1003 1402 1072 postulata
1431 1005 1506 1058 vires
1533 1003 1720 1057 indubitanter

918 1097 1054 1144 assumat.
1079 1090 1208 1162 Ideoque,
1228 1088 1320 1147 dilecti
1349 1091 1375 1145 in
1391 1091 1508 1146 Domino
1525 1090 1582 1158 filii,
1612 1091 1714 1146 vestris

915 1177 999 1248 justis
1013 1179 1188 1250 petitionibus
1202 1186 1312 1250 gratum
1328 1180 1484 1251 praebentes
1498 1196 1652 1246 assensum,
1668 1195 1717 1236 ec·

918 1267 1016 1322 olesias
1032 1268 1130 1339 qrribus
1145 1284 1248 1339 praesse
1264 1268 1404 1335 videmini,
1430 1270 1619 1340 possessiones
1634 1270 1715 1324 etiarn

916 1363 943 1410 et
958 1359 1029 1411 bona
1043 1358 1078 1410 al
1095 1357 1168 1426 ipsas
1197 1356 1358 1426 pertinentia
1385 1357 1436 1412 sub
1452 1357 1611 1428 apostolicas
1639 1358 1715 1412 sedis

919 1439 1002 1494 tutela
1017 1448 1043 1494 et
1057 1441 1225 1510 protectione
1240 1440 1415 1511 suscipimus,
1445 1450 1471 1496 et
1486 1441 1614 1512 praescnti
1629 1441 1717 1512 priri-

60 1527 230 1583 facultatem.
247 1527 288 1582 lie
301 1526 441 1582 laboribus
461 1542 529 1597 quos
548 1524 666 1597 propriis
682 1521 807 1577 manibus
821 1520 865 1578 vel
918 1527 991 1599 legio
1027 1529 1239 1585 communimus.
1279 1530 1432 1586 statuentes
1476 1538 1505 1585 ιιι
1541 1546 1717 1602 quascunque

59 1616 216 1686 sumptibus
239 1614 328 1671 colitis
357 1615 491 1671 decimam
514 1614 624 1670 arabis
653 1612 728 1683 exigi
754 1611 865 1667 omnino
918 1616 1165 1687 possessionesve!
1185 1617 1257 1673 bona
1286 1618 1462 1685 inecolasiis,
1483 1618 1656 1674 terriscultis
1673 1619 1716 1674 vel

60 1704 251 1775 prohibemus.
290 1704 390 1760 Verum
424 1702 610 1760 ecelesiastica
638 1708 813 1757 sacramenia
850 1705 1153 1783 aflineultis,rineis,
1184 1707 1279 1778 pratis,
1308 1707 1416 1774 bannis,
1441 1707 1614 1775 molendinis,
1630 1709 1717 1777 silvis,

63 1793 226 1848 diaecesano
236 1793 542 1864 episeoposuseipietis,
555 1793 578 1846 si
588 1790 698 1862 quidem
709 1788 866 1845 catholicus
922 1795 1032 1866 pascuis
1049 1811 1097 1850 seu
1114 1795 1174 1849 aliis
1190 1797 1272 1851 rebus
1281 1796 1518 1868 inpraesentiarum
1531 1797 1602 1866 juste
1617 1806 1643 1852 et
1654 1797 1721 1869 legi·

63 1880 154 1945 fuerit,
176 1890 205 1937 ct
219 1881 336 1953 gratiam
365 1890 447 1953 atque
465 1880 685 1936 communionem
712 1877 869 1949 apostolicas
923 1884 986 1939 time
1003 1884 1159 1955 possidetis,
1175 1893 1221 1939 aut
1235 1885 1262 1938 in
1278 1884 1398 1940 futurum
1413 1887 1593 1942 concessione
1608 1885 1719 1956 pontifi·

65 1970 140 2025 sedis
170 1969 308 2037 babuerit,
328 1985 416 2040 enqrre
441 1970 519 2024 rolris
543 1968 602 2023 sine
621 1967 752 2038 pravitate
772 1974 798 2022 et
817 1981 867 2021 ex·
922 1987 994 2032 cum,
1011 1972 1171 2027 liberalitate
1198 1988 1293 2044 regum
1313 1972 1357 2027 vel
1383 1973 1546 2044 principum,
1577 1973 1716 2028 oblatione

62 2059 172 2114 actione
205 2058 322 2113 voluerit
347 2059 505 2120 exhibere:
532 2056 653 2128 alioquin
687 2054 866 2126 Catholicum,
923 2058 1052 2126 fidelium,
1069 2061 1399 2132 seualiisjustismodis,
1428 2062 1576 2116 auxiliante
1592 2062 1717 2131 Domino,

63 2161 259 2219 quemcunque
274 2147 432 2212 malueritis,
449 2146 551 2201 adeatis
566 2145 724 2211 antistitem,
754 2144 801 2217 qui
819 2157 868 2198 no·
923 2149 1044 2220 poteritis
1067 2149 1192 2218 adipisci,
1222 2147 1301 2205 firma
1316 2149 1392 2204 robis
1421 2159 1511 2222 etper
1537 2166 1587 2206 ros
1615 2150 1719 2206 eisdem

66 2246 121 2290 stra
141 2233 229 2291 fultus
248 2235 417 2305 auctoritate,
443 2235 515 2306 quod
540 2234 696 2305 postulatur
715 2231 867 2304 indulgeat·
923 2237 1045 2294 ecelesiis
1062 2247 1088 2293 et
1102 2238 1205 2293 illibata
1228 2248 1417 2310 permaneant.
1435 2239 1612 2294 becemimus
1640 2239 1721 2294 etiam

59 2325 131 2381 Nulli
164 2340 235 2396 ergo
258 2324 397 2378 bominum
429 2323 471 2379 fas
497 2323 532 2377 sit
566 2331 727 2394 presentem
749 2329 866 2377 vestram

66 2414 212 2470 ecclesiam
230 2421 332 2468 temere
346 2412 516 2483 perturbare,
529 2420 574 2466 aut
602 2413 662 2481 ejus
680 2410 869 2482 possessiones

65 2502 185 2568 anferre,
199 2503 244 2558 rel
259 2501 367 2556 ablatas
382 2500 508 2571 retinere,
537 2501 669 2564 minuere,
690 2515 737 2555 seu
753 2498 871 2571 quibus-

67 2592 133 2647 libet
152 2590 291 2647 molestiis
310 2590 435 2661 fatigare,
469 2594 519 2646 sed
542 2589 634 2646 omnia
659 2587 739 2645 robis
760 2587 869 2657 integra

66 2699 269 2747 conserventur
287 2703 393 2755 eorum,
409 2705 460 2760 pro
487 2705 604 2760 qnorum
625 2685 825 2761 gubernatione
843 2691 871 2740 et

65 2779 267 2834 sustentatione
285 2793 417 2834 concessa
446 2787 518 2846 runt,
546 2778 642 2832 usibus
661 2775 811 2847 profutura.
840 2772 870 2830 Si

65 2870 125 2940 quis
139 2883 211 2923 sane
238 2883 305 2922 ausu
320 2866 463 2922 temerario
486 2866 548 2923 huic
564 2873 664 2921 nostrae
683 2861 869 2920 eonstitutloni

63 2957 185 3012 scienter·
202 2954 344 3011 contraire
370 2956 584 3026 presumpserit,
605 2952 726 3010 secundo
754 2953 869 3008 tertiora

69 3044 264 3107 commonitus,
284 3044 307 3098 si
322 3058 378 3099 non
394 3043 636 3114 presumptionem
653 3057 730 3097 suam
745 3055 870 3112 congrua

923 2334 951 2381 ut
966 2327 1033 2383 ordo
1061 2327 1219 2394 canonieus,
1244 2327 1288 2398 qui
1304 2328 1453 2383 secundum
1480 2327 1551 2382 beati
1575 2327 1721 2399 Augustini

924 2415 1055 2487 Regulam
1071 2415 1097 2470 in
1113 2415 1215 2472 eisdem
1231 2415 1356 2472 eeclesiis
1370 2415 1492 2471 noscitur
1506 2415 1654 2481 institutus,
1671 2423 1718 2470 aut

923 2505 950 2559 in
965 2505 1034 2570 aliis,
1052 2505 1109 2560 Deo
1125 2504 1243 2575 propitio
1264 2504 1429 2569 instituetur,
1456 2504 1597 2576 perpetuis
1626 2504 1722 2560 futuris

923 2594 1091 2663 temporibus
1121 2592 1314 2649 inviolabiliter
1342 2601 1531 2649 conservetur.
1560 2594 1590 2647 ln
1617 2592 1719 2665 quibus

923 2683 1057 2754 siquidem
1080 2681 1149 2737 locis
1164 2681 1297 2755 regularis
1311 2682 1373 2738 ritae
1386 2682 1455 2737 ordo
1469 2699 1516 2737 seu
1530 2682 1675 2752 disciplina
1690 2697 1723 2740 eo

923 2770 1098 2827 districtioris
1113 2771 1303 2826 moderamine
1318 2785 1367 2826 seu
1395 2769 1561 2828 discretione
1587 2780 1722 2839 servetur,

923 2867 952 2914 ut
967 2859 1044 2914 salva
1059 2859 1235 2930 professione
1250 2859 1312 2915 vitea
1334 2859 1512 2928 canonicalis,
1539 2860 1638 2915 fratres
1668 2876 1723 2916 non

923 2949 1038 3004 cadendi
1067 2949 1102 3003 ad
1133 2947 1274 3012 inferiora,
1303 2947 1353 3003 sed
1375 2964 1484 3020 semper
1498 2949 1532 3003 ad
1561 2949 1725 3019 perfectiora

922 3048 1088 3104 ascendendi
1103 3048 1221 3103 habeant
1235 3047 1403 3103 facultatem.
1418 3048 1490 3103 Nulli
1506 3047 1588 3103 etiam
1604 3048 1721 3104 canoni-

70 3134 264 3190 tmendtliosse
282 3133 443 3199 cmxliii,
467 3130 746 3188 θῐΰθῐῃῐῐὶῑῐῦὶῦθῑῑθῦῑ
775 3129 870 3196 ⁸¹¹bl'8·
925 3153 1020 3194 corum
1035 3136 1137 3193 licitum
1153 3138 1187 3192 sit
1202 3144 1262 3208 post
1278 3136 1375 3192 factam
1404 3136 1605 3206 professionem
1619 3138 1723 3209 absque

64 3231 124 3278 reat
139 3241 148 3290 r
165 3229 364 3278 conservantes
391 3229 480 3277 mrem
509 3222 568 3276 har
587 3218 781 3290 omnipotentis
809 3216 867 3272 ner.
924 3226 1009 3281 libera
1025 3225 1163 3297 prepositi
1177 3232 1203 3280 ιι
1218 3225 1328 3294 capam
1354 3225 1396 3280 sur
1411 3225 1517 3280 ticenae
1533 3225 1568 3280 οι
1583 3225 1723 3280 reviserem

68 3311 213 3368 beatorum
234 3311 306 3366 Patri
321 3317 348 3366 el
371 3310 446 3365 Pauli
460 3309 646 3382 apostolorum
673 3308 785 3380 attilam
800 3320 869 3363 00¹1·
924 3323 966 3371 aut
979 3313 1147 3370 discretioris
1162 3313 1224 3368 ritae
1238 3312 1438 3368 observantiam
1459 3313 1590 3369 ecclesias
1614 3322 1721 3369 vestras

64 3406 226 3471 manantur.
242 3401 340 3465 Amen,
355 3414 445 3454 amen.
923 3403 1081 3474 relinquere
1110 3410 1138 3457 et
1167 3403 1202 3457 ad
1218 3401 1270 3457 alia
1298 3402 1359 3458 loca
1375 3402 1500 3458 transire.
1527 3403 1718 3458 Discedentem

99 3495 161 3568 ligo
200 3495 378 3552 innocentius
415 3493 562 3551 Catholicae
598 3491 723 3551 ccclesiae
758 3491 866 3564 episeo·
923 3491 1096 3547 veronullus
1124 3491 1326 3563 episcoporum,
1347 3491 1477 3546 abbatum
1493 3499 1520 3547 et
1535 3491 1654 3562 priorum
1671 3508 1724 3546 au-

64 3600 126 3657 pes,
143 3592 201 3640 ete.
923 3580 984 3636 deat
999 3581 1126 3637 retinere.
1146 3580 1175 3636 Si
1202 3579 1268 3651 quid
1282 3595 1348 3637 vero
1364 3581 1580 3651 perturbationis
1598 3596 1647 3636 seu
1661 3580 1721 3636 dis-

98 3682 204 3738 Datum
233 3681 362 3738 Laterani
388 3697 438 3753 per
465 3696 573 3736 manum
606 3680 684 3736 Lucae
713 3677 867 3750 presbyteri
923 3676 1023 3734 cordiae
1051 3677 1122 3732 inter
1158 3676 1255 3732 fratres
1284 3684 1384 3734 vestrae
1412 3677 1593 3748 professionis
1629 3684 1721 3734 ortum

65 3770 216 3828 cardinalis
239 3771 347 3842 agentis
365 3771 453 3826 ricern
471 3769 563 3826 domni
590 3768 728 3836 aimerici,
767 3774 870 3824 sanetas
923 3765 1013 3829 luerit,
1042 3764 1182 3836 prepositi
1210 3764 1321 3820 fratrum
1350 3773 1499 3823 vestrarum
1528 3768 1722 3840 congregatio·

61 3858 195 3916 Romanae
208 3858 342 3916 Ecclesia
354 3857 463 3914 diaconi
482 3856 633 3914 cardinalis
653 3864 680 3912 et
699 3855 869 3920 cancellarii,
921 3870 989 3910 num
1006 3854 1032 3908 in
1048 3869 1129 3908 unum
1146 3852 1319 3918 conveniant,
1335 3869 1452 3924 quorum
1467 3854 1593 3910 studioet
1606 3856 1723 3928 diligen-

67 3948 176 4003 rrldns
191 3946 366 4016 Novembris,
381 3945 529 4003 indictione
540 3962 558 4013 r,
569 3944 769 4003 lnearnationis
779 3943 871 4000 Domi·
922 3944 969 4011 tia,
998 3941 1196 4008 controversie,
1225 3958 1287 4014 quae
1315 3943 1527 3998 intereosorta
1554 3951 1604 4011 est,
1622 3943 1645 3998 si
1659 3942 1718 3999 fieri

60 4035 129 4093 niara
141 4050 219 4092 anno
233 4037 311 4102 1138,
339 4033 512 4109 pontificatus
526 4050 593 4092 raro
621 4035 653 4090 b.
672 4031 822 4090 innocentii
842 4031 867 4087 ll
923 4035 1023 4104 potest,
1044 4028 1152 4085 finiatur
1170 4049 1177 4094 ;
1192 4029 1311 4102 alioquin
1327 4030 1364 4085 ad
1378 4029 1536 4101 episcopum
1554 4041 1718 4087 recurratur.

62 4139 141 4198 papa
156 4138 233 4181 anno
247 4138 307 4182 rm.

383 4221 540 4278 CCCXXV.

69 4323 278 4379 dnnmicmum
293 4336 324 4376 rc
364 4320 470 4376 tamum
478 4336 529 4392 per
538 4319 798 4376 Helberalodsnsem
812 4317 868 4389 epl-

921 4127 1001 4196 Quod
1016 4126 1041 4182 si
1055 4141 1107 4183 neo
1121 4142 1171 4198 per
1198 4126 1285 4199 ipsum
1315 4141 1369 4198 pax
1396 4125 1539 4182 reformari
1553 4127 1662 4199 poterit,
1684 4128 1718 4182 ad

922 4217 1072 4273 Romanum
1090 4213 1243 4287 pontificem
1258 4230 1341 4271 eausa
1365 4214 1462 4271 eadem
1478 4215 1640 4287 quantocius
1653 4233 1718 4288 per·

921 4306 1031 4362 feratur.
1050 4307 1181 4361 Praeterea
1196 4304 1229 4359 ad
1244 4319 1339 4376 pacem
1355 4313 1381 4360 et
1393 4304 1512 4376 quietem
1528 4304 1605 4360 robis
1621 4321 1719 4377 perpe-

80 4397 231 4465 acopotum
241 4406 308 4448 conr
334 4395 464 4448 latorum
473 4391 657 4459 disciplinam
666 4391 790 4463 legesque
801 4405 864 4445 con·
920 4402 966 4450 tuo
980 4393 1172 4450 conferendam
1187 4393 1332 4449 statuimus
1347 4400 1386 4462 ut,
1398 4393 1421 4449 si
1431 4393 1719 4466 aliquaecclesiastice

83 4464 195 4533 mmor.

291 4559 380 4629 (anno
395 4562 475 4626 alst,
496 4559 567 4616 Nor.
584 4559 641 4621 ll.)

119 4655 305 4730 {smmum
317 4662 346 4713 at
359 4657 485 4713 Kasrsra
498 4656 664 4730 diplomat„
679 4654 713 4724 ll,
730 4652 805 4727 aab]

379 4754 544 4813 cccxxvt.

66 4850 868 4926 remansuras.sanatrmsprtrpenmprorecrtonem

83 4921 219 4998 rescipit,
229 4923 437 4997 privilegioque
445 4927 475 4980 ef
484 4924 676 4996 possessiones
687 4921 847 4991 confirmat.

296 5009 388 5083 (anno
403 5010 481 5077 1188,
498 5011 569 5066 Nor.
585 5010 642 5080 tt.)

106 5100 222 5175 {lotan
237 5100 326 5157 fleltn
342 5116 366 5157 s.
381 5098 568 5156 Niedersaclrs
583 5097 696 5168 Gesch,
712 5098 733 5168 l,
749 5096 823 5171 111]

375 5186 559 5245 cccxxvii

134 5276 325 5351 Prlallspiarm
337 5292 390 5352 pro
404 5277 529 5336 Erotem
550 5275 795 5332 flamerslebr'ensl.

301 5366 390 5434 (anno
404 5367 484 5434 llas,
495 5366 566 5422 Nor.
585 5363 639 5435 tl.)

67 5456 243 5530 [Lumen.
257 5455 452 5531 antiqnitates
480 5453 759 5526 tutelerrlurgrnaea,
785 5458 808 5507 ι.
844 5452 866 5521 1,

438 5566 446 5582 .
482 5529 508 5580 t.

97 5624 299 5684 marma
315 5530 480 5696 mango:
510 5523 608 5681 darn
630 5634 772 5680 sanorum
804 5620 865 5687 bei,

918 4483 1220 4555 saecularisrepersoaa
1233 4498 1283 4539 ros
1298 4483 1356 4538 sire
1371 4482 1504 4539 ecelesias
1521 4491 1627 4539 vestras
1638 4500 1721 4555 super

919 4572 961 4626 his
976 4571 1111 4643 capitulis,
1132 4570 1226 4626 aliisve
1256 4572 1338 4627 rebus
1353 4586 1470 4644 gravare
1485 4572 1610 4641 voluerit,
1637 4573 1719 4629 liceat

918 4661 997 4717 robis
1010 4659 1200 4731 appellationis
1215 4659 1338 4716 remedio
1354 4659 1470 4732 perfrui.
1486 4661 1618 4716 Volumus
1634 4663 1717 4717 etiarn

919 4748 1080 4822 praepositos
1089 4757 1238 4803 uestrarum
1253 4748 1500 4822 congregationum
1514 4749 1541 4804 in
1553 4748 1718 4805 exaltatione

921 4855 1022 4902 sanctae
1037 4845 1132 4902 Crucis
1147 4845 1293 4903 convenire
1321 4845 1437 4918 singulis
1452 4844 1541 4912 aunis,
1557 4854 1587 4900 ut
1614 4846 1637 4900 si
1653 4846 1719 4919 quid

921 4945 987 5001 inibi
1002 4946 1036 5002 de
1051 4945 1145 5002 ordine
1159 4951 1253 5001 restro
1268 4944 1472 5016 corrigendum,
1499 4946 1639 5000 communi
1653 4961 1720 5001 con·

922 5043 983 5099 silio
997 5042 1099 5099 ibidem
1113 5041 1262 5099 auxiliante
1277 5041 1393 5097 Domino
1407 5045 1554 5098 statuatur.
1575 5041 1623 5096 llle
1638 5058 1715 5109 raro,

923 5141 968 5211 qui
982 5140 1150 5196 convocandi
1164 5149 1327 5197 conventum
1337 5138 1493 5208 hujusmodi
1507 5139 1718 5196 administrandi

922 5239 1056 5306 habuerit,
1076 5238 1257 5295 communiter
1275 5238 1404 5309 eligatur.
1427 5237 1506 5308 Quod
1521 5247 1614 5295 autem
1635 5239 1721 5295 ibide

922 5337 1112 5393 emendatione
1125 5337 1182 5393 sire
1199 5335 1390 5393 melioratione
1406 5337 1490 5392 vestri
1519 5337 1622 5395 ordinis
1642 5338 1721 5393 insti-

922 5442 1006 5489 tutum
1024 5432 1105 5488 luerit
1129 5449 1145 5489 a
1161 5434 1276 5489 subditis
1300 5434 1530 5508 irrefragabiliter
1548 5435 1720 5490 observetur.

923 5532 1033 5587 Fratres
1048 5547 1168 5602 quoque,
1197 5534 1244 5604 qui
1271 5532 1419 5588 (lavastris
1447 5533 1573 5589 claustris
1588 5533 1722 5605 assumpti

922 5618 950 5675 in
964 5618 1025 5676 aliis
1055 5618 1180 5677 ecclesiis
1207 5626 1269 5677 sunt
1283 5619 1424 5679 constituti
1439 5619 1592 5694 prepositi,
1622 5629 1668 5678 aut
1695 5622 1723 5676 in
