3750 6000
152 192 205 248 ³27

784 189 990 249 innocenter
1007 189 1033 246 lt
1055 187 1162 247 PAPAE.

1741 190 1794 250 828

152 315 201 373 W.
227 314 393 390 augustensi
419 315 549 388 episcopo
577 310 734 369 mandando
770 310 945 382 precipimus
960 315 989 379 Α
1004 313 1176 370 sacerdotem
1191 313 1219 369 in
1235 315 1333 371 eudem
1348 322 1440 372 vestro
1455 313 1583 374 eoenobio
1597 315 1650 373 sibi
1669 315 1801 374 ditionem

152 412 288 478 quatenus
302 406 415 477 praefatu
430 401 522 461 abbati
536 408 632 460 vestro
647 401 674 456 in
689 399 769 457 bonis
778 408 823 454 aut
834 399 915 455 etiem
924 399 952 453 in

152 493 393 568 personisnnllam
410 494 562 550 decaetero
585 490 714 561 injuriam
737 488 781 545 vel
799 487 950 544 molestiam

155 584 264 652 inferet,
280 583 329 639 sed
345 583 446 656 potius,
463 590 517 638 tem
533 596 582 637 vos
596 595 676 652 quam
692 578 783 650 ipsum
793 577 820 632 in
831 593 897 650 pace
911 577 951 633 vi·

153 687 218 728 vere
232 679 260 727 et
273 673 332 728 Deo
347 672 451 728 servire
467 670 614 742 permittat.
630 667 711 736 Quod
723 667 795 722 enim
819 667 848 722 in
878 664 951 723 curia

156 761 290 833 imperiali
305 776 391 817 causa
406 760 515 832 cognite
530 761 666 815 sententia
676 756 832 828 principum
846 761 888 810 est
902 770 952 811 ra·

153 849 320 906 tinnabiliter
326 849 484 920 judicatum,
496 851 529 905 de
544 848 627 903 fundu
641 845 770 904 videlicet
780 845 807 900 in
818 845 951 916 quoidem

155 939 353 998 monasterium
369 939 449 994 situm
465 947 518 1008 est,
533 937 661 993 nolumus
676 934 822 1002 immutari,
838 934 888 990 sed
902 948 952 989 ra·

155 1036 213 1084 tum
224 1029 329 1084 baberi.

190 1119 305 1174 Neurus
314 1117 398 1174 lateat
406 1117 532 1190 quoniam
543 1114 685 1189 praefatum
694 1115 820 1171 abbatem
830 1120 951 1171 vestrum

153 1223 168 1263 a
185 1201 950 1279 vinculosnpradictaeexcommunicationisabsolvimus,

152 1304 187 1363 at,
205 1303 235 1351 ut
251 1296 277 1352 ei
294 1301 421 1368 tanquam
434 1295 547 1367 praelato
561 1311 592 1351 ac
614 1294 747 1368 magistro
770 1291 951 1349 obedientiam

155 1394 182 1441 et
196 1386 378 1442 reverentiam
394 1384 533 1451 deferatis,
550 1383 708 1440 mandando
722 1381 912 1455 praecipimus.

192 1474 289 1531 Datum
304 1474 365 1530 Bari
378 1489 442 1529 xvrr
455 1472 520 1528 Kal.
537 1472 610 1527 tulii.

455 1599 647 1656 culxvat.

158 1725 322 1785 Honesterii
339 1726 495 1783 saluatoris
508 1728 537 1780 et
547 1725 575 1781 S.
587 1723 727 1793 bonifacii
736 1720 950 1792 Fufdensispus-

186 1799 325 1854 sessiones
348 1801 376 1854 et
397 1796 547 1869 priuilegio
564 1798 667 1865 reputet
685 1792 830 1850 Cbunrudl
844 1792 950 1849 obbatis

187 1869 351 1939 confirmet.

380 1967 471 2036 (buno
488 1965 565 2030 fll'l,
580 1964 644 2019 Juu.
659 1962 721 2034 21.)

266 2081 406 2155 [Deouana
420 2079 485 2136 Cud.
502 2077 622 2151 diplom.
642 2076 745 2144 rete,
760 2076 835 2150 aaa]

186 2200 381 2255 luncueurrus
389 2197 547 2268 episcopus,
560 2212 657 2252 servus
667 2208 808 2250 servorum
816 2191 876 2259 Dei,
885 2190 952 2247 dile·

150 2297 194 2347 cto
209 2286 266 2343 filio
282 2287 436 2343 Cuuuaauu
451 2284 544 2340 abbati
559 2283 718 2341 monasterii
733 2281 883 2339 Salvatoris
894 2280 952 2336 Do'-

150 2375 218 2430 mini
232 2373 318 2430 nostri
342 2373 407 2429 lesu
430 2371 529 2429 Christi
545 2380 572 2428 et
597 2371 692 2428 Sancti
715 2368 854 2434 bonifacii,
878 2368 952 2439 qued

152 2464 232 2520 situm
252 2469 294 2518 est
305 2461 387 2532 juxte
402 2461 491 2533 ripam
505 2460 636 2516 fluminis
646 2458 719 2533 quod
733 2457 816 2514 Fulda
826 2463 949 2524 vocatur,

150 2554 265 2626 ejusque
281 2550 488 2608 successoribus
513 2549 678 2622 regulariter
702 2545 900 2604 substituendis
924 2544 950 2601 in

150 2649 320 2715 perpetuum.

186 2749 253 2804 Cum
266 2745 395 2803 omnibus
413 2743 584 2802 Ecclesiiset
607 2742 801 2803 ecclesiasticis
824 2741 951 2815 personis

153 2836 292 2894 debitores
308 2852 343 2892 ex
359 2834 483 2905 injuncto
499 2833 606 2890 nobisa
620 2834 678 2891 beo
688 2830 951 2905 apostolatusufficio

150 2942 183 2983 ac
197 2923 385 2982 benevolentia
409 2923 567 2992 existamus,
595 2922 649 2978 illis
672 2931 761 2978 tamen
780 2919 952 2994 propensiori

1004 401 1047 461 vel
1062 402 1252 459 auctoritatem
1267 403 1386 476 aliquam
1401 420 1546 476 usurpare,
1561 413 1675 478 excepta
1699 407 1801 463 dunta-

1004 498 1052 546 xat
1072 491 1222 564 apostolica
1243 502 1336 548 nostra
1360 493 1435 550 sede.
1453 493 1507 550 Sed
1526 510 1615 566 neque
1631 495 1760 567 episcopo
1774 495 1803 551 in

1005 579 1090 651 cujus
1100 579 1310 638 'dioeuesi'itlem
1327 583 1521 639 monasterium
1536 584 1616 639 situm
1631 592 1683 652 est,
1698 585 1751 640 nisi
1766 585 1802 640 ab

1005 668 1103 725 abbate
1117 669 1352 742 ipsiuslucifuerit
1363 671 1500 738 inritatus,
1511 673 1657 729 missarum
1668 674 1802 730 solemnia

1005 757 1106 815 ibidem
1121 759 1202 816 liccat
1216 760 1368 816 celebrere.
1395 760 1478 816 Porro
1502 762 1672 828 donationes,
1684 763 1802 819 oblatio-

1005 862 1055 902 nes
1070 847 1250 919 decimasque
1264 847 1396 916 fidebam,
1412 851 1516 923 absque
1539 852 1653 921 alicujus
1676 866 1803 922 persunae

1005 936 1222 994 contradictione
1237 938 1326 995 eidem
1343 941 1511 996 monasterio
1525 949 1657 1013 perpetuo
1667 939 1760 996 firmas
1776 949 1803 995 et

1005 1025 1182 1082 inconvulsus
1199 1026 1261 1083 fore
1281 1027 1462 1084 decernimus.
1489 1029 1678 1085 Interdicimus
1692 1030 1803 1100 insuper

1005 1130 1041 1172 ue
1049 1115 1149 1171 femina
1159 1131 1279 1188 unquam
1290 1116 1354 1174 illuc
1364 1117 1467 1174 intrare
1476 1127 1633 1190 praesumat,
1645 1135 1697 1176 nee
1705 1119 1802 1191 aliquis

1005 1202 1107 1260 ibidem
1123 1203 1165 1260 rel
1180 1204 1209 1259 in
1235 1206 1343 1262 caeteris
1357 1207 1415 1276 eius
1431 1206 1501 1263 locis
1515 1207 1660 1279 aliquando
1674 1207 1801 1277 placitum

1004 1293 1116 1362 babeat,
1133 1308 1184 1349 nec
1197 1294 1231 1349 ael
1245 1293 1357 1366 aliquod
1371 1295 1512 1353 servitium
1526 1295 1614 1367 ipsius
1636 1296 1689 1352 luci
1708 1312 1801 1353 servus

1006 1381 1154 1439 colonosve
1169 1384 1353 1454 constringat,
1367 1384 1419 1439 nisi
1430 1385 1454 1441 is
1464 1385 1507 1441 cui
1518 1384 1603 1440 abbas
1612 1385 1648 1440 ad
1658 1385 1802 1441 utilitatem

1005 1467 1799 1542 ejusdemuenerabilisdomusidconsenseritfacieodum.

1006 1556 1131 1615 Obeunte
1145 1575 1212 1617 vero
1227 1567 1255 1618 te
1269 1576 1343 1618 nunc
1356 1561 1441 1633 ipsius
1455 1561 1509 1618 loci
1523 1563 1630 1631 abbate,
1641 1562 1801 1620 veltuorum

965 1646 1127 1735 Bqnolibet
1143 1663 1345 1717 successurum,
1362 1651 1452 1707 nullus
1467 1651 1635 1724 ibiqualibet
1645 1652 1801 1724 subreptio·

1004 1736 1049 1791 nis
1064 1737 1161 1792 astutia
1177 1753 1225 1793 seu
1243 1737 1372 1795 violentia
1386 1748 1570 1811 praeponatur,
1586 1740 1637 1795 nisi
1649 1757 1730 1812 quem
1744 1740 1802 1796 fra-

1004 1831 1062 1881 tres
1077 1826 1214 1881 communi
1233 1841 1381 1896 consensu,
1404 1836 1450 1884 aut
1477 1828 1589 1884 fratrum
1611 1844 1675 1901 pars
1697 1829 1804 1886 consilii

1005 1917 1123 1973 sanioris
1146 1919 1295 1976 secundum
1320 1921 1372 1976 Del
1386 1920 1510 1978 timorem
1524 1930 1551 1977 et
1565 1922 1636 1978 beati
1660 1922 1804 1980 Benedicti

1005 2006 1138 2079 Regulam
1152 2008 1320 2079 providerint
1335 2009 1503 2082 eligendum.
1522 2011 1629 2067 tilectus
1643 2020 1734 2068 autem
1750 2028 1803 2068 uon

1005 2095 1058 2151 nisi
1072 2111 1089 2151 a
1103 2096 1227 2152 Romanu
1241 2096 1371 2168 pontifice
1394 2099 1583 2156 benedicatur.
1611 2100 1804 2157 Censtituimus

1006 2199 1071 2240 sane
1096 2193 1126 2239 ut
1150 2186 1281 2259 congruis
1301 2187 1471 2259 temporibus
1495 2187 1804 2246 ecclesiasticaenostraa

1006 2273 1187 2331 sollicitudini
1202 2283 1375 2348 suggeratur,
1402 2277 1518 2349 qualiter
1545 2277 1614 2334 ordo
1638 2279 1804 2335 monasticus

1006 2362 1076 2418 inter
1103 2362 1201 2419 fratres
1229 2365 1356 2436 regimini
1385 2374 1442 2431 tnu,
1466 2365 1566 2423 dilecte
1593 2366 1804 2423 inDominotili

1005 2451 1092 2506 abbas
1101 2451 1801 2528 chunrade,uummissosregularibabitudirigetur,

1005 2539 1209 2614 consumitque
1242 2542 1418 2599 convenienti
1446 2542 1516 2601 inter
1543 2559 1591 2601 eos
1618 2544 1804 2603 ecclesiastico

1005 2628 1094 2685 studio
1108 2638 1337 2698 conservammus
1349 2631 1511 2705 fortefquud
1520 2632 1676 2705 absitltsub
1690 2634 1803 2691 obtentu

1004 2716 1089 2790 bujus
1111 2717 1247 2790 privilegii
1269 2719 1376 2775 animus
1389 2736 1558 2794 gressusque
1571 2722 1740 2778 rectitudinis
1752 2739 1803 2780 ve-

1006 2813 1067 2863 strae
1081 2821 1097 2862 e
1112 2822 1209 2864 norma
1229 2807 1340 2877 justitiae
1361 2809 1387 2864 iu
1411 2809 1502 2882 aliquo
1514 2809 1678 2867 reflectatur.
1695 2811 1802 2870 Cunus-

1005 2901 1094 2958 dimua
1115 2903 1163 2959 tibi
1187 2915 1329 2977 praterea,
1356 2905 1395 2962 fili
1415 2907 1598 2975 cbarissime;
1614 2909 1728 2965 verbum
1751 2909 1802 2966 Dei

151 3014 291 3072 charitatis
306 3013 396 3069 studio
408 3027 459 3067 nus
473 3011 602 3069 convenit
616 3011 760 3067 imminere
771 3025 840 3081 quas
850 3010 951 3081 dejure
965 3039 990 3102 C
1005 2992 1166 3049 ⁸⁰⁰¹⁰¹i¹⁸¹⁹
1194 3004 1286 3050 ⁰⁰⁵¹l³
1309 2995 1462 3066 ⁸P⁰⁸¹⁰¹50⁸
1490 2996 1648 3068 Pfaediwes
1664 3006 1690 3053 0¹
1706 3006 1733 3053 ut
1748 3007 1801 3054 itm

151 3119 185 3162 ac
200 3103 367 3176 proprietate
382 3100 540 3174 apostolicae
552 3099 627 3156 sedis
637 3099 751 3172 speciali
768 3099 950 3170 praerogativa
1004 3096 1033 3144 tu
1048 3105 1128 3161 quem
1142 3104 1319 3147 successores
1339 3092 1379 3147 tui
1400 3101 1463 3148 aute
1476 3093 1546 3150 alios
1573 3094 1685 3151 abbates
1706 3095 1802 3153 Galliae

151 3195 257 3247 cunstat
272 3187 397 3243 existere.
412 3183 591 3241 Necdubium
601 3184 675 3256 quod
688 3182 836 3239 sifratrum
847 3192 951 3239 nostro·
1004 3204 1053 3244 seu
1081 3188 1235 3246 Germaniae
1264 3192 1411 3263 primatum
1436 3192 1592 3262 obtineatis,
1606 3194 1634 3249 in
1653 3196 1727 3251 omni
1742 3195 1801 3253 locu

152 3294 213 3334 rum
229 3275 404 3348 petitionibus
414 3274 565 3330 clementer
574 3271 730 3339 annuimus,
742 3271 843 3328 nostris
852 3270 947 3343 procul

152 3367 235 3424 dubiu
259 3363 403 3420 desideriis
427 3361 573 3434 propitium
601 3360 748 3417 Dominum
776 3361 945 3432 reperimus.

156 3454 371 3526 Quamobrem,
388 3451 519 3508 dilectein
535 3448 950 3517 DominofiliCbuuradeabbes,

152 3545 206 3600 tuis
220 3539 448 3615 postulationibus
462 3538 555 3595 debita
578 3538 753 3612 benignitate
778 3539 952 3610 impertimur

151 3647 305 3698 assumam,
334 3637 361 3686 et
387 3628 581 3684 monasterium
611 3627 720 3684 Domini
743 3643 777 3685 ac
798 3620 951 3685 Salvatoiis

152 3719 239 3779 nostri
252 3722 319 3776 lesu
333 3717 434 3774 Christi
446 3725 528 3791 atque
547 3716 690 3788 bonifacii,
705 3717 748 3773 cui
765 3718 823 3773 Deo
837 3728 952 3774 auctura

152 3808 297 3884 praesides,
321 3806 477 3880 apostolica
491 3805 565 3862 sedis
579 3805 724 3878 privilegiu
742 3807 951 3873 communimus,

152 3901 180 3956 iu
195 3899 291 3973 primis
306 3896 443 3969 siquidem
460 3902 642 3951 statuentesut
653 3911 827 3968 quascunque
841 3910 953 3968 posses-

154 3989 256 4056 siones,
273 4001 443 4059 quaecunque
453 3983 605 4041 bunaidem
612 3983 776 4041 venerabilis
786 3985 863 4040 lucus
871 3983 952 4040 bodie

150 4077 224 4150 juste
232 4093 264 4134 ec
275 4075 397 4150 legitime
408 4073 542 4146 possidet,
554 4073 635 4128 autin
646 4071 765 4129 futurum
773 4073 953 4130 concessione

153 4166 325 4240 pontificum,
340 4163 488 4236 largitione
502 4177 601 4235 regum
622 4161 666 4218 uel
689 4161 852 4234 principum,
874 4161 952 4218 ubla-

155 4256 229 4312 tiune
254 4253 384 4319 fidelium,
407 4267 456 4308 seu
480 4250 542 4306 aliis
561 4249 643 4321 justis
662 4249 752 4306 modis
766 4250 953 4322 bcuprupitiu

157 4344 258 4418 poterit
272 4359 288 4397 a

1004 3283 1086 3350 atque
1101 3287 1235 3336 conventu
1251 3280 1298 3335 ubi
1317 3289 1469 3352 praesentes
1491 3282 1607 3339 fueritis.
1637 3285 1676 3339 ld
1705 3301 1798 3342 exem-

1004 3374 1079 3447 plum
1093 3392 1201 3449 quoque
1215 3378 1451 3449 predecessorum
1475 3389 1630 3437 nostrorum
1649 3397 1728 3437 usum
1738 3382 1801 3438 dal·

1004 3472 1111 3529 meticae
1124 3488 1156 3529 ac
1170 3475 1358 3531 sandaliorum
1385 3476 1414 3531 in
1436 3477 1583 3533 missarum
1605 3477 1745 3534 solemniis
1769 3496 1802 3536 ex

1005 3562 1166 3634 apostolicae
1187 3563 1261 3620 sadis
1277 3564 1446 3638 benignitate
1459 3565 1507 3621 tibi
1523 3567 1708 3624 concedimus.
1725 3570 1759 3624 Et
1773 3576 1802 3625 ut

1005 3667 1051 3716 tue
1066 3660 1247 3734 devotiuerga
1256 3661 1366 3719 beatum
1378 3664 1486 3720 Petrum
1496 3678 1529 3721 ac
1540 3680 1591 3720 nos
1601 3665 1676 3736 ipsos
1685 3667 1802 3739 amplius

1005 3756 1148 3820 augeatur,
1172 3754 1207 3806 ed
1223 3751 1336 3820 maioris
1351 3751 1543 3809 familiaritatis
1559 3754 1731 3823 evidentiam,
1747 3772 1802 3828 qne

1005 3844 1032 3893 te
1045 3837 1096 3893 sub
1111 3839 1268 3909 apostolicae
1282 3841 1356 3896 sedis
1370 3842 1478 3913 gremio
1495 3843 1619 3900 volumus
1641 3844 1800 3914 confovere,

1006 3924 1054 3981 tibi
1069 3926 1176 3998 tuisque
1185 3928 1393 3985 successoribus
1403 3930 1500 3986 utendi
1509 3932 1590 3988 mitra
1605 3942 1632 3989 et
1641 3935 1742 3992 annulo
1755 3935 1803 3992 tri·

1006 4024 1115 4080 buimus
1125 4023 1294 4083 facultatem.
1307 4025 1386 4096 Quod
1397 4027 1516 4085 siabbas
1526 4029 1632 4101 praefati
1641 4034 1802 4090 monasterii

1006 4122 1097 4195 aliquo
1112 4123 1226 4180 crimine
1241 4125 1323 4180 fuerit
1337 4124 1407 4183 forte
1417 4126 1551 4200 pulsatus,
1581 4131 1713 4189 Romanae
1739 4140 1803 4189 ten·

1007 4221 1147 4276 tummudu
1172 4221 1246 4277 sedis
1269 4222 1405 4292 judicium
1427 4233 1602 4299 exsequatur.
1626 4227 1695 4284 lflud
1710 4237 1802 4285 autern

289 4340 397 4413 dipisci’
413 4338 489 4395 firma
504 4338 553 4393 fibi
574 4337 681 4410 tuisque
695 4338 904 4395 successoribus
926 4346 954 4395 et
1006 4309 1069 4365 buic
1084 4318 1184 4366 nostrae
1204 4311 1338 4369 sanctioni
1364 4313 1532 4385 generaliter
1557 4314 1712 4372 addendum
1739 4334 1801 4374 esse

155 4432 260 4489 illibata
272 4436 459 4502 permaneant.
475 4429 507 4482 lu
517 4426 615 4499 quibus
625 4427 684 4484 brec
692 4427 810 4499 propriis
825 4427 952 4485 duximus
967 4405 993 4466 D
1007 4398 1206 4469 pm⁸p⁸¹⁵m⁰⁸t
1222 4413 1252 4455 ¹¹³
1275 4400 1410 4474 quiquid
1433 4402 1590 4460 θῦὓῑθῐῑῑθῑθ
1611 4405 1801 4476 Ρῑῖθᾶθθθδδῠ·

155 4519 331 4592 cxprimeule
348 4516 511 4573 vocabulis:
528 4515 719 4572 monesterium
738 4517 843 4573 scilicet
858 4517 952 4575 Sancti

154 4611 271 4667 andreae
291 4606 417 4679 apostult,
442 4604 516 4678 quud
544 4613 658 4663 vocetur
681 4605 839 4675 Exajulum,
871 4608 951 4663 situm

158 4701 252 4757 [tuma
273 4701 351 4769 juxta
375 4694 522 4752 ecclesiam
537 4694 646 4751 Sancta
658 4694 708 4751 bei
721 4694 863 4767 genitricis
877 4712 950 4753 sem·

155 4799 259 4858 perque
283 4781 405 4855 Virginis
429 4779 531 4846 llariae,
548 4794 610 4852 quse
624 4779 723 4836 dicitur
736 4779 772 4835 ad
787 4782 919 4853 Praesepc,
936 4796 954 4837 a

154 4874 357 4946 predecessore
372 4877 467 4926 nostro
479 4869 566 4925 beatae
574 4868 768 4925 recordationis
776 4870 950 4942 papeLeone,

155 4962 252 5018 intuitu
279 4958 433 5016 dilectionis
461 4957 659 5030 predecessori
675 4968 722 5014 tuo
736 4958 875 5016 Hecberto
891 4957 953 5015 reli·

158 5051 237 5125 giusu
264 5048 358 5105 abbati
384 5047 521 5115 collatum,
548 5062 610 5105 cum
638 5048 764 5103 omnibns
800 5047 951 5115 caminatis,

157 5136 356 5202 mansionibus,
371 5135 449 5193 cellis
464 5135 587 5203 vinariis,
597 5143 625 5192 et
638 5136 764 5209 coquina,
777 5152 838 5193 cum
853 5136 951 5208 vineis,

159 5227 257 5295 burlis,
271 5222 444 5296 diversisque
458 5239 603 5296 pomorum
617 5225 776 5297 generibus,
788 5241 850 5282 cum
864 5235 950 5294 curte,

156 5323 251 5391 puteo,
266 5323 294 5371 et
307 5313 417 5369 introitu
432 5327 482 5384 per
491 5321 598 5384 portam
610 5314 740 5385 majorem
749 5314 818 5371 avis
831 5315 948 5387 publica,

156 5415 183 5463 et
201 5403 367 5479 generaliter
380 5417 443 5459 cum
456 5402 586 5459 omnibus
600 5411 656 5459 tam
679 5404 749 5459 intra
772 5419 854 5477 quem
876 5414 951 5462 extre

155 5495 250 5552 urbem
263 5494 335 5563 justa
349 5506 383 5549 ae
397 5489 512 5548 rectead
522 5489 595 5549 idem
603 5494 801 5550 monasterium
810 5495 950 5566 pertinen-

155 5583 238 5642 tibus.
255 5581 433 5639 Prohibemus
447 5579 529 5637 etiam
543 5595 644 5638 omnen
657 5581 802 5652 cujuslibet
818 5583 951 5642 Ecclesia

1006 4502 1066 4541 rum
1081 4494 1250 4555 nostrorum,
1276 4505 1383 4563 regum,
1411 4490 1454 4549 vel
1480 4490 1686 4563 imperaturum,
1713 4495 1803 4552 eidem

1006 4570 1133 4626 Fuldensi
1148 4573 1273 4629 coeuubio
1303 4582 1409 4630 constat
1420 4574 1505 4632 fuisse
1524 4592 1696 4645 concessum,
1713 4581 1802 4637 eidem

1006 4659 1067 4717 loco
1095 4661 1233 4733 perpetuis
1255 4664 1423 4735 temporibus
1437 4667 1581 4738 praesentis
1595 4668 1731 4743 privilegii
1747 4687 1803 4725 ma·

1007 4752 1070 4804 neat
1084 4749 1245 4807 auctoritate
1260 4751 1413 4808 subnixum.
1426 4754 1500 4811 Nutli
1514 4757 1700 4830 erguomniuu
1711 4759 1802 4815 bomi-

1007 4853 1073 4894 num
1087 4836 1168 4895 liceef
1182 4838 1321 4911 praefatum
1335 4842 1490 4899 coenubium
1518 4853 1619 4902 temere
1646 4848 1802 4919 pertubare,

1007 4937 1054 4984 ant
1081 4928 1139 4998 ejus
1163 4929 1352 5001 possessiones
1366 4930 1483 5000 auferre,
1494 4933 1537 4991 vel
1552 4934 1659 4992 salsus
1673 4937 1801 5005 retinere,

1006 5017 1141 5087 minuere,
1157 5026 1205 5074 aut
1226 5017 1364 5091 aliquibus
1382 5022 1573 5079 vexationibus
1593 5021 1722 5098 fatigare.
1747 5027 1803 5084 Sed

1006 5105 1097 5163 omnia
1113 5106 1218 5179 integre
1232 5117 1440 5178 conserventur,
1455 5126 1550 5168 eurum
1565 5129 1617 5185 pro
1627 5129 1743 5186 quorum
1753 5134 1803 5189 gu·

1006 5192 1169 5252 bemationa
1186 5204 1214 5251 et
1227 5196 1427 5256 sustentatione
1448 5214 1581 5258 concessa
1604 5211 1680 5272 snut,
1706 5204 1802 5261 usibus

1006 5291 1172 5349 omnimodis
1195 5295 1348 5365 profutura.
1381 5297 1409 5353 si
1437 5314 1490 5370 qua
1516 5298 1601 5372 igitur
1623 5300 1651 5357 in
1679 5301 1801 5360 futurum

1003 5389 1189 5450 ecelesiastica
1203 5395 1377 5453 amularisve
1390 5412 1519 5469 persona,
1535 5399 1607 5457 bene
1621 5408 1720 5459 nusuae
1733 5418 1802 5461 con·

1004 5487 1150 5546 stitutionis
1163 5492 1293 5565 peginam
1305 5494 1406 5563 sciens,
1416 5505 1511 5553 contra
1521 5513 1581 5554 earu
1592 5506 1696 5557 tamma
1708 5502 1800 5563 reuire

1003 5588 1159 5659 tentaverit,
1173 5589 1294 5648 amando
1308 5592 1422 5651 nntium
1435 5596 1645 5665 commentust
1658 5601 1800 5660 nonsatis
