3772 6006
160 252 237 313 tuit
612 246 806 309 WlLiiEle
830 240 1202 308 liituusllilitlllllsffi
1225 244 1411 309 uoueuffl.
1811 248 1862 308 idli

158 386 269 449 sufficit
295 382 447 444 voluntati.
463 381 576 454 Quippe
605 396 663 438 non
693 380 759 453 plue
787 392 877 452 quam
901 390 977 434 nxxrv
993 377 1019 443 Α
1035 376 1186 450 suppleret
1200 380 1323 451 adjectio
1339 398 1346 442 ;
1365 380 1401 436 ed
1417 378 1552 451 inopiam
1568 379 1673 436 etiam
1692 378 1794 437 diurni
1804 388 1864 454 paro

158 494 261 536 mercar
277 479 405 549 reperta.
429 474 465 527 et
478 487 544 527 veru
573 473 657 527 nocte
682 472 823 542 sequente
838 468 920 524 visus
935 470 979 523 est
1034 466 1139 523 domus
1154 469 1303 540 quondam
1319 472 1457 526 accurata
1472 467 1599 525 defecit.
1626 468 1784 534 Quocirca
1797 470 1864 528 lanes

156 567 254 625 videre
265 565 414 623 bominem
426 559 553 617 terrifico
563 559 644 616 vultu
659 562 688 615 et
698 563 780 631 gestu
795 557 826 613 in
842 572 874 613 ee
886 556 978 629 impe·
1034 556 1145 612 advena
1159 558 1305 615 veteribus
1320 558 1485 615 deturbatis
1499 557 1627 615 colonia
1645 574 1745 615 novos
1762 559 1863 618 induxit

156 662 217 715 turn
233 656 336 721 facere,
353 656 381 709 et
396 664 501 722 equam
527 648 727 722 praefervidam
751 662 819 704 cum
845 661 932 702 urceo
946 644 976 700 in
1035 645 1474 720 neditergorepuuiumiamina
1483 647 1863 707 maritusiniidueettrsca

156 748 257 803 facicm
270 746 376 816 jecere.
392 745 454 807 Quo
477 744 587 796 terrore
607 752 712 795 somno
727 752 881 802 excussus,
897 734 977 792 brevi
1033 733 1101 806 fuge
1116 737 1279 809 conjugalis
1293 737 1437 806 ellectus3
1456 736 1507 809 qui
1526 735 1624 793 vilem
1645 737 1862 801 baberetbdem

155 839 313 893 ccrrsecuta
328 848 413 904 prena
427 830 580 887 veritatem
592 828 698 885 somnii
711 828 864 899 persensit.
875 825 977 897 Siqui·
1034 825 1255 896 parvipenderet
1265 842 1397 882 amorum
1410 826 1692 883 consuetudinem.
1707 827 1752 883 lta
1768 829 1813 885 illo
1823 832 1861 886 nvi·

154 926 221 982 dem
237 924 332 996 primo
350 922 464 989 facicm,
481 936 548 976 mox
567 923 660 975 totum
675 933 781 992 corpus
803 917 906 973 morbo
924 930 976 972 ne·
1032 919 1136 983 grente
1151 922 1177 970 ei
1192 916 1266 972 foedo
1283 916 1473 972 mercimonio
1491 919 1606 972 domos
1626 933 1705 973 suas
1723 920 1860 975 assueti

154 1013 254 1077 fando.
275 1013 377 1068 nrurbo
401 1010 481 1082 regio
504 1012 666 1080 correptus,
682 1006 833 1073 extabuit;
850 1022 908 1062 non
924 1004 976 1063 illo
1033 1003 1861 1075 oppignerante‚nllenasustentabaturmisericordiane·

75 1122 79 1135 ·
153 1105 202 1177 qui
223 1102 332 1172 mitior,
349 1102 398 1158 ssd
416 1099 465 1156 iiio
481 1098 531 1171 qui
547 1098 659 1155 certeris
675 1096 834 1154 deformior
850 1094 975 1167 pustulis
1032 1090 1475 1164 lieraegra.sttverol)ominns
1500 1095 1747 1154 clementinam
1760 1099 1857 1156 tandm

152 1210 202 1265 per
218 1196 313 1250 totum
343 1207 450 1263 corpus
474 1187 731 1260 protuberantibus
756 1200 789 1243 cx
818 1184 975 1242 humorum
1032 1187 1202 1251 respectans
1217 1185 1376 1252 cculo‚tail
1390 1200 1441 1257 per
1458 1186 1554 1242 risum
1574 1186 1854 1247 confortavitoealor

151 1281 281 1355 pessimo
296 1277 491 1336 melancholia
505 1277 645 1348 procedit,
662 1275 774 1332 familia
794 1280 823 1331 et
840 1272 976 1332 omnibus
1033 1293 1047 1322 e
1062 1272 1091 1328 si
1106 1273 1151 1329 vis
1179 1274 1334 1331 sanitatem
1361 1275 1499 1348 recipere,
1515 1277 1596 1333 sade
1619 1277 1661 1334 ad
1687 1277 1853 1339 tdeidsnenes

151 1377 299 1439 consueto,
318 1371 369 1427 sed
385 1367 594 1425 consuetudins
610 1366 702 1421 ntdiu
718 1365 837 1437 quidem
850 1364 975 1436 injurius
1031 1363 1240 1421 monesterium
1257 1380 1264 1419 τ
1281 1364 1321 1419 ibi
1337 1366 1497 1436 persancti
1514 1365 1656 1423 itidelmi
1671 1369 1780 1426 merita
1795 1372 1850 1440 qnod

151 1468 254 1534 pariet,
270 1461 319 1516 sed
336 1474 403 1516 cum
415 1455 506 1514 semel
517 1455 676 1512 decreverit
692 1470 749 1510 nou
766 1458 879 1526 portare
894 1454 974 1524 anu·
1030 1452 1850 1530 petierisimpetrabis.»lilsvocemanditsns,cujneauele

149 1544 973 1617 rictoremsuum,tctimundoepecteouiumexponet.ld
1029 1557 1092 1598 rem
1117 1556 1175 1598 non
1197 1541 1329 1609 vidisset,
1349 1543 1385 1600 ed
1410 1558 1494 1601 omen
1520 1544 1644 1602 bonum
1668 1547 1849 1622 interpretas,

149 1639 178 1694 in
188 1637 287 1694 multis
299 1638 408 1693 factum
418 1634 586 1704 risimue,in
599 1632 873 1690 muitiefaoiendum
884 1633 974 1689 anbe-
1028 1631 1158 1688 excussit
1168 1647 1314 1703 soporem,
1325 1632 1453 1705 agilique
1467 1638 1548 1690 motu
1567 1636 1781 1694 membrorum
1791 1638 1847 1695 mvl

149 1723 550 1798 lantcepeprcsumimus.lu
562 1721 693 1779 defuncti
708 1723 974 1794 eorporelnventus
991 1706 1013 1775 Β
1029 1723 1093 1776 turn
1108 1720 1197 1792 priori
1212 1722 1362 1793 gravedini
1386 1723 1550 1780 decessisse
1566 1725 1681 1796 gavisa
1695 1729 1754 1784 est.
1767 1730 1846 1784 verb

148 1821 192 1873 est
208 1814 336 1872 circulus
364 1830 469 1883 corsua,
486 1812 533 1884 qui
551 1815 645 1869 totum
670 1819 798 1867 venirem
814 1809 969 1879 ambierat,
1027 1813 1115 1881 toque
1129 1825 1182 1882 per
1190 1810 1334 1867 ambitum
1351 1812 1459 1868 domus
1472 1828 1595 1885 gressu,
1612 1815 1670 1871 sed
1688 1832 1846 1887 parumpre

144 1908 267 1979 jamque
282 1908 348 1961 onie
359 1903 547 1976 superducta,
563 1901 663 1958 vitalia
677 1901 742 1974 ipsa
754 1904 969 1973 penetraveret;
1027 1907 1171 1967 movente,
1188 1904 1326 1973 carpento
1341 1900 1501 1974 imponitur
1516 1902 1552 1959 ed
1570 1903 1734 1963 abbatiam
1749 1906 1843 1964 trabes·

147 1998 196 2068 qui
213 2011 278 2051 cum
295 2011 345 2066 pro
363 1992 503 2049 miraculo
518 1993 681 2057 eiierretur,
698 1989 805 2064 populu
828 1989 970 2062 processit
1025 1989 1073 2046 ds.
1090 1988 1162 2046 iiiuc
1186 2006 1254 2064 ergo
1269 1990 1367 2062 paucis
1382 1990 1486 2048 diebus
1500 2000 1571 2050 ante
1598 1993 1720 2051 festum
1746 1995 1842 2053 venitis

147 2085 320 2153 monachus,
336 2082 387 2156 qui
415 2083 512 2139 iuerat
527 2097 544 2138 a
559 2082 690 2147 seeretis,
712 2081 813 2137 dicens
842 2080 969 2136 farreum
1024 2094 1108 2152 spem
1121 2081 1227 2137 bonam
1240 2082 1442 2140 ereetoenimo
1454 2100 1461 2151 ;
1474 2098 1609 2156 moxque
1619 2086 1842 2158 quemlibetsee

147 2174 291 2234 eireuium
312 2176 415 2231 codem
432 2175 516 2229 modo
532 2174 693 2245 impactum
714 2188 771 2228 non
795 2170 888 2227 mullo
902 2175 971 2229 ante
1024 2169 1127 2225 fertem
1139 2170 1573 2243 perrumpenemultitudinem,
1585 2177 1705 2232 etanta
1715 2175 1841 2234 alteram

143 2265 251 2322 virtuts
266 2263 366 2322 divina
380 2262 550 2334 effractum3
566 2265 745 2334 quapropter
759 2274 866 2317 areum
883 2274 970 2333 appu·
1023 2258 1132 2330 bitena,
1148 2261 1303 2332 perfectam
1324 2261 1481 2318 sanitatem
1499 2266 1642 2320 ssancto
1666 2266 1841 2338 reposcebau

143 2356 234 2413 situm
252 2357 284 2410 ut
299 2355 322 2410 ei
338 2360 435 2410 venter
459 2353 645 2423 protenderet
669 2349 747 2407 ultra
763 2350 883 2406 modum
898 2350 970 2406 aoli-
1023 2349 1107 2419 cujus
1121 2352 1150 2405 et
1164 2350 1353 2421 sponsionem
1368 2364 1402 2406 ex
1416 2350 1543 2418 somnio,
1561 2360 1592 2408 et
1606 2352 1720 2412 arrhas
1730 2360 1841 2413 etmen-

143 2448 218 2513 ium,
235 2460 293 2501 non
311 2447 388 2501 essct
402 2441 537 2514 voluptas
557 2442 606 2498 eed
622 2439 811 2512 upplicinm,
823 2455 854 2496 se
870 2454 968 2495 sacra-
1022 2436 1142 2494 brorum
1159 2442 1415 2513 moiuacceperat.
1432 2440 1548 2497 Necilii
1567 2456 1701 2514 precum
1729 2445 1841 2502 sioieet'v

143 2538 240 2593 mento
258 2534 423 2602 astrictum,
437 2548 471 2587 ns
481 2532 615 2604 proderet
630 2529 761 2602 quandiu
772 2528 967 2585 illeviteiibua
1022 2531 1050 2584 et
1065 2527 1231 2585 inconditus
1246 2528 1357 2586 clamor
1366 2526 1422 2586 fuit
1431 2529 1537 2598 fraudi,
1555 2532 1610 2588 sed
1625 2534 1713 2605 apud
1730 2534 1841 2593 barrinas

143 2623 223 2682 euris
242 2624 396 2678 frueretur.
413 2620 470 2677 Sed
488 2620 557 2693 quia
573 2618 646 2676 nibil
662 2623 721 2675 tem
738 2619 812 2675 bene
826 2618 867 2685 ili,
887 2618 966 2691 quod
1017 2615 1112 2686 leudi,
1130 2619 1206 2691 apud
1218 2618 1312 2676 Deum
1328 2623 1356 2676 st
1370 2623 1505 2676 sancium
1520 2620 1613 2678 celeri
1628 2627 1665 2680 st
1677 2623 1838 2699 integrare·

141 2712 238 2772 verbis
252 2710 405 2786 depravari
415 2728 472 2767 non
488 2709 591 2783 possit.
604 2709 722 2781 quidam
739 2707 811 2764 illud
829 2706 966 2779 malignis
1021 2706 1086 2762 luti.
1099 2709 1160 2774 Qua
1171 2709 1265 2781 potita
1276 2712 1320 2766 iot
1331 2708 1436 2767 babuit
1446 2710 1659 2769 noneimulati
1672 2714 1838 2772 mirscniile

139 2805 273 2861 versibus
288 2802 396 2875 carpsit
411 2804 449 2859 ita
469 2818 476 2857 :
1020 2799 1090 2866 stes,
1107 2803 1176 2867 qnot
1191 2798 1311 2855 fuerunt
1322 2799 1368 2856 vcl
1378 2815 1393 2855 e
1403 2798 1591 2858 vicinocives
1603 2802 1652 2859 sel
1668 2802 1838 2878 elonginqns

139 2902 302 2970 porrigar,
311 2901 385 2956 decet
396 2899 472 2955 vireis
481 2898 615 2954 camaria
634 2897 765 2952 memora.
1019 2892 1159 2959 agrestes.
1169 2888 1208 2944 lla
1217 2890 1405 2960 postmodum
1419 2889 1544 2948 feliciter
1558 2896 1589 2948 et
1600 2892 1655 2949 din
1665 2893 1837 2967 viveaelags·

175 2972 233 3029 ΝΜ
252 2975 338 3040 dmi.
359 2978 388 3026 “f
402 2974 476 3042 itm
491 2970 693 3039 ”wilfflff'lmf
703 2982 745 3024 θα·
1018 2972 1174 3046 lisJudicio
1189 2977 1287 3051 piaoitl
1302 2980 1480 3037 desertorem
1495 2982 1645 3038 connubii
1662 2984 1697 3040 in
1708 2984 1835 3058 amplexus

138 3046 216 3101 Hm
227 3042 355 3100 'murali
368 3042 501 3099 ‘mum
515 3047 602 3098 ''m“
616 3039 729 3097 'mlvi'
976 3030 1000 3100 c
1017 3080 1086 3122 euos
1101 3066 1275 3124 transduxit.
1293 3067 1399 3126 Libens
1413 3084 1530 3142 qnoque
1541 3070 1593 3128 ille
1609 3070 1716 3146 legem
1725 3074 1835 3147 aceepit,

137 3112 779 3277 Cuditgaedzttntssviztziffl‘·oe⁶s⁸;⁰²2⁰&ss(0²3.
1015 3155 1836 3235 quoduxornuliaunquampenvria,nuilecujnsiibetpe

136 3298 148 3351 ι
207 3296 228 3351 d
274 3301 284 3351 ι
473 3292 535 3348 md
581 3290 822 3348 ohibmmuver
1015 3242 1130 3300 tutantis
1144 3244 1285 3302 instantia
1298 3247 1463 3319 pudicitiam
1474 3247 1649 3319 prodidisse
1665 3250 1837 3308 audiebatur.

149 3308 489 3446 midoceeceocerffiudoqcldirt,
502 3309 552 3420 drag
565 3310 641 3419 {enat
654 3363 730 3418 olma
744 3330 833 3432 puers
1051 3332 1189 3405 Ejusdem
1216 3335 1276 3393 imo
1291 3335 1433 3410 grarimm
1452 3340 1676 3399 contractionis
1702 3342 1837 3400 miserim

134 3436 187 3493 Nec
200 3436 288 3493 voluit
300 3440 375 3507 terro
389 3452 533 3507 properum
547 3436 713 3491 consciuere
725 3440 842 3489 mortam
1015 3423 1181 3495 petiebatur
1191 3425 1265 3482 citra
1279 3426 1393 3484 nubiles
1407 3443 1499 3485 annos
1519 3427 1625 3501 puelia
1652 3430 1835 3499 Pakelieorea

169 3510 269 3565 Ferret
283 3507 329 3564 ted
342 3506 418 3563 vitiis
433 3522 538 3579 venere
552 3508 634 3577 frene
647 3507 705 3561 wit
1015 3528 1077 3585 qua
1092 3514 1211 3581 dicitur,
1222 3515 1296 3572 vilia
1306 3515 1452 3590 indigena.
1464 3517 1622 3589 siquidem
1633 3521 1724 3593 spina
1734 3526 1836 3579 caresta

168 3606 258 3680 Huius
273 3604 387 3663 abbatie
403 3604 506 3662 diebus
523 3620 581 3661 non
598 3603 726 3661 iteravit
744 3604 776 3675 [f.
794 3605 959 3679 ceeeesil]a
1015 3604 1324 3677 dorel,geneapenein
1335 3606 1458 3676 genibus
1474 3606 1704 3667 habebatur·
1715 3616 1837 3683 praterea

137 3698 288 3755 miraculis
301 3697 451 3754 confessor
465 3696 610 3768 pretiosus
626 3714 634 3765 3
650 3694 709 3751 imo
725 3709 759 3751 eo
775 3695 868 3767 magis
879 3702 911 3754 ut
921 3699 961 3755 vi·
1013 3706 1110 3764 genua
1124 3691 1198 3749 flexa
1211 3694 1293 3765 (tutti
1305 3694 1334 3749 ¹¹¹
1345 3710 1463 3762 vonum,
1473 3710 1526 3752 ¹10⁰
1538 3696 1699 3765 ⁸⁰⁸b0ffl⁸=
1711 3700 1837 3772 tillim

136 3788 269 3854 debatur,
284 3788 466 3856 coruscabat,
484 3803 540 3859 quo
556 3786 615 3843 iilis
635 3784 786 3842 favorabili
812 3786 959 3845 arridebat
1013 3780 1042 3837 id
1058 3797 1153 3855 genet
1167 3782 1287 3853 debiles,
1302 3799 1413 3857 wilm,
1431 3800 1483 3842 ¹¹⁰⁰
1507 3801 1629 3860 qu⁰tl⁰⁰
1651 3790 1713 3847 niti
1728 3788 1836 3848 tiitdvt

136 3877 245 3949 gaudio
259 3875 303 3932 vir
325 3876 499 3934 industrius.
526 3876 652 3940 Quorum
673 3874 742 3942 duo,
759 3890 822 3947 qua
838 3892 956 3948 ponam,
1014 3871 1152 3929 manibus
1173 3873 1404 3945 subvectaretur,
1421 3874 1556 3949 progredi
1581 3882 1720 3949 poterat.
1746 3880 1837 3938 Qus

136 3980 230 4021 meam
246 3963 478 4037 anticipaverunt
488 3963 659 4021 memoriam
673 3981 681 4035 ;
696 3970 799 4020 caetera
814 3968 844 4021 et
857 3964 915 4021 vidi
930 3970 959 4022 et
1013 3964 1075 4016 eret
1091 3962 1285 4034 agritudinis,
1302 3964 1495 4021 duodecimus
1509 3966 1606 4023 atatis
1616 3983 1732 4028 annue.
1743 3971 1836 4026 licere·

134 4053 240 4111 vidisse
252 4055 347 4126 luvet.
365 4052 506 4110 lavicina
526 4052 632 4110 mulier
645 4053 858 4114 commanebat,
875 4069 960 4125 quarn
1013 4054 1093 4106 verat
1106 4067 1173 4107 cum
1189 4056 1276 4110 atate
1299 4052 1435 4110 debilitas
1450 4070 1458 4115 ;
1474 4053 1770 4131 dimidiaveruntqns
1783 4057 1835 4115 dies

135 4144 247 4201 nonita
274 4144 386 4200 natales
406 4141 628 4200 sordidaverant
655 4146 687 4198 ut
712 4142 826 4215 penitus
846 4142 959 4212 plebeia
1013 4140 1836 4222 pneiiesslueetincommoditas.Tumfraterqnieieaset

135 4237 221 4302 esset,
238 4249 290 4290 nec
305 4233 344 4289 ite
355 4232 514 4290 extulerant
531 4236 562 4288 ut
577 4232 669 4290 allum
684 4235 800 4304 saperet
812 4232 880 4300 3eed
896 4248 958 4289 me·
1014 4230 1158 4297 uterinus,
1174 4247 1321 4304 germanas
1333 4231 1514 4289 infelicitatis
1528 4233 1708 4306 miseratus,
1726 4240 1775 4296 eni
1791 4254 1835 4295 ce·

133 4320 240 4379 diocrls
254 4322 534 4396 seoguinieiortuna
547 4323 722 4378 mediocrem
733 4336 851 4394 quoque
861 4323 957 4394 supel-
973 4350 997 4418 D
1013 4318 1112 4376 mulce
1122 4320 1227 4392 inopis
1238 4323 1472 4380 necessariorum
1482 4322 1612 4381 addebat
1622 4326 1835 4399 pondus,sebi·

134 4410 259 4468 iectiiem
277 4412 473 4469 ministrabat.
499 4417 538 4467 lle
555 4415 620 4484 pust
636 4426 771 4468 emensos
793 4411 956 4483 pubertatis
1011 4407 1076 4464 culo
1088 4408 1257 4481 impositam
1269 4412 1303 4467 sd
1315 4410 1479 4469 lisidunum
1491 4410 1625 4471 adduxit.
1642 4416 1676 4473 ld
1692 4416 1796 4486 semei,
1813 4416 1835 4473 u

133 4516 227 4558 annos
238 4500 358 4574 parilem
374 4501 479 4558 sortita
491 4501 634 4573 jugalem,
647 4501 748 4557 sedula
757 4500 811 4556 viri
822 4501 955 4558 concilia·
1011 4497 1149 4568 seeundo,
1160 4498 1236 4555 sicut
1246 4514 1277 4556 ee
1287 4515 1402 4558 annuns
1411 4500 1492 4559 orbis
1501 4502 1667 4574 torquebat
1677 4507 1716 4562 sd
1726 4507 1836 4564 iatam·

133 4590 435 4647 betamoremmornm
444 4589 956 4664 esqualitate,facienoneepernabill,
1012 4585 1130 4643 Frustra
1145 4587 1231 4651 fecit:
1247 4605 1317 4647 nem
1331 4589 1382 4648 ilia
1397 4594 1426 4648 et
1436 4590 1531 4664 primo
1544 4594 1576 4648 et
1589 4594 1732 4653 seeundo
1741 4609 1837 4670 expers

133 4679 309 4738 fecunditate
323 4680 390 4737 aivi.
415 4679 584 4737 Delectabat
607 4696 657 4737 eos
673 4681 859 4737 mediocritas
878 4696 930 4738 sua
947 4697 956 4753 ς
1010 4676 1154 4742 moliaris,
1165 4694 1265 4736 exsors
1278 4679 1500 4751 pelitimuneris
1514 4682 1682 4740 remeavit:
1695 4682 1836 4759 nonqsod

132 4785 184 4826 neo
200 4770 358 4843 quiequam
374 4770 406 4843 [l.
422 4769 597 4842 quidquam]
611 4774 674 4827 eret
689 4770 767 4842 qnod
783 4768 849 4842 pina
867 4787 957 4844 cupe-
1010 4766 1104 4838 platee
1114 4768 1207 4824 sancti
1218 4769 1316 4840 segnis
1326 4769 1649 4843 tarnequaomnions
1661 4788 1777 4832 mcum
1789 4774 1836 4831 iiis

131 4863 195 4917 rent
207 4876 216 4928 ς
232 4860 340 4934 quibua
354 4860 470 4917 adesset
480 4864 508 4916 ei
518 4860 673 4917 concordia
683 4859 825 4916 mentium
837 4868 865 4916 et
875 4862 957 4917 aeni·
1009 4858 1366 4934 appellantibusprompta
1377 4862 1513 4920 facilitate
1520 4862 1735 4932 accurrit3sed
1745 4866 1833 4932 erade

128 4954 175 5007 tes
189 4964 357 5023 corporum,
367 4953 428 5007 turn
440 4965 526 5023 porro
540 4948 690 5006 affluentia
703 4948 885 5006 victualium.
896 4949 953 5006 Sed
1008 4963 1060 5005 sen
1075 4951 1150 5022 quod
1173 4950 1367 5007 deferentium
1383 4951 1544 5009 credulitas
1562 4950 1755 5025 titubaverit,
1770 4954 1833 5013 tides

130 5042 161 5094 ut
177 5040 235 5096 fere
250 5056 366 5113 semper
381 5040 415 5096 iit
428 5039 458 5096 in
471 5040 559 5096 rebus
575 5038 753 5109 mortalium,
767 5038 954 5111 interpolavit
1007 5038 1162 5112 friguerit:
1179 5040 1229 5096 ilia
1243 5041 1320 5097 enim
1331 5040 1483 5114 alasquid
1498 5041 1631 5111 credere,
1643 5044 1722 5116 quid
1733 5046 1832 5105 disere

128 5126 179 5185 ilia
191 5131 298 5201 gaudia
309 5130 448 5204 egritudo
460 5130 592 5198 feminam
604 5146 670 5203 quas
685 5128 841 5187 contractis
851 5129 880 5186 in
892 5134 954 5188 toto
1006 5127 1074 5184 dere
1089 5132 1211 5186 nosset?
1220 5130 1275 5187 Seu
1284 5133 1316 5187 ut
1329 5130 1503 5187 miraculum
1517 5131 1555 5188 de
1570 5130 1692 5204 pneloia
1704 5134 1831 5193 testatius

128 5234 247 5293 corpore
263 5222 359 5279 nervis
373 5222 465 5294 primo
481 5237 532 5294 per
546 5220 665 5278 domum
677 5219 843 5278 testudineo
858 5220 952 5293 gradu
1006 5216 1094 5289 vulgo
1109 5223 1198 5289 esset,
1209 5235 1297 5291 quam
1308 5220 1394 5278 toties
1404 5221 1565 5282 adseclam.
1575 5220 1666 5281 toties
1686 5234 1830 5284 reversam
1880 5270 1882 5281 .

127 5323 242 5381 repens,
259 5328 325 5367 mox
340 5310 414 5367 lecto
429 5328 519 5382 prona
534 5310 683 5368 decubuit.
704 5311 764 5367 ilco
779 5310 882 5367 morbo
897 5310 949 5365 de·
1007 5306 1078 5363 urbe
1094 5309 1227 5379 ignorare
1242 5310 1387 5382 nequiret.
1398 5311 1497 5368 'l'ertio
1510 5309 1696 5384 igituranno
1706 5319 1830 5372 suracu-

126 5399 821 5472 cociaquinquennio,quidquidnccesaeriorum
832 5398 951 5456 domurn
1006 5397 1121 5454 tertiam
1133 5415 1252 5472 quoque
1263 5414 1383 5471 precum
1399 5400 1571 5458 instantiam
1584 5399 1723 5460 inaniter
1730 5418 1831 5479 expen-

125 5486 284 5547 corrasiess
298 5488 462 5560 videbatur,
478 5488 523 5546 vel
540 5490 569 5545 in
586 5490 691 5561 stipem
707 5488 755 5548 vei
771 5489 802 5546 in
820 5487 950 5546 medicos
1005 5487 1057 5545 dit.
1074 5486 1258 5561 Quapropter
1270 5504 1339 5547 eum
1356 5488 1475 5548 tedium
1490 5494 1521 5548 et
1535 5488 1702 5551 infidelitas
1717 5494 1830 5551 frarem

126 5577 949 5652 consumpsit.Gumquafrequentamexbaustionemnulla
1003 5576 1832 5653 auugsrasr,mnansittlissdbomistesmesemstossn,
