3772 6006
61 217 141 280 1609
535 210 586 272 ou
608 208 743 273 cosme
764 207 919 271 courir.
941 206 1057 272 sucu.
1080 246 1120 257 -
1142 209 1216 273 ue.
1239 211 1291 274 iv.
1684 174 1764 283 vcro

57 352 125 407 tens
144 349 232 408 cerdis
255 345 347 405 sorori
363 360 521 419 puerorum
546 347 658 417 partem
682 344 880 416 pregrandem
895 343 923 411 Α
939 343 1124 402 orientalium
1149 350 1333 421 stagnorum,
1359 364 1422 421 qus
1453 351 1654 411 ameditulliu
1679 357 1765 413 terra

57 438 161 495 insule
177 439 283 495 Tauati
305 437 341 492 ad
362 434 576 492 monasterium
592 432 737 506 delegavit
755 433 884 489 adition-
939 433 1071 502 orientia,
1083 439 1301 508 etpercentum
1312 438 1340 492 et
1355 452 1388 493 eo
1399 437 1526 510 amplius
1540 440 1764 500 milliallueutia

57 520 883 600 dumpropisculointariectorlsetinterlectorum.Quod
938 521 967 576 iu
985 538 1074 589 mura,
1092 540 1159 580 cum
1177 524 1318 580 multiset
1333 527 1449 599 mugnis
1463 527 1638 588 fluminibus
1653 531 1764 604 impetu

59 632 125 672 cum
143 619 283 673 consueta
298 612 479 684 impudentia
500 611 618 667 Thunre
633 612 662 666 in
687 626 808 682 pravum
830 617 886 667 lur-
939 627 993 668 suu
1008 614 1233 685 precipitantur.
1248 616 1300 670 llic
1311 614 1472 672 Guthlacus
1484 635 1541 674 uun
1553 619 1665 690 dejecta
1676 622 1765 695 stirpe

60 709 163 778 queret
183 705 280 762 subito
300 701 415 759 telluris
434 700 513 756 hiatu
539 699 710 771 absorptus,
733 698 836 756 videus
860 703 889 757 at
939 699 1080 757 oriundus
1095 702 1246 774 epboebus,
1271 708 1369 776 spreto
1391 720 1445 761 usu
1462 722 1609 764 crinorum
1627 725 1685 781 quo
1701 711 1767 782 pol-

59 792 159 850 visens
173 793 291 849 intravit
306 792 464 847 internum.
482 795 574 846 Locus
589 794 653 845 erat
672 786 801 861 sepulcri
817 805 885 845 sau·
940 788 1103 859 lebat,cum
1114 792 1303 864 essetviginti
1313 791 1592 864 quinqueaunorum
1603 797 1765 857 solitariam

60 889 173 940 ctorum
189 883 218 938 iu
239 880 373 940 orientali
388 880 501 952 Anglia,
523 881 608 950 cujus
625 894 731 935 nomen
747 878 886 936 licetreia.
939 879 1027 936 vitam
1043 882 1194 954 ingressus
1218 882 1387 955 quindecim
1411 885 1497 940 annis
1522 887 1633 959 deguit.
1650 889 1764 955 Quibus

60 974 245 1046 Quapropter
259 988 355 1029 comes
367 971 524 1043 provincias
535 968 699 1040 Egelwinus
714 970 749 1025 de
763 968 887 1027 obscura
939 970 1095 1027 assistente
1109 970 1159 1026 Dei
1175 973 1268 1044 gratia
1283 976 1311 1028 et
1336 973 1490 1029 sacerdotii
1506 975 1598 1046 gradu
1622 980 1651 1032 et
1668 975 1766 1049 signo·

58 1060 171 1118 levatos
195 1059 319 1118 ecclesia
343 1058 450 1117 celebri
479 1074 587 1130 pompa
611 1056 793 1115 Rameseiam
821 1072 886 1129 per·
939 1075 1005 1115 rum
1018 1059 1164 1117 honoreet
1174 1061 1507 1133 vaticiniorumveritate
1519 1065 1697 1135 approbatus
1707 1071 1763 1124 est.

58 1151 153 1207 duxit.
177 1144 885 1219 lamvercillumetistcsproceditmiraculis,
938 1148 993 1204 Sed
1024 1148 1119 1221 magia
1152 1150 1294 1206 virtutum
1329 1152 1393 1222 ejus
1427 1153 1520 1225 gratia
1554 1158 1620 1224 post
1649 1154 1763 1212 obitum

57 1238 245 1296 transcendit
259 1239 361 1311 signis,
376 1239 427 1309 qui
442 1237 520 1306 iuuet
536 1236 644 1293 ibidem
663 1240 710 1291 lvo
725 1236 813 1292 Persa
828 1234 886 1307 epi·
939 1236 1089 1309 splenduit
1099 1242 1158 1295 tam
1175 1239 1365 1295 sacratissimi
1376 1241 1505 1312 corporis
1516 1246 1582 1313 post
1593 1259 1705 1299 annum
1720 1243 1764 1301 in·
1850 1226 1859 1237 ’

60 1347 178 1403 scopus.
206 1332 233 1386 la
261 1329 408 1400 quondam
439 1332 581 1400 pertaesus
606 1324 788 1394 deliciarum,
813 1342 885 1397 quas
939 1326 1217 1399 corruptela‚quam
1242 1325 1402 1385 multorum
1428 1328 1638 1387 miraculorum
1663 1337 1761 1390 oeten·
1863 1342 1865 1347 ’

56 1419 98 1476 ibi
109 1419 162 1493 [cl.
174 1418 228 1490 illi]
240 1417 440 1489 amplissimus
450 1417 637 1490 episcopatus
649 1415 884 1480 administrabat,
938 1415 1021 1472 sione
1038 1416 1202 1488 precipua3
1220 1416 1331 1473 meritis
1353 1434 1471 1490 quoque
1485 1420 1549 1490 ejus
1574 1421 1670 1491 datur,
1685 1422 1763 1493 quod

56 1509 178 1582 reliquit
192 1507 266 1564 olam
283 1506 347 1563 suis
368 1506 475 1574 omnia,
492 1504 754 1577 peregrinationem
773 1502 884 1574 longis·
937 1504 972 1560 ad
989 1520 1097 1576 corpus
1116 1506 1181 1578 ejus
1204 1505 1346 1563 edificate
1361 1508 1539 1566 monasterio
1555 1510 1630 1566 inter
1645 1515 1687 1567 tot
1705 1509 1765 1568 bel·

58 1597 166 1653 simam
191 1596 286 1653 tribua
311 1599 426 1651 tantum
443 1593 530 1650 suciis
544 1608 710 1666 aggressus.
727 1589 884 1648 Multorum
939 1593 1035 1650 lorum
1051 1594 1196 1662 turbines,
1219 1594 1297 1651 inter
1319 1600 1363 1652 tot
1377 1601 1543 1669 temporum
1565 1599 1763 1656 volubilitates

59 1702 129 1760 ergo
157 1701 300 1744 annorum
330 1685 386 1741 iter
411 1699 595 1757 permensus,
625 1690 652 1739 at
681 1682 823 1739 rusticum
854 1676 1050 1742 eeBnullum
1066 1700 1229 1740 erumnam
1255 1683 1299 1740 vel
1314 1684 1524 1744 detrimentum
1549 1688 1694 1746 suilccns
1714 1688 1764 1747 ille

58 1775 161 1831 babitu
179 1791 310 1848 pannoso
321 1773 489 1830 videntibus
501 1770 808 1843 ementituadngliam
823 1774 886 1826 tan·
940 1775 1124 1844 persenserit.
1149 1773 1277 1831 Accessit
1299 1778 1329 1831 et
1352 1792 1444 1833 novus
1467 1776 1582 1849 hospes,
1608 1778 1658 1835 sed
1683 1783 1765 1837 vetus

57 1865 124 1921 dem
140 1864 336 1937 adnavigavit,
360 1861 580 1934 delectatusque
599 1859 758 1917 admodum
778 1858 886 1933 ignotae
940 1860 1015 1932 spud
1030 1859 1167 1917 Dumium
1178 1865 1320 1932 patronus
1332 1865 1451 1919 sanctus
1463 1866 1583 1933 Neotus,
1601 1864 1650 1936 qui
1669 1883 1764 1938 quon·

58 1951 166 2024 lingue
183 1952 330 2022 Barbarie,
355 1951 433 2024 quod
458 1951 544 2024 quasi
568 1950 664 2007 fatuus
685 1948 722 2006 ab
743 1949 884 2005 omnibus
941 1947 1009 2006 dam
1025 1949 1185 2007 beatissimi
1202 1950 1558 2025 Ericuwaldidiscipulus
1572 1956 1649 2026 apud
1664 1955 1763 2012 Cinul·

57 2040 212 2111 ridaretur,
224 2042 254 2098 in
264 2040 359 2098 lutosa
370 2041 518 2113 provincia
527 2038 669 2109 substitit,
680 2037 781 2109 ibique
793 2037 883 2094 vitam
940 2038 1043 2095 teiberi
1067 2038 1194 2095 maxima
1218 2055 1334 2113 semper
1362 2043 1546 2099 veneratione
1568 2042 1686 2100 habitus
1709 2050 1764 2103 est.

56 2146 154 2198 suam,
171 2134 279 2202 queuta
290 2131 357 2198 luit,
369 2130 473 2199 exegit.
490 2128 585 2185 Sscuti
599 2127 710 2193 ordine,
722 2143 797 2199 quos
807 2126 884 2182 Deus
941 2128 997 2187 Sed
1013 2127 1094 2187 illinc
1108 2142 1161 2202 pru
1176 2133 1325 2187 Dauorum
1345 2129 1465 2189 incursu
1488 2132 1633 2200 sublatus,
1649 2137 1678 2191 et
1696 2136 1764 2191 Cro·

59 2220 242 2293 praeviderat,
259 2219 381 2277 comites
397 2217 589 2291 provinciales
604 2232 657 2273 uec
672 2215 767 2272 locum
783 2213 883 2288 sepul·
942 2212 1011 2270 land
1026 2213 1154 2284 delatus,
1168 2215 1252 2272 modo
1264 2216 1367 2286 juncto
1391 2233 1458 2274 cum
1481 2217 1622 2275 Guthlaco
1638 2219 1766 2277 umbone

57 2309 109 2373 cri,
125 2324 177 2365 noc
188 2324 296 2365 nomon
307 2309 401 2364 suncti
417 2313 532 2364 norant.
545 2305 716 2378 Lapeasunt
726 2303 882 2360 multorum
942 2304 1095 2375 indigenas
1110 2304 1246 2376 protegit,
1262 2305 1442 2363 advenarum
1462 2307 1548 2365 etism
1567 2309 1688 2367 vocibus
1699 2324 1766 2366 exo·

58 2402 208 2454 momenta
232 2402 408 2468 temporum,
438 2396 612 2468 jacebatque
645 2394 701 2451 sub
728 2392 882 2450 oblivionis

59 2487 185 2545 obscuro
199 2485 315 2544 colosis
327 2487 529 2559 margaritum.
540 2484 604 2540 lum
616 2483 717 2539 beatus
728 2480 882 2539 oswaldus

60 2577 216 2648 reliquerat
226 2577 396 2648 terrae,jam
406 2573 573 2644 Egelwinua
584 2573 672 2628 tinem
684 2572 747 2628 rita
759 2571 880 2641 lecerat;

60 2670 241 2724 comantem
262 2664 441 2738 complacuit
455 2665 492 2732 si,
514 2662 563 2735 qui
583 2665 711 2734 tempora
725 2660 883 2732 disponens

59 2757 90 2812 in
106 2772 247 2814 mensura
260 2759 289 2812 et
303 2770 427 2812 numero
441 2757 470 2810 et
491 2751 617 2825 pondere
637 2757 742 2807 cuncta
756 2747 882 2820 ordinat,

60 2846 193 2918 apparuit
204 2845 233 2901 in
247 2844 309 2902 visu
321 2849 442 2901 sanctus
454 2842 500 2898 lvo
516 2840 711 2913 simplicitatis
720 2838 882 2895 innocentis

942 2391 1050 2450 rabilis.
1067 2393 1205 2460 Quemvis
1224 2394 1303 2452 enim
1319 2395 1400 2454 locus
1420 2397 1479 2454 uisi
1494 2414 1546 2470 per
1559 2415 1679 2471 aquam,
1695 2415 1764 2457 uus·

943 2498 1029 2555 quam
1051 2483 1125 2539 adiri
1144 2483 1248 2557 possit,
1264 2488 1361 2542 taman
1381 2490 1449 2543 ante
1468 2491 1582 2560 portam
1597 2487 1766 2546 monasterii
1807 2508 1811 2517 ·

943 2570 1088 2641 publicus,
1105 2576 1138 2628 ut
1152 2571 1193 2629 ita
1214 2572 1320 2641 dicam,
1341 2576 1643 2648 prctsruavigantium
1658 2581 1766 2635 trames

943 2658 1075 2718 babetur.
1087 2661 1147 2728 Quo
1158 2661 1201 2728 tlt,
1213 2665 1246 2718 ut
1256 2677 1329 2733 pene
1340 2679 1492 2735 uunquam
1504 2663 1546 2721 ibi
1558 2665 1655 2722 desint
1664 2663 1766 2738 hospi·

942 2751 986 2805 tea
1002 2748 1079 2806 ultra
1094 2749 1221 2822 citraque
1236 2756 1446 2809 commeantes.
1462 2751 1633 2811 Invenerunt
1649 2769 1766 2827 quoque

943 2842 1288 2911 nostratempora,quem
1297 2847 1503 2900 consecrarent
1513 2843 1766 2916 martyremquud

59 2936 132 3006 viro,
148 2935 234 3007 eique
244 2949 351 2990 nomeu
366 2940 393 2989 et
408 2933 532 3006 gradum
544 2936 573 2987 et
583 2928 709 3000 sepulcri
719 2928 816 2986 locum
833 2944 884 3001 per
942 2928 1114 2986 iunocenter
1137 2945 1246 2986 cesum
1270 2931 1347 2988 lame
1362 2933 1543 3006 pronuntiet,
1558 2934 1636 3007 quod
1651 2934 1763 2991 utinam

60 3025 191 3082 ordinem
207 3023 352 3096 exposuit.
376 3024 435 3079 Iret
448 3036 528 3094 ergo,
544 3024 573 3077 et
588 3020 684 3076 abbsti
703 3012 921 3078 Ramesiensic
940 3019 1092 3076 averitate
1108 3034 1166 3075 non
1190 3019 1342 3077 dissideat.
1366 3021 1520 3079 Waldelus
1544 3024 1569 3080 is
1592 3026 1637 3080 eat
1660 3022 1764 3094 ample

58 3113 163 3171 seriem
183 3113 303 3168 visionis
317 3110 487 3183 explanans,
512 3110 659 3180 adjiceret,
685 3114 716 3164 ut
731 3124 763 3164 so
778 3108 884 3163 lisme-
940 3109 1083 3180 prosapie
1099 3124 1208 3178 comes,
1231 3110 1308 3166 tilius
1330 3110 1455 3167 Siwardi
1481 3111 1766 3183 magnificentissimi

59 3202 147 3258 aeism
164 3204 311 3271 exportato
332 3200 426 3257 suctos
441 3200 479 3257 ibi
497 3197 685 3270 relinquerat,
703 3214 761 3254 non
776 3212 885 3269 corpus
941 3197 1246 3255 Nerthumbranorum
1270 3199 1397 3256 comitis.
1414 3200 1465 3256 llic
1485 3218 1502 3256 a
1525 3199 1683 3258 Willielmo
1698 3215 1766 3273 rege

60 3307 149 3347 suum
165 3289 319 3346 locandum
339 3288 369 3344 in
391 3288 510 3354 scrinio,
526 3287 576 3344 sed
595 3287 625 3343 in
640 3286 703 3342 loco
719 3286 803 3343 cltsri
817 3302 884 3343 con·
941 3287 1056 3344 seniore
1085 3303 1137 3359 pro
1161 3288 1316 3359 cujusdam
1342 3289 1555 3361 conjurationis
1574 3290 1604 3347 iu
1629 3307 1661 3348 se
1682 3291 1766 3347 iactae

60 3382 140 3451 tiguo
163 3378 337 3435 adeuntibus
361 3381 535 3448 opportuno,
560 3375 702 3432 hacteuus
726 3376 787 3432 haec
809 3375 883 3433 visio

63 3468 165 3534 valuit,
191 3472 224 3524 ut
241 3467 355 3523 abbatis
378 3465 577 3523 Rumeeiensis
605 3465 807 3523 credulitatem
832 3464 883 3521 eli·

65 3561 152 3613 cerel.
169 3555 223 3623 Qui
239 3556 316 3612 sicut
339 3555 375 3612 ad
400 3553 580 3611 credendum
600 3554 710 3624 tardus,
735 3554 776 3610 ita
795 3553 886 3611 semel

67 3647 124 3702 fide
139 3649 289 3716 concepta,
302 3645 336 3700 ad
357 3643 491 3700 iacienda
509 3659 575 3715 quse
591 3644 655 3699 visa
670 3644 794 3709 lucrant,
811 3642 887 3700 celer

63 3741 92 3793 et
116 3741 259 3805 maturus,
282 3738 446 3805 perrectum
473 3737 519 3789 est
542 3732 642 3806 igitur,
666 3736 695 3790 et
717 3732 884 3804 sepulcrum

63 3825 232 3898 quesitum,
249 3824 398 3879 inventum
414 3825 557 3894 apertum,
574 3821 771 3894 continuoque
784 3824 884 3879 sancta

63 3930 184 3986 corpora
194 3914 224 3969 in
234 3912 324 3970 linteo
334 3912 475 3984 exposito,
492 3928 526 3968 ex
540 3912 611 3983 ipsis
627 3912 768 3969 mausolei
783 3912 884 3968 sinuo·

63 4005 104 4062 sis
120 4004 299 4061 anfractibus
317 4004 414 4075 erupit
432 4003 511 4060 unda
532 4003 622 4060 bullis
639 4003 788 4060 uberrima
804 4004 885 4077 luga·

62 4093 157 4149 cibus.
175 4095 272 4150 Manat
286 4092 320 4148 ud
346 4091 426 4148 hunc
441 4091 519 4149 diam
544 4094 608 4150 lons
623 4092 718 4150 dulcis
732 4093 821 4165 potui,
837 4109 887 4149 ac·

943 3375 1111 3448 suspicione
1134 3377 1361 3450 comprehensus
1385 3378 1434 3434 diu
1460 3378 1490 3434 in
1514 3379 1640 3436 vinculis
1655 3383 1764 3450 tentus,

944 3465 1049 3524 ultimo
1071 3467 1166 3538 capite
1189 3466 1331 3539 spoliatus
1352 3471 1406 3538 est,
1422 3471 1451 3525 et
1473 3469 1551 3540 apud
1571 3468 1695 3527 Crclaud
1716 3484 1764 3527 aa·

944 3552 1054 3626 pultus.
1062 3552 1220 3626 Opiniones
1230 3556 1467 3613 Narmannorum
1475 3556 1504 3614 in
1512 3557 1623 3614 malurn
1633 3558 1662 3614 iu
1674 3558 1764 3631 gestis

944 3657 1044 3714 regum
1068 3643 1165 3713 posui;
1187 3644 1232 3699 tric
1252 3645 1337 3716 Angli
1358 3645 1426 3717 quid
1442 3645 1478 3701 dc
1492 3645 1605 3702 diverso
1620 3650 1763 3717 asserant,

945 3748 1003 3787 uon
1018 3732 1129 3790 tacebo.
1151 3732 1234 3803 Angli
1254 3732 1414 3804 plurimum
1434 3735 1553 3791 veritate
1575 3738 1763 3807 prestantes:

946 3823 1121 3878 necessitate
1145 3821 1280 3879 comitem
1304 3824 1334 3879 in
1356 3823 1487 3881 convivio
1510 3823 1704 3897 interceptum
1727 3822 1766 3881 ad
1867 3890 1870 3895 ¹

945 3911 1177 3981 conjurationem
1193 3910 1289 3967 solum
1299 3916 1375 3968 motu
1385 3910 1530 3970 lubiorum
1546 3930 1603 3970 uon
1617 3914 1769 3971 voluntate

945 4000 1092 4057 addictum
1104 4001 1153 4071 [ul.
1169 4001 1339 4074 adductum]
1353 4002 1535 4060 iuildelitatia
1548 4008 1767 4061 sacramentum

943 4091 1080 4162 agitasse,
1096 4107 1130 4147 ec
1142 4091 1168 4147 id
1186 4091 1276 4148 luisse
1291 4090 1401 4163 palam,
1416 4093 1494 4164 quod
1508 4096 1537 4148 et
1550 4092 1711 4149 Lanlrancc
1725 4108 1770 4148 ar·

62 4185 232 4241 commodus
249 4183 382 4240 omnium
401 4182 572 4254 valetudini,
589 4198 641 4240 nec
657 4187 752 4257 potest
767 4198 889 4240 numero
945 4179 1130 4250 cbiepiscopo
1146 4184 1174 4236 ct
1194 4179 1249 4250 ipsi
1266 4181 1326 4252 regi
1350 4179 1425 4236 ultro
1449 4181 1603 4238 confessus
1626 4180 1770 4252 poeniteu-

62 4272 890 4346 aestimari,uedumcomprehendiscriptomultitudoper
945 4269 1015 4324 tium
1035 4269 1071 4325 de
1095 4268 1234 4325 simulato
1254 4270 1291 4324 ud
1311 4268 1412 4325 huram
1429 4286 1571 4326 consensu
1588 4269 1696 4325 lecerit.
1712 4270 1770 4325 iln-

61 4362 891 4437 uastumiltumjsonatorum;adaoutnuttussittnanglis
946 4357 1060 4429 glurum
1086 4357 1285 4430 astipulationi
1315 4359 1452 4415 divinitas
1478 4357 1612 4415 assentiri
1643 4358 1768 4421 videtur,

63 4450 890 4510 sauctuslvouevelexoratuvelfacilioratiectuetllcacior.
947 4446 1087 4503 miracula
1101 4446 1194 4503 mults
1207 4453 1237 4504 et
1252 4464 1285 4504 cu
1296 4447 1477 4520 permaxima
1487 4449 1523 4504 ad
1540 4447 1672 4504 tumbam
1688 4446 1769 4504 illlus

64 4541 128 4597 Vidi
138 4541 686 4614 egoquuddicam,mcnacbuaquidam
694 4543 891 4600 morbointer·
945 4538 1113 4593 osteudens.
1129 4537 1219 4593 Aiunt
1231 4538 1310 4594 enim
1323 4538 1351 4593 in
1365 4545 1483 4594 catenas
1493 4553 1655 4594 connexum
1672 4537 1769 4609 quoti-

64 4631 141 4687 cutis
156 4646 237 4702 aque
253 4628 421 4702 languebat.
436 4630 629 4703 lamturgida
644 4631 729 4703 pellis
746 4632 776 4687 iu
797 4631 889 4689 altum
945 4625 1042 4682 diauis
1068 4625 1247 4699 singultibus
1278 4642 1428 4700 perperam
1453 4626 1613 4683 commissa
1635 4626 1769 4684 diluisse.

63 4718 891 4793 creverat,jamgrsvisbalitusastantessubmovabut‚ipse
918 4707 923 4717 ’
944 4715 1016 4772 Mihi
1032 4715 1111 4788 prior
1124 4715 1180 4772 loci
1205 4719 1342 4784 narravit,
1366 4733 1398 4774 se
1413 4715 1562 4773 miraculis
1578 4719 1768 4785 commotum,

63 4806 120 4864 sibi
144 4811 317 4879 epotaturus
341 4810 417 4863 totos
447 4823 553 4875 smnus,
583 4807 781 4865 exsiccaturus
804 4810 892 4881 plena
945 4821 1051 4878 corpus
1066 4804 1164 4861 nubile
1179 4806 1215 4862 ab
1235 4807 1316 4863 omni
1333 4805 1397 4862 labe
1412 4807 1545 4862 immune
1559 4809 1768 4871 contrectasse,

63 4894 140 4952 dolia
158 4894 323 4951 videbatur.
339 4894 513 4953 Admonitus
529 4895 560 4952 in
575 4896 687 4953 somnis
701 4896 738 4952 sd
754 4901 889 4954 sunctum
945 4898 1031 4965 ceput
1045 4893 1158 4967 reliquo
1173 4897 1286 4965 corpori
1297 4896 1533 4968 compaginatum
1550 4894 1638 4951 rubra
1653 4897 1768 4951 tantum

64 4988 182 5043 lvonem
205 4984 339 5058 perrexit,
361 4984 559 5057 ibiquetertio
575 4990 763 5057 potatusque
779 4987 889 5043 undem
945 4983 1031 5056 quasi
1048 4984 1124 5040 linea
1143 4984 1261 5055 signum
1282 4983 1367 5041 caedis
1385 4986 1546 5040 ostentante
1560 4982 1679 5039 vidisse.
1695 4984 1770 5049 Qua·

63 5073 206 5144 superflui
230 5074 363 5131 humoris
387 5089 437 5130 ore
465 5074 578 5146 reiecit.
609 5075 757 5132 Detumuit
779 5083 889 5143 venter,
946 5076 1064 5145 propter
1083 5090 1141 5129 non
1157 5089 1188 5130 se
1213 5074 1346 5131 dubitare
1370 5072 1455 5129 illum
1480 5074 1510 5129 in
1533 5073 1614 5130 omui
1634 5086 1770 5130 sermone

62 5167 286 5220 remarcuerunt
305 5178 401 5233 crura,
417 5167 446 5220 et
470 5179 505 5220 na
525 5162 620 5236 plura,
645 5168 724 5221 totus
747 5164 834 5221 bomo
859 5165 889 5223 iu
945 5167 1079 5219 sanctum
1096 5163 1253 5235 appellare,
1276 5164 1305 5221 in
1330 5163 1409 5221 illiue
1433 5163 1550 5220 nomine
1574 5162 1721 5220 crationes
1740 5169 1769 5221 et

66 5251 220 5309 sanitatem
244 5253 375 5323 reviruit,
399 5253 579 5325 tandemque
603 5252 744 5326 gloriatus
770 5257 815 5310 est
838 5269 890 5325 pro
946 5251 1087 5308 beneficis
1102 5249 1157 5307 loci
1174 5253 1339 5324 petentibus
1353 5253 1422 5309 dare
1437 5251 1560 5309 dicebat.

66 5345 126 5397 tam
144 5339 257 5397 salubri
270 5341 381 5397 vomitu
407 5359 438 5400 se
455 5342 613 5415 aliquando
637 5342 738 5400 satiari
755 5358 840 5414 posse
855 5343 890 5400 ds

67 5435 148 5502 potu.

99 5519 223 5578 Crolsnd
233 5525 278 5576 est
288 5519 687 5595 unainsularumjaceutium
699 5522 785 5582 inille
797 5528 890 5582 tractu

222 5617 358 5682 Parnoi.
382 5617 538 5685 uuxxtX.
