3750 6000
169 260 222 313 tati

168 384 302 448 praetarea
316 374 514 446 possessiones,
527 388 698 445 quaecunque
713 373 785 427 bona
800 369 964 427 anobiiibus
978 399 1006 459 A

170 465 238 518 viris
254 465 411 518 Hermanno
426 471 507 533 atque
537 462 703 518 wicmanno
713 460 757 516 vei
771 459 968 532 aquibusoun-

169 567 220 623 que
236 550 361 606 fidelibus
377 550 410 605 de
426 565 475 604 suo
486 549 548 618 jure
563 549 653 605 eidem
661 549 720 605 ioco
735 546 858 619 legitime
866 544 967 601 coliata

171 649 243 706 sunt,
260 640 319 695 sive
342 638 371 693 in
395 636 522 704 futurum,
552 636 686 710 largiente
705 635 831 704 Domino,
845 634 918 702 jttste
941 638 966 687 et

170 727 302 784 canonice
329 726 448 783 conferri
476 725 633 797 contigerit,
661 724 738 779 firma
757 737 868 793 semper
888 717 966 775 vobis

169 816 324 889 vestrisque
339 813 544 870 successoribus
558 821 585 868 et
600 812 761 869 inconvulsa
775 811 964 881 permaneant.

167 905 240 959 Nulli
262 920 328 976 ergo
356 903 497 957 bominum
525 901 606 956 liceat
632 899 793 971 praedictam
822 895 965 953 ecclesiam

169 1001 272 1049 temere
296 992 466 1062 perturbare,
481 994 529 1043 aut
552 987 611 1057 ejus
633 986 825 1058 possessiones
847 983 963 1050 auferre,

168 1080 210 1139 vei
238 1081 342 1136 ablatas
366 1079 487 1134 retinere
518 1077 576 1132 sire
607 1075 772 1149 quibuslibet
812 1072 964 1129 temerariis

167 1168 358 1226 vexationibus
382 1165 507 1237 fatigare,
538 1164 587 1219 sed
614 1164 705 1220 omnia
724 1163 832 1234 integra
846 1175 961 1216 conser-

165 1266 262 1314 ventur
277 1270 381 1321 eorum,
397 1268 446 1325 pro
463 1267 578 1324 quorum
593 1249 792 1322 gubernatione
807 1257 833 1304 et
851 1257 960 1304 susten-

821 242 1026 305 lNNOCENTii
1040 249 1066 305 11
1083 245 1180 306 PAPAE

1766 253 1822 311 tat

1020 370 1215 438 archidiaconi,
1226 373 1272 444 qui
1291 375 1373 446 quasi
1387 377 1663 449 episcoporumoeuii
1687 380 1819 435 universa

1021 457 1193 528 perlustrent,
1223 468 1250 516 ut
1278 462 1547 521 statuiichesiarum
1578 482 1630 522 nec
1662 482 1719 522 nou
1748 465 1816 523 cieri

1021 552 1047 601 et
1060 546 1154 617 popuii
1169 563 1217 617 par
1230 563 1279 604 eos
1292 549 1372 619 plene
1386 560 1536 624 comperto,
1566 570 1628 627 quaa
1654 552 1818 627 corrigenda

1019 631 1120 689 fuerint
1135 636 1245 707 corrigi,
1262 644 1290 692 et
1303 654 1364 709 qua
1379 642 1520 696 statuenda
1535 649 1681 713 prestante
1700 642 1816 697 Domino

1020 719 1128 776 valeant
1142 721 1310 780 confirmari.
1327 725 1380 794 Qut
1396 727 1478 783 etiam
1497 744 1548 800 pro
1563 730 1724 801 reparandis
1739 729 1816 784 basi·

1018 807 1078 863 licis
1092 808 1253 866 dioeoesauis
1273 823 1424 886 suggerunt
1451 817 1597 882 sacerdoti,
1632 818 1678 890 qui
1706 832 1816 889 otioque

1018 894 1156 968 inquirunt
1174 899 1319 969 parochias
1334 909 1361 956 et
1375 912 1537 959 ornamenta
1560 903 1604 961 rei
1627 921 1672 960 res
1688 904 1814 961 basilica-

1018 999 1079 1038 rum
1094 993 1121 1040 et
1135 987 1326 1055 parochiarum
1341 997 1419 1061 gesta
1434 990 1478 1046 rei
1498 993 1653 1047 libertatum
1680 991 1814 1048 ecciesia-

1017 1072 1148 1128 sticarum
1162 1075 1291 1145 episcopo
1305 1076 1438 1132 referunt.
1466 1084 1490 1134 Α
1505 1079 1603 1151 quibus
1618 1097 1731 1152 insuper
1744 1096 1812 1148 pre·

1017 1160 1188 1232 sbyterorum
1204 1162 1250 1218 vei
1263 1163 1375 1221 aiiomm
1392 1181 1521 1223 excessus
1540 1168 1645 1224 eisdem
1675 1169 1813 1240 episcopis

1017 1248 1182 1305 nuntiantur.
1210 1251 1250 1305 Ex
1272 1251 1369 1323 quibus
1394 1254 1523 1310 omnibus
1549 1261 1641 1327 aperte
1669 1256 1808 1329 colligitur

163 1346 264 1401 tatione
278 1357 409 1400 concessa
424 1349 496 1406 sunt,
520 1339 613 1394 usibus
628 1337 791 1394 omnimodis
810 1335 960 1408 profutura,
1016 1336 1089 1405 quod
1104 1337 1290 1394 archidiaconi
1305 1340 1407 1396 debent
1421 1342 1525 1415 absque
1535 1342 1687 1416 aliquorum
1702 1352 1812 1400 eontra-

163 1433 237 1489 saiva
265 1432 395 1486 nimirum
427 1427 640 1484 alberstatensis
673 1424 794 1497 episcopi
827 1423 963 1481 canonica
1015 1424 1134 1481 dictione
1149 1427 1293 1496 parochias
1310 1429 1429 1496 visitare,
1455 1438 1482 1486 et
1504 1431 1539 1487 de
1553 1432 1697 1487 animabus
1721 1431 1811 1487 bomi-

162 1520 326 1578 reverentia.
343 1518 467 1574 Obeunte
495 1531 561 1572 vero
590 1513 715 1584 ejusdem
731 1511 893 1569 venerabilis
906 1511 961 1568 ioci
1014 1528 1079 1567 num
1094 1513 1133 1568 ibi
1154 1515 1315 1587 degentium
1338 1531 1429 1573 curam
1444 1534 1552 1589 gerere.
1568 1519 1698 1592 ideoque,
1714 1518 1811 1576 dilecte

162 1609 323 1682 praeposito,
348 1606 441 1661 nuilus
458 1604 496 1658 ibi
512 1602 636 1675 qualibet
663 1601 848 1673 subreptionis
863 1599 959 1656 astutia
1013 1600 1041 1654 in
1059 1601 1174 1657 Domino
1192 1601 1230 1657 tili
1245 1602 1369 1660 Gerarde
1395 1607 1551 1678 preposite,
1579 1613 1738 1665 sanatorum
1758 1609 1811 1663 pa.

161 1714 211 1754 seu
226 1696 354 1754 violentia
370 1701 550 1765 praeponatur,
567 1691 620 1745 nisi
649 1706 732 1762 quem
760 1690 856 1745 fratres
879 1703 958 1744 com·
1014 1694 1086 1742 trum
1110 1689 1226 1761 vestigia
1254 1699 1462 1762 prosequentes,
1479 1702 1505 1750 et
1519 1695 1677 1766 generalem
1692 1711 1811 1752 consue-

161 1786 238 1840 muni
254 1799 393 1841 consensu
412 1781 457 1838 vei
481 1780 594 1834 fratrum
620 1793 685 1850 pars
714 1777 820 1833 consilii
845 1775 961 1831 sanioris
1014 1775 1134 1832 tudinem
1147 1779 1281 1835 aeetestae
1300 1781 1480 1849 attendentcs‚
1503 1782 1641 1839 licentiam
1656 1791 1684 1840 et
1697 1783 1808 1840 liberam

159 1872 309 1930 seeundum
326 1873 412 1926 iteum
427 1869 579 1940 elegerunt.
606 1867 634 1922 Si
662 1866 723 1938 quis
750 1866 841 1937 igitur,
858 1863 961 1920 decreti
1013 1872 1177 1935 potestatem
1191 1867 1275 1922 certis
1289 1869 1458 1938 temporibus
1483 1869 1611 1927 visitandi
1639 1880 1666 1927 et
1693 1872 1809 1928 circum-

160 1963 242 2031 bujus
257 1970 350 2016 tenore
368 1957 488 2028 cognito,
499 1963 612 2026 temere,
629 1955 702 2026 quod
717 1953 803 2009 absit!
822 1953 959 2008 contraire
1013 1952 1095 2007 eundi
1108 1953 1249 2022 decanias,
1266 1972 1326 2028 quae
1345 1956 1373 2010 in
1400 1957 1626 2016 archidiaconatu
1641 1968 1735 2017 vestro
1749 1961 1808 2016 sitae

160 2049 315 2118 tentaverit,
330 2046 444 2103 honoris
459 2053 485 2100 et
499 2043 579 2101 officii
594 2043 636 2097 sui
661 2040 813 2114 periculum
828 2041 957 2112 patiatur,
1013 2049 1087 2107 sunt,
1118 2041 1244 2098 videlicet
1267 2044 1375 2101 archoe
1391 2053 1417 2101 et
1431 2046 1612 2117 Zoipbecboe,
1640 2047 1710 2104 siout
1725 2049 1751 2103 in
1767 2065 1808 2104 re-

160 2146 207 2195 aut
221 2133 508 2195 excommunicationis
519 2131 622 2186 uitione
637 2130 780 2201 plectatur,
805 2129 859 2184 nisi
885 2144 957 2199 prae-

161 2223 343 2293 sumptionem
371 2236 446 2275 suam
471 2217 555 2290 digna
585 2215 771 2271 satisfactione
799 2212 956 2269 correxerit.

161 2315 261 2472 Atlssegno·
280 2396 452 2454 Innocentius
476 2392 621 2450 Catboiieae
644 2391 776 2448 Ecclesiae
800 2390 955 2461 episcopus,

162 2502 243 2544 manu
259 2487 379 2558 propria.

199 2580 257 2648 Ego
268 2573 421 2646 Gregorius
433 2572 563 2627 diaconus
578 2569 653 2625 card.
669 2568 829 2624 Sanctorum
852 2572 955 2636 marty·

167 2682 225 2720 rum
240 2662 329 2734 Sergii
344 2660 488 2725 etBacchi,
502 2673 584 2713 manu
600 2656 719 2728 propria.

199 2754 259 2822 Ego
284 2749 348 2804 Otto
377 2745 601 2802 diaconuscard.
626 2745 654 2798 S.
669 2740 780 2815 Georgii
800 2741 834 2796 ad
860 2740 955 2797 Velum

162 2844 291 2904 Aureum,
308 2853 389 2892 manu
399 2835 516 2907 propria.

195 2930 255 3001 Ego
266 2925 465 2982 Theodewinus
482 2925 509 2979 S.
525 2919 793 2991 Rufrnaeepiscopus,
803 2934 884 2974 manu
893 2933 956 2990 pro-

161 3017 233 3091 pria.

1010 2127 1216 2201 liquisduabus,
1232 2131 1317 2187 idest
1333 2132 1436 2188 Ytieasi
1451 2143 1477 2190 et
1493 2135 1662 2208 sibergensi,
1674 2138 1807 2193 hactenus

1011 2216 1103 2272 facere
1119 2219 1309 2287 consuevistis,
1326 2220 1374 2275 tibi
1389 2223 1495 2294 tuisque
1511 2223 1726 2289 successoribus,
1742 2240 1807 2281 cou-

1010 2304 1133 2362 cedimus
1144 2314 1225 2378 atque
1241 2308 1390 2364 firmamus.
1407 2309 1441 2364 111
1453 2311 1516 2381 quia
1527 2311 1611 2367 novis
1621 2312 1726 2368 morbis
1735 2327 1806 2368 nora

1010 2400 1051 2448 est
1066 2393 1219 2450 adhibenda
1234 2396 1379 2466 medicina,
1394 2398 1417 2452 si
1432 2406 1557 2470 raptores
1571 2408 1598 2455 et
1612 2400 1806 2457 malefactores

1011 2481 1166 2537 Bonnensis
1202 2484 1328 2539 ecciesiae
1360 2487 1517 2541 commoniti
1545 2487 1707 2558 resipiscere
1735 2488 1805 2545 forte

1010 2569 1155 2640 notuerint,
1171 2578 1198 2625 et
1212 2572 1435 2644 archiepiscopus
1445 2573 1591 2648 requisitus
1599 2591 1647 2631 eos
1655 2576 1805 2632 secundum

1007 2657 1139 2726 justitiam
1155 2672 1283 2716 coercere
1312 2662 1473 2734 neglexerit,
1488 2671 1627 2736 postquam
1643 2663 1765 2720 secundo
1779 2672 1806 2720 et

1009 2745 1090 2801 tertio
1115 2747 1222 2803 evocati
1256 2748 1367 2805 minime
1400 2750 1591 2817 satisfecerint,
1626 2752 1804 2809 interdicendi

1012 2832 1054 2888 rel
1070 2835 1323 2891 excommunicandi
1339 2851 1386 2893 eos
1401 2846 1447 2893 tua
1462 2854 1579 2910 persona
1607 2839 1703 2896 babeat
1717 2840 1806 2898 facul·

1009 2928 1100 2977 tutem.
1118 2922 1302 2979 Nihilominus
1316 2925 1398 2980 etiam
1415 2927 1606 2983 constituimus
1621 2935 1650 2983 ut
1668 2929 1762 2984 aedem
1778 2934 1806 2984 at

1007 3009 1097 3066 locum
1112 3018 1168 3065 tarn
1190 3011 1216 3066 in
1232 3012 1315 3069 choro
1331 3013 1421 3070 Sancti
1438 3015 1510 3069 Petri
1525 3030 1606 3087 quam
1634 3016 1660 3070 in
1689 3016 1806 3087 publicis

196 3108 256 3179 Ego
267 3106 395 3161 hibertus
405 3100 567 3157 tibarensis
575 3097 728 3168 episcopus,
740 3110 821 3149 manu
830 3092 953 3164 propria.
971 3085 996 3150 C
1012 3100 1236 3169 processionibus
1251 3101 1309 3156 sive
1319 3103 1515 3170 conventibus,
1531 3119 1567 3159 ex
1579 3103 1691 3172 justitiae
1704 3105 1806 3176 equita

197 3198 256 3267 Ego
267 3194 407 3251 albericus
423 3189 556 3246 Ostiensis
571 3186 725 3257 episeopus,
739 3199 823 3237 manu
834 3181 955 3253 propria.

198 3287 255 3356 Ego
271 3282 408 3339 Gerardus
424 3277 568 3350 presbyter
594 3271 740 3330 cardinatis
754 3272 794 3326 tit.
816 3270 835 3327 S
864 3269 958 3325 Crucis

163 3375 190 3430 in
204 3373 363 3439 Jerusalem,
379 3364 589 3437 manupropria.

196 3461 257 3532 Ego
272 3457 417 3514 iinselmus
431 3453 575 3525 presbyter
594 3448 740 3506 cardinalis
756 3447 824 3502 tituli
841 3447 868 3503 S.
887 3447 959 3501 Lau·

163 3549 242 3606 rentii
254 3549 280 3602 iu
296 3546 405 3610 Lucina,
417 3557 500 3598 manu
514 3539 638 3613 propria.

198 3639 258 3707 Ego
273 3637 358 3691 Lucas
384 3631 529 3703 presbyter
543 3627 691 3684 cardinalis
715 3625 764 3681 SS.
793 3623 908 3680 ioannis
934 3630 960 3678 et

164 3726 251 3790 Pauli,
266 3739 348 3779 mauu
363 3721 482 3794 propria.

201 3815 264 3885 Ego
272 3802 701 3883 Chrysogonuspresbytereard.
713 3800 783 3857 tituli
792 3802 820 3857 S.
831 3798 961 3856 Praxedis

168 3919 249 3959 manu
261 3900 380 3973 propria.

1011 3195 1046 3253 te,
1062 3202 1111 3257 per
1125 3186 1315 3244 coloniensem
1339 3190 1484 3246 ecclesiam
1512 3191 1593 3248 vobis
1623 3191 1807 3261 adjudicatum

1012 3274 1168 3330 obtineatis.
1187 3276 1282 3332 Vestra
1301 3277 1385 3349 igitur
1410 3278 1527 3334 interest
1551 3279 1589 3334 ita
1613 3281 1733 3336 honeste
1761 3295 1812 3352 per

1013 3363 1063 3418 Dei
1078 3363 1196 3435 gratiam
1224 3365 1316 3420 vivere
1346 3374 1373 3421 et
1396 3376 1498 3423 sanctae
1521 3368 1651 3424 Romana
1678 3367 1813 3425 Ecclesia

1013 3452 1091 3507 matri
1108 3458 1207 3508 vestrae
1222 3454 1336 3509 devotos
1356 3454 1483 3524 existere,
1513 3463 1543 3510 ut
1569 3456 1696 3529 ampliori
1724 3456 1813 3529 gratia

1013 3538 1090 3613 digni
1112 3540 1180 3596 sitis.
1210 3541 1237 3596 Si
1274 3542 1337 3612 quis
1360 3550 1451 3599 autem
1480 3552 1574 3600 contra
1601 3545 1682 3614 hujus
1711 3553 1812 3601 nostae

1014 3628 1211 3685 constitutionis
1238 3636 1361 3686 tenorem
1403 3638 1506 3689 temere
1531 3632 1624 3689 venire
1653 3635 1808 3700 tentaverit,

1014 3716 1068 3771 nisi
1093 3718 1336 3788 presumptionem
1363 3734 1442 3775 suam
1468 3736 1592 3793 congrua
1620 3720 1808 3777 satisfactione

1015 3805 1173 3871 correxerit,
1205 3805 1420 3877 indignationem
1460 3809 1653 3880 omnipotentis
1687 3809 1737 3865 Dei
1778 3815 1805 3865 et

1015 3893 1156 3948 beatorum
1171 3893 1241 3948 Pctri
1256 3903 1283 3950 et
1297 3895 1372 3950 Pauli
1387 3895 1572 3967 apostolorum
1601 3898 1661 3968 ejus
1677 3897 1806 3954 incurrat.

201 3992 262 4063 Ego
273 3992 319 4046 ivo
333 3987 477 4059 presbyter
503 3981 649 4041 cardinatis
679 3979 720 4036 tit.
737 3979 766 4034 S·
780 3975 920 4033 Laurentii
935 3975 963 4029 in
1014 3981 1212 4038 Conservantcs
1226 3992 1317 4038 autem
1331 3984 1389 4040 haec
1403 3987 1560 4040 eorumdem
1584 3985 1806 4043 benedictionum

167 4082 299 4139 Damaso.

1015 4070 1126 4143 gratiam
1140 4078 1351 4144 consequantur.
1364 4073 1461 4139 limen,
1476 4090 1566 4145 amen,
1581 4090 1673 4130 amen.

204 4173 304 4225 Datum
319 4164 446 4220 Laterani
461 4178 511 4232 i)tr
525 4175 620 4215 m³11⁰⁸
648 4154 776 4211 Himefiei
790 4155 818 4211 S·
835 4154 963 4208 fl⁰m³⁰ae
1051 4186 1112 4257 ligo
1125 4185 1300 4242 innocentius
1313 4187 1458 4245 Catholicae
1468 4189 1599 4245 Ecclesiae
1613 4189 1772 4262 episcopus.

170 4258 304 4314 Ecclesise
317 4251 425 4308 diaconi
435 4249 581 4306 cardinalis
596 4255 622 4302 et
635 4242 803 4304 cancellarii,
819 4255 890 4294 xviri
900 4240 961 4295 Kai.

168 4347 292 4409 tanuen,
308 4341 400 4395 indict.
429 4352 469 4402 ru,
500 4333 696 4391 incarnationis
720 4329 868 4386 Dominicae
891 4343 963 4382 anno

170 4434 250 4497 ttae,
267 4428 438 4501 pontificatus

170 4535 242 4577 anno
256 4536 282 4572 x.

503 4651 642 4708 cbxttx.

261 4785 300 4840 td
318 4779 472 4840 Gerardam
487 4777 669 4851 prepositum
691 4774 875 4829 bonnensem.

396 4891 485 4961 (inno
501 4891 579 4955 1139,
595 4886 664 4940 Dec.
685 4884 741 4951 16.)

205 5003 364 5077 [Gaurum.
387 4998 452 5055 Cod.
476 4995 550 5068 dipl.
568 4990 797 5056 litem-Mosen„
814 4985 926 5059 hitto]

207 5102 395 5155 iuuocnurms
410 5095 560 5166 epireopus,
576 5108 671 5148 servus
686 5103 827 5146 servorum
842 5085 902 5155 Dei,
918 5082 963 5140 di·

171 5199 244 5255 iacto
260 5194 314 5249 friio
341 5194 475 5248 Gnntnuo
504 5187 642 5244 Bnnnensi
669 5184 824 5258 praeposito,
853 5182 964 5251 eiusque

172 5281 379 5342 successoribus
393 5279 524 5335 canonice
538 5274 711 5332 instituendis
736 5273 764 5327 in
790 5276 962 5343 perpetuum.

208 5373 451 5428 Sicutsanetorum
466 5381 599 5421 canonum
618 5365 699 5421 docet
719 5359 880 5424 auctoritas,
909 5355 964 5412 soi·

169 5459 282 5519 iicitudo
296 5465 323 5514 et
339 5454 473 5511 ordinatio
499 5451 688 5509 Ecclesiamm
710 5450 744 5505 ad
773 5447 963 5519 episcoporum

1051 4283 1111 4355 Ego
1126 4282 1264 4339 Gerardus
1277 4286 1423 4356 presbyter
1449 4286 1597 4342 cardinalis
1612 4285 1688 4343 titulo
1703 4286 1811 4343 Sanctae

1017 4371 1112 4428 Crucis
1126 4372 1153 4426 in
1167 4372 1331 4429 Jerusalem.

456 4439 521 4480 V⁸¹'⁰
549 4423 641 4477 d⁰¹¹³¹¹¹
664 4423 814 4476 ¹⁰¹¹⁰⁰em¹¹
835 4416 859 4471 H
887 4430 1004 4497 papaeD
1052 4477 1113 4551 Ego
1127 4478 1217 4535 Lucas
1230 4480 1373 4552 presbyter
1386 4478 1534 4536 cardinatis
1554 4479 1630 4537 titulo
1645 4481 1814 4539 Sanctorum

1017 4566 1130 4622 ioannis
1143 4574 1171 4623 et
1185 4567 1269 4623 Parii.

1054 4655 1115 4729 Ego
1130 4654 1177 4712 lvo
1192 4656 1337 4729 presbyter
1349 4655 1496 4712 cardinalis
1512 4657 1589 4714 titulo
1597 4657 1687 4715 Sancti
1699 4659 1820 4714 Lauren·

1021 4743 1049 4799 tii
1061 4743 1089 4798 in
1103 4744 1230 4800 Damaso.

1049 4833 1109 4904 ligo
1125 4832 1295 4906 Grisogonus
1310 4832 1452 4907 presbyter
1467 4833 1616 4890 cardinalis
1630 4834 1708 4892 titulo
1741 4837 1812 4891 Pra-

1015 4928 1102 4985 redis.

1052 5027 1111 5099 Ego
1120 5026 1259 5083 Conradns
1273 5026 1414 5084 Sabieusis
1424 5028 1579 5101 episcopus.

1050 5124 1111 5195 Ego
1124 5123 1261 5180 'leodinus
1274 5124 1422 5197 episcopus
1438 5125 1545 5183 Sanctae
1555 5124 1673 5183 Ruiinae.

1053 5220 1112 5294 Ego
1126 5221 1269 5278 albericus
1282 5222 1433 5278 Hostiensis
1447 5224 1602 5295 episcopus.

1051 5318 1111 5392 Ego
1132 5317 1283 5392 Gregorius
1310 5319 1442 5377 diaconus
1471 5320 1621 5378 cardinalis
1650 5320 1813 5379 Sanctorum

1016 5414 1105 5487 Sergii
1120 5415 1268 5473 etBacchi.

169 5548 288 5625 pertinet
309 5560 411 5602 curam.
428 5543 461 5597 iit
476 5541 605 5615 quoniam
621 5539 673 5611 ipsi
686 5554 737 5610 per
751 5551 829 5592 snam
844 5546 964 5605 prasea·
1050 5512 1112 5584 580
1122 5511 1211 5568 Guld⁰
1226 5511 1360 5571 diffiniit
1371 5513 1686 5572 cardinalisSt-natornm
1702 5514 1811 5574 (1111111

167 5640 233 5698 tiam
247 5653 301 5695 non
325 5639 443 5709 possunt
465 5629 556 5688 omnia
578 5643 718 5693 exercere.
734 5622 872 5683 constituti
900 5626 963 5678 sunt
1015 5617 1043 5667 et
1056 5609 1192 5666 Dimittit·
