3750 6000
105 185 155 243 act

737 192 943 251 [NNOCEN'lll
965 194 990 251 ll
1011 194 1113 252 PAPAE

104 309 238 369 tratribus
251 314 339 385 prosit
353 323 379 373 et
393 318 496 391 presit,
508 319 583 390 juxta
605 319 730 378 eamdem
744 321 772 377 in
786 336 897 395 praeno·
909 321 938 382 tt
950 329 1112 390 annuentes,
1127 322 1200 395 quod
1215 338 1232 379 a
1259 322 1343 381 fratre
1371 331 1467 382 nostro
1495 325 1575 383 bona
1600 328 1745 387 memoria

103 399 206 456 minata
220 403 335 460 ecclesia
348 407 480 481 erigatur.

138 497 166 553 Si
182 498 242 570 quis
255 501 346 574 itaque
361 503 425 561 huic
438 514 532 563 nostro
545 506 654 563 decreto
670 523 737 564 ausu
754 508 898 565 temerario

103 589 241 644 contraire
255 595 409 662 tentaverit,
426 596 537 652 honoris
552 605 578 651 et
594 597 676 652 allicii
692 598 733 652 sui
749 598 898 669 periculum

103 678 219 748 patiatur
233 687 259 735 et
273 684 562 741 excommunicationis
577 684 681 742 ultione
693 688 834 757 plectatur.
846 687 898 741 nisi

103 769 342 838 presumptionem
354 789 430 828 suam
444 774 529 846 digna
541 775 724 831 satisfactione
734 776 896 832 correxerit.

104 855 305 914 conservantes
332 870 423 917 autem
452 878 468 918 a
497 865 574 919 Patre
603 865 854 921 misericordiarum
871 872 898 921 et

103 944 186 998 totius
213 948 409 1005 consolationis
437 952 494 1007 Dee
521 968 649 1008 coronam
684 963 846 1024 perpetuam
871 959 898 1008 et

104 1029 243 1087 beatorum
259 1039 447 1106 apostolorum
463 1041 535 1097 l‘etri
550 1050 577 1098 et
591 1041 665 1097 Pauli
684 1042 896 1098 desiderabilem

104 1121 219 1193 gratiam
235 1137 449 1200 consequantur.

469 1228 523 1284 CC.

104 1317 361 1380 Adadalberonern
379 1328 570 1382 Treuirrnscm
594 1328 847 1400 oretriapt'scopum.
863 1357 897 1367 -

141 1403 245 1461 Contra
265 1408 394 1466 abbatem
418 1413 445 1469 S.
476 1413 633 1480 llaeimini,
663 1429 754 1485 quem,
780 1413 804 1467 si
834 1428 898 1467 uera

138 1485 198 1540 sint
212 1490 241 1541 et
251 1487 368 1559 objecta,
384 1492 580 1563 deponendum
590 1493 713 1564 judicat.

279 1584 371 1652 (Anno
387 1590 553 1654 ttae-trau,
581 1590 641 1643 Jan.
661 1591 719 1658 to.)

951 410 1076 484 Egberto
1090 413 1298 469 Mouasteriensi
1311 413 1443 486 episcopo
1457 429 1541 486 super
1556 415 1682 473 Ecclesia
1694 417 1749 475 sita

952 501 979 554 in
992 500 1054 556 leco
1069 501 1115 573 qui
1133 501 1267 557 Liesborn
1281 503 1379 558 dicitur
1399 512 1512 575 propter
1541 504 1641 560 malam
1657 505 1748 561 ιιιιιιι

952 589 1120 663 quarundam
1145 591 1388 648 sanctimonialium
1414 592 1479 648 olim
1504 593 1607 649 ibidem
1630 594 1748 666 turpiter

952 680 1183 747 conversantium,
1199 681 1314 738 oonsilio
1329 690 1356 736 et
1369 681 1511 738 autoritate
1534 683 1748 753 predecessoris

951 769 1037 824 nostri
1052 785 1131 840 papae
1153 770 1264 825 lionorii
1280 778 1381 827 sanctes
1409 771 1611 828 recordationis
1640 771 1742 829 iactum

952 867 1004 928 est,
1022 866 1077 914 eta
1092 859 1173 914 tratre
1187 867 1279 915 nostro
1306 860 1445 916 Vernhero
1472 859 1557 931 ipsius
1585 876 1747 918 successore

952 946 1097 1014 firmatum,
1112 949 1257 1019 praesentis
1281 949 1377 1021 scripti
1405 953 1505 1022 pagina
1528 949 1745 1006 roboravimus:

952 1045 1102 1094 statuentes
1115 1045 1144 1093 ut
1159 1038 1196 1093 ibi
1213 1054 1264 1110 per
1278 1040 1427 1095 monachos
1442 1039 1563 1095 honmtre
1574 1039 1748 1096 vitas-secun·

952 1127 1017 1183 dum
1033 1128 1102 1183 beati
1117 1127 1256 1183 Benedicti
1271 1127 1404 1200 Regulam
1430 1127 1464 1184 de
1492 1129 1592 1184 celero
1616 1128 1746 1198 serviant,

953 1217 1015 1288 (sie)
1029 1226 1055 1272 et
1071 1225 1126 1271 tarn
1141 1232 1174 1271 ca
1188 1232 1248 1288 quae
1262 1216 1296 1272 de
1312 1216 1400 1273 libero
1413 1232 1461 1272 seu
1472 1217 1602 1274 canoniea
1611 1217 1747 1273 electione

952 1305 1057 1361 abbatis
1072 1305 1193 1374 ejusdem
1220 1305 1283 1371 loci,
1313 1305 1464 1362 secuudum
1493 1305 1545 1362 Dei
1571 1305 1698 1362 timerem
1719 1312 1748 1362 et

951 1394 1134 1450 monasticum
1162 1393 1295 1451 Ordinem
1322 1395 1498 1462 celebranda,
1523 1394 1748 1467 quametiamde

952 1484 1066 1540 decinis
1082 1482 1187 1555 viginti,
1209 1484 1314 1540 scilieet
1340 1485 1492 1540 solidomm
1519 1483 1746 1541 Monasteriansis

952 1580 1068 1629 monetae
1081 1572 1152 1628 iutra
1167 1572 1325 1644 parochiam
1337 1572 1467 1629 Drsteden
1477 1573 1505 1628 in
1524 1571 1591 1628 locis
1605 1570 1705 1627 Dullen
1719 1577 1747 1628 et

151 1678 323 1751 qpqomffl,
340 1683 467 1742 Historia
482 1688 585 1742 mvi,
603 1686 719 1757 diplom.
737 1689 758 1751 Ι,
776 1685 850 1758 5η]
909 1662 1157 1744 Blleldinchusen,
1176 1660 1265 1717 eidem
1279 1662 1445 1718 monasterio
1472 1661 1625 1718 annualiter
1647 1659 1748 1734 persol-

137 1777 739 1854 lruvocnrtrtusepiscopus,seruusservorum
749 1784 897 1850 Dei‚vene-

103 1863 183 1920 rabili
193 1869 377 1925 donassem
387 1872 544 1928 Trevirensi
554 1873 770 1945 archiepiscopo,
782 1872 896 1929 salutem

105 1959 131 2007 at
146 1956 321 2025 apostolicam
338 1960 568 2017 benedictionem.

140 2050 346 2110 Fraternitatem
361 2065 434 2111 tuam
450 2057 578 2128 ignorare
602 2073 657 2113 non
673 2058 810 2114 credimus
824 2056 898 2129 quod

104 2137 242 2196 Gerardus
256 2143 340 2199 abbas
355 2145 384 2201 S.
400 2146 537 2202 Maximini
551 2163 640 2216 nuper
654 2147 726 2218 apud
741 2163 791 2203 nos
806 2146 840 2203 de
856 2146 898 2202 si·

30 2240 33 2245 ·
104 2229 195 2285 monia
224 2239 249 2285 et
270 2233 463 2305 dilapidatione
492 2235 623 2292 bonorum
652 2236 899 2293 ecclesiasticorum

103 2324 144 2371 ost
158 2333 207 2388 per
220 2322 350 2392 quosdam
365 2324 464 2379 tratres
479 2324 520 2379 sui
547 2325 704 2380 monasterii
724 2324 894 2380 diffamatus.

102 2402 288 2474 Quamobrem
303 2412 393 2482 ipsum
403 2414 437 2468 ad
453 2422 574 2468 nostram
585 2414 759 2484 praesentiam
774 2412 900 2468 invitavi·

103 2510 175 2561 usus,
191 2499 378 2569 praecipientes
392 2510 429 2567 ut,
448 2502 571 2571 proxima
587 2503 729 2558 Dominico
743 2511 898 2573 quassata-

102 2589 146 2637 tur
163 2585 351 2644 Misericordia
374 2592 497 2655 Domini,
527 2592 562 2645 ad
591 2606 642 2646 nos
669 2590 783 2655 veniret,
814 2606 898 2661 super

98 2671 203 2728 eisdem
217 2677 341 2746 capitulis
355 2679 521 2748 respondere
532 2679 566 2732 ιιι
581 2679 738 2735 satisfacere
754 2694 898 2750 praepara-

101 2767 153 2814 tus.
170 2763 232 2832 lpse
247 2779 312 2819 vero
331 2766 467 2835 superbiae
493 2767 592 2837 spiritu
622 2767 814 2834 debacchatus,
845 2783 900 2822 non

102 2847 193 2903 solum
209 2851 312 2921 scripta
326 2862 419 2909 nostra
436 2855 609 2925 contempsit,
621 2856 671 2911 sed
686 2856 766 2911 otiam
782 2872 838 2923 eos,
853 2856 899 2929 qui

102 2935 137 2992 de
151 2937 277 2994 iratribus
292 2942 350 2996 suis
363 2958 413 3012 pru
429 2944 528 2999 eadem
545 2944 624 2999 read
641 2953 762 3000 nostram
780 2961 899 3015 praesert-

950 1752 1056 1818 vendis‚
1090 1752 1125 1806 ab
1161 1751 1261 1807 eodem
1293 1749 1376 1807 tratre
1407 1759 1500 1807 nostro
1533 1750 1638 1807 sancita
1672 1757 1747 1821 sunt,

949 1840 1028 1896 firma
1046 1839 1073 1894 in
1092 1845 1253 1911 perpetuum
1271 1847 1298 1896 et
1316 1839 1419 1895 illibata
1446 1846 1636 1912 permaneant.
1672 1837 1748 1896 Nulli

951 1955 1019 2014 ergo
1033 1938 1176 2007 homiuum
1191 1938 1233 1993 las
1247 1937 1283 1992 sit
1295 1937 1438 2010 prelatum
1454 1938 1651 1995 monasterium
1665 1953 1749 2010 super

950 2030 1003 2086 hoc
1021 2037 1124 2084 temere
1156 2027 1324 2098 perturbare,
1359 2036 1406 2084 aut
1437 2027 1557 2100 aliquam
1589 2026 1691 2085 exinde
1720 2025 1747 2085 ei

951 2117 1166 2175 molestationem
1181 2115 1293 2187 inferre,
1322 2116 1371 2173 sed
1400 2116 1492 2173 omnin
1517 2115 1748 2190 quemadmodum

952 2208 1081 2280 superius
1106 2206 1182 2263 dieta
1208 2215 1280 2274 sunt,
1309 2206 1358 2262 tibi
1399 2207 1507 2279 tuisque
1540 2206 1748 2264 successoribus

952 2299 1113 2353 intemerata
1146 2302 1300 2351 seruentur.
1330 2295 1358 2352 Si
1385 2310 1439 2367 qua
1467 2311 1534 2367 ergo
1561 2295 1748 2353 ecetesimtien

953 2386 1280 2457 saecularisvepersona,
1309 2385 1389 2454 hujus
1417 2392 1519 2440 nostre
1545 2383 1748 2442 constitutionis

952 2475 1080 2547 paginam
1095 2477 1195 2539 sciens,
1209 2482 1306 2530 contra
1320 2489 1380 2529 earn
1393 2481 1493 2530 temera
1515 2474 1608 2530 venire
1622 2482 1749 2531 tentara-

952 2566 995 2634 ιιι,
1014 2564 1135 2620 seeundo
1156 2562 1269 2619 tertiove
1298 2563 1471 2628 commonita,
1503 2563 1527 2618 si
1554 2577 1611 2619 non
1641 2570 1749 2619 rentum

953 2675 1031 2716 suum
1053 2676 1175 2733 congrua
1202 2656 1386 2715 satisfactione
1416 2658 1578 2725 correxerit,
1607 2658 1752 2729 potcstatis

954 2749 1118 2822 honorisque
1132 2748 1174 2803 sui
1188 2747 1340 2819 periculum
1370 2748 1497 2818 patiatur,
1517 2755 1545 2803 et
1558 2747 1751 2804 excommuni-

953 2837 1053 2895 cationi
1068 2838 1215 2906 subJaceat.
1241 2838 1444 2893 conservantes
1473 2843 1564 2893 autem
1580 2836 1672 2893 eidam
1688 2836 1752 2894 loco

953 2944 1014 3001 quae
1028 2943 1076 2983 sua
1090 2935 1160 2992 sunt,
1177 2926 1370 2997 omnipotentis
1400 2925 1449 2982 Dei
1477 2933 1504 2981 et
1520 2926 1659 2982 beatorum
1674 2924 1753 2983 Petri

101 3024 164 3080 tiam
180 3038 321 3096 venerant,
337 3029 427 3087 alticio
450 3048 501 3088 suo
530 3032 651 3099 destitui,
680 3042 706 3088 et
731 3016 1261 3107 aliosvariis(1011'³¹¹¹i³ll⁰sl⁰¹⁰rum
1286 3016 1401 3088 italiam
1415 3023 1628 3088 0⁰⁰⁸ell¹¹³¹¹¹l¹¹²
1648 3021 1750 3074 Amen·

99 3113 414 3183 iniuriisetlaesionibus
443 3118 525 3187 allici,
553 3121 724 3193 propriisque
749 3121 897 3187 beneficiis,

102 3212 181 3274 prout
195 3207 360 3278 accepimus,
376 3225 427 3280 pro
459 3225 509 3265 sua
536 3210 600 3267 feeit
625 3210 763 3268 voluntate
783 3212 895 3282 privari.

104 3289 183 3361 Quod
198 3294 326 3351 siveram
355 3306 407 3364 est,
437 3298 527 3368 ipsum
554 3300 590 3354 ab
616 3300 737 3355 abbatiae
765 3300 900 3373 regimine

105 3381 309 3455 submovemus,
339 3392 365 3441 et
393 3394 446 3441 tam
475 3388 590 3444 latorem
617 3389 793 3459 praesentium
820 3405 900 3461 quam

104 3469 184 3535 alios,
199 3489 267 3543 quos
281 3473 439 3531 destituisse
467 3475 576 3542 dicitur,
606 3476 696 3533 cilicio
713 3486 741 3533 et
755 3476 900 3545 benetieio,

101 3556 130 3614 in
156 3558 294 3632 integrum
322 3563 497 3619 reconciliari
528 3564 687 3639 restituique
716 3566 899 3638 praecipimus.

100 3644 188 3716 Quam
202 3650 365 3705 sententiam
381 3650 498 3708 tirmiter
526 3653 726 3710 observandam
746 3663 772 3711 et
786 3654 897 3713 effectui

103 3737 311 3809 mancipandam
325 3738 487 3796 fraternitati
503 3750 555 3799 tuae
569 3742 748 3814 injungimus,
758 3760 902 3817 quousque

102 3823 162 3897 ipse
176 3825 210 3881 ad
226 3835 346 3883 nostram
371 3831 546 3900 presentiam
561 3832 661 3898 veniat,
690 3841 772 3907 atqua
787 3833 821 3889 de
836 3848 902 3891 cun·

104 3919 208 3986 tempta
222 3922 247 3971 et
262 3915 379 3985 objectis
393 3918 517 3988 capitulis
533 3919 694 3976 satisfaciat.

138 4012 208 4068 Data
223 4012 301 4084 Pisis,
317 4029 366 4070 mu
381 4014 519 4072 Kalendas
535 4018 689 4074 Februarii.

441 4127 483 4183 CC
498 4128 550 4185 bis.

174 4223 357 4295 l'rt'uilcpiam
370 4239 420 4297 pro
436 4226 632 4281 liesbornensi
642 4227 828 4283 monasterio.

332 4320 427 4392 (Anno
444 4323 513 4376 ¹132
529 4320 565 4375 ad
581 4322 672 4393 illd.)

987 3118 1048 3189 Ego
1063 3114 1235 3170 Innocentius
1250 3112 1396 3170 Catholicae
1413 3114 1544 3171 Ecclesia
1557 3113 1714 3186 episcopus.

988 3216 1050 3287 ligo
1077 3213 1229 3284 Gregorius
1254 3211 1386 3269 diaconus
1414 3211 1561 3268 cardinalis
1588 3213 1753 3270 Sanctorum

954 3303 1043 3376 Sergii
1059 3301 1206 3360 etBacchi.

988 3402 1089 3457 Datum
1104 3399 1190 3466 Pisis,
1206 3406 1303 3456 octavo
1319 3399 1455 3456 Kalendas
1470 3399 1606 3458 Octobris.

992 3499 1125 3571 Sipitlurn
1139 3514 1297 3570 appensum
1312 3499 1344 3554 in
1357 3499 1520 3570 plumbaea
1533 3498 1591 3568 fitis
1605 3496 1716 3554 scricis

1323 3595 1393 3650 cdl.

955 3693 1001 3749 Ad
1017 3692 1171 3750 Gerordam
1195 3692 1222 3748 S.
1248 3693 1398 3749 ducimini
1419 3692 1561 3750 abbatem.
1582 3721 1615 3735 -·
1632 3691 1704 3748 ham
1717 3689 1754 3749 de

1096 3777 1223 3835 simonia
1238 3781 1267 3832 et
1280 3777 1487 3851 dilapidatione
1500 3779 1606 3850 arguit.

1133 3877 1223 3945 (dono
1243 3875 1404 3942 ttuattso,
1433 3875 1494 3933 Oct.
1510 3876 1574 3945 30.)

1151 3973 1324 4046 [Horrenda.
1341 3973 1421 4041 itta,
1438 3990 1465 4046 p.
1480 3972 1556 4046 523]

992 4072 1182 4128 luuocarvrrus
1195 4070 1352 4142 episeopus,
1368 4085 1464 4127 servus
1476 4086 1617 4128 servorum
1628 4069 1688 4138 Dei,
1698 4070 1755 4126 Ga·

957 4175 1049 4215 muno
1064 4159 1156 4215 abbati
1170 4158 1198 4215 S.
1213 4158 1351 4214 llaximini
1378 4159 1496 4216 salutem
1523 4166 1550 4216 et
1574 4157 1755 4232 apostolicam

957 4249 1184 4306 benedictionem.

993 4347 1067 4404 Sicut
1083 4364 1134 4405 nos
1149 4363 1182 4403 ea
1196 4347 1306 4419 quaeda
1337 4345 1400 4403 tiliis
1427 4345 1580 4404 audivimus
1608 4347 1679 4404 bena
1692 4355 1756 4404 acta

103 4414 249 4488 [Nfflfflv
266 4417 458 4474 munitm
476 4419 666 4485 Ullvndssnbu
697 4428 762 4490 0¹⁶„
781 4428 837 4476 2⁰¹⁰
853 4422 899 4489 lvi
915 4412 1102 4501 Dtaetifieant
1119 4437 1156 4491 ita
1168 4436 1343 4492 nihilominus
1362 4435 1473 4491 sinistra
1488 4434 1682 4493 constrictant.
1699 4437 1757 4493 litt·

139 4519 168 4574 Ρ·
184 4506 247 4603 ¹⁰⁶!
261 4521 294 4560 θ’(
314 4506 482 4562 Ghfll'lulffl'iO
510 4506 703 4564 Li⁸⁸b0l¹¹⁸¹¹⁸i
732 4511 833 4566 ⁸ffl⁰⁰¹⁰
864 4525 902 4567 XV
956 4525 1176 4598 turessiquidem
1191 4525 1375 4595 praesentium,
1406 4523 1540 4581 llenricus
1565 4525 1755 4596 presbvteret

140 4593 326 4667 ⁰⁰⁰⁵⁰l¹lll⁰d
957 4613 1107 4687 Egelollus,
1122 4613 1156 4669 ad
1171 4622 1291 4669 nostram
1303 4613 1474 4686 presentiam
1490 4613 1640 4682 venientes,
1654 4629 1756 4686 perau-

138 4692 327 4748 ¹NN0⁰¹NT¹⁰S
356 4689 511 4763 ⁰l³i800l³¹¹³i
542 4708 641 4748 sellus
669 4709 813 4751 ιθιιῠιῑιῦι
842 4695 902 4764 Dei,
957 4718 1021 4760 narn
1037 4711 1114 4758 tuam
1128 4701 1163 4757 de
1178 4701 1334 4759 simoniace
1364 4701 1464 4759 heresi
1491 4710 1663 4772 sccusmunt,
1688 4702 1760 4774 adji-

102 4779 430 4838 dilectofiliollatbttttu
446 4781 636 4837 Lesborncnsi
664 4783 767 4852 abbati,
791 4784 904 4855 ejusque
957 4792 1060 4849 cientes
1083 4793 1168 4847 etiam
1195 4792 1270 4863 quod
1298 4798 1495 4849 monasterium
1524 4791 1553 4848 li.
1577 4791 1701 4860 Maximi,
1727 4792 1756 4849 in

103 4870 723 4945 successoribusregulariterplomotendi8‚irt
732 4883 903 4944 perpetuum.
957 4881 1156 4951 temporalibus
1183 4881 1341 4952 opulentum
1369 4879 1505 4937 thesauris
1533 4888 1562 4936 et
1585 4882 1756 4939 ornamentis

141 4967 277 5024 Locorum
288 4969 481 5025 venerabilium
492 4984 559 5025 cura
569 4985 618 5025 uos
628 4969 802 5027 admonetde
812 4987 906 5027 eorum
959 4971 1028 5038 suis,
1040 4969 1190 5043 postposito
1200 4969 1250 5026 liei
1263 4970 1358 5026 timore
1369 4980 1395 5026 et
1404 4969 1569 5034 reverentia,
1580 4968 1757 5041 spoliaveris,

107 5054 197 5126 quiete
211 5064 293 5128 atque
308 5058 396 5112 salute
410 5058 525 5114 sollicite
552 5059 685 5131 cogitare.
706 5059 844 5129 Quatenus
859 5061 907 5133 qui
960 5068 987 5118 et
1000 5058 1035 5116 ad
1049 5059 1161 5115 nihilum
1172 5074 1241 5129 pene
1252 5058 1401 5131 redegeris.
1413 5057 1481 5126 Quas
1491 5057 1596 5124 emnia,
1626 5060 1757 5132 quoniam

112 5141 302 5199 ecclesiasticis
344 5145 510 5201 famulantur
546 5148 687 5220 obsequiis
715 5149 911 5206 ecclesiasticae
963 5149 1117 5204 indiscussa
1131 5163 1179 5202 seu
1194 5147 1276 5202 etiam
1291 5146 1421 5216 impunita
1435 5147 1573 5217 praeterire
1594 5162 1648 5203 non
1659 5163 1762 5219 possu-

110 5246 219 5304 quoque
247 5231 368 5288 tuitionis
397 5242 490 5304 optato
519 5238 669 5306 patrocmio
698 5237 851 5295 foveantur.
876 5268 911 5279 -
965 5253 1035 5304 mus,
1051 5252 1102 5293 nec
1122 5237 1267 5302 debemus,
1295 5236 1470 5307 praesentium
1498 5236 1659 5294 auctoritate
1688 5252 1764 5294 man·

113 5319 912 5392 Ceterum,sieuteaquaeanobisstatuunturtirmavolu·
964 5326 1060 5382 damus
1081 5324 1129 5380 tibi
1157 5333 1239 5398 atque
1268 5325 1443 5397 precipimus
1470 5332 1606 5398 quatenus
1633 5326 1764 5399 proxima

114 5424 185 5473 mus,
215 5424 305 5482 quaea
336 5407 467 5464 iratribus
496 5412 689 5472 rationabiliter
712 5415 809 5472 luerint
842 5424 912 5487 aeta,
966 5413 1106 5472 [lominica
1122 5454 1130 5482 ,
1146 5429 1198 5485 qua
1212 5423 1334 5470 cantatur
1349 5415 1540 5471 ιιιιιιιιοιιιιιι
1554 5416 1766 5482 ιιοιιιιιιι,ιιιιιιι

114 5499 274 5555 auctoritate
283 5497 431 5570 apostoliea
440 5514 489 5554 nos
497 5503 625 5557 convenit
634 5504 772 5562 roborare.
783 5506 914 5579 ldaoqua,
967 5503 1113 5562 occasione
1126 5519 1177 5559 seu
1204 5504 1432 5576 tergiversatione
1459 5503 1595 5572 submota,
1624 5513 1721 5562 nostro
1734 5513 1763 5564 ta

26 5634 29 5639 .
116 5584 217 5645 dilecte
231 5588 259 5643 iu
276 5585 580 5646 bonrinolrlilialduine
595 5590 689 5659 abbas,
703 5593 916 5652 tuisdesideriis
969 5592 1129 5671 conspectui
1145 5601 1336 5667 representes,
1366 5591 1519 5665 superbis
1549 5592 1687 5663 omnbus,
1714 5601 1763 5651 aut
