<?xml version="1.0" encoding="UTF-8"?>
<!DOCTYPE html PUBLIC "-//W3C//DTD XHTML 1.0 Transitional//EN"
    "http://www.w3.org/TR/xhtml1/DTD/xhtml1-transitional.dtd">
<html xmlns="http://www.w3.org/1999/xhtml" xml:lang="en" lang="en">
 <head>
  <title>
</title>
<meta http-equiv="Content-Type" content="text/html;charset=utf-8" />
  <meta name='ocr-system' content='tesseract 3.04.00' />
  <meta name='ocr-capabilities' content='ocr_page ocr_carea ocr_par ocr_line ocrx_word'/>
</head>
<body>
  <div class='ocr_page' id='page_1' title='image "./patrologiaecurs25unkngoog_0887.png"; bbox 0 0 3772 6006; ppageno 0'>
   <div class='ocr_carea' id='block_1_1' title="bbox 17 186 1880 297">
    <p class='ocr_par' dir='ltr' id='par_1_1' title="bbox 17 186 1880 297">
     <span class='ocr_line' id='line_1_1' title="bbox 17 186 1880 297; baseline -0.008 1"><span class='ocrx_word' id='word_1_1' title='bbox 17 194 31 289; x_wconf 42' lang='lat'><strong>¹.</strong></span> <span class='ocrx_word' id='word_1_2' title='bbox 136 234 212 297; x_wconf 84' lang='lat' dir='ltr'><strong>roto</strong></span> <span class='ocrx_word' id='word_1_3' title='bbox 760 268 763 277; x_wconf 83' lang='lat'><em>.</em></span> <span class='ocrx_word' id='word_1_4' title='bbox 815 225 987 289; x_wconf 72' lang='lat' dir='ltr'><strong>tractante</strong></span> <span class='ocrx_word' id='word_1_5' title='bbox 1010 223 1160 284; x_wconf 78' lang='lat' dir='ltr'><strong>antistat</strong></span> <span class='ocrx_word' id='word_1_6' title='bbox 1779 230 1840 287; x_wconf 63' lang='lat' dir='ltr'><strong>troo</strong></span> <span class='ocrx_word' id='word_1_7' title='bbox 1877 186 1880 213; x_wconf 74' lang='lat'>⁵</span> 
     </span>
    </p>
   </div>
   <div class='ocr_carea' id='block_1_2' title="bbox 134 357 1846 2670">
    <p class='ocr_par' dir='ltr' id='par_1_2' title="bbox 134 357 1841 1320">
     <span class='ocr_line' id='line_1_2' title="bbox 134 357 1841 435; baseline -0.005 -9"><span class='ocrx_word' id='word_1_8' title='bbox 134 371 285 426; x_wconf 85' lang='lat' dir='ltr'><strong>immense</strong></span> <span class='ocrx_word' id='word_1_9' title='bbox 298 366 433 435; x_wconf 81' lang='lat' dir='ltr'><strong>miserie,</strong></span> <span class='ocrx_word' id='word_1_10' title='bbox 444 365 494 421; x_wconf 91' lang='lat' dir='ltr'><strong>sed</strong></span> <span class='ocrx_word' id='word_1_11' title='bbox 505 363 603 420; x_wconf 86' lang='lat' dir='ltr'><strong>stetim</strong></span> <span class='ocrx_word' id='word_1_12' title='bbox 615 363 691 420; x_wconf 80' lang='lat' dir='ltr'>cedit</span> <span class='ocrx_word' id='word_1_13' title='bbox 703 365 732 417; x_wconf 92' lang='lat' dir='ltr'><strong>et</strong></span> <span class='ocrx_word' id='word_1_14' title='bbox 748 361 879 429; x_wconf 87' lang='lat' dir='ltr'><strong>vincitur,</strong></span> <span class='ocrx_word' id='word_1_15' title='bbox 890 357 958 432; x_wconf 89' lang='lat' dir='ltr'><strong>quic</strong></span> <span class='ocrx_word' id='word_1_16' title='bbox 974 366 1000 427; x_wconf 76' lang='grc' dir='ltr'><strong>Α</strong></span> <span class='ocrx_word' id='word_1_17' title='bbox 1015 358 1148 424; x_wconf 87' lang='lat' dir='ltr'><strong>sanabat,</strong></span> <span class='ocrx_word' id='word_1_18' title='bbox 1164 364 1190 414; x_wconf 91' lang='lat' dir='ltr'><strong>et</strong></span> <span class='ocrx_word' id='word_1_19' title='bbox 1206 358 1241 415; x_wconf 89' lang='lat' dir='ltr'><strong>ad</strong></span> <span class='ocrx_word' id='word_1_20' title='bbox 1254 357 1369 429; x_wconf 87' lang='lat' dir='ltr'><strong>propria</strong></span> <span class='ocrx_word' id='word_1_21' title='bbox 1381 358 1477 429; x_wconf 90' lang='lat' dir='ltr'><strong>lugatc</strong></span> <span class='ocrx_word' id='word_1_22' title='bbox 1486 357 1590 413; x_wconf 90' lang='lat' dir='ltr'><strong>dolore</strong></span> <span class='ocrx_word' id='word_1_23' title='bbox 1599 358 1841 433; x_wconf 82' lang='lat' dir='ltr'><strong>redibantb&#39;eqce</strong></span> 
     </span>
     <span class='ocr_line' id='line_1_3' title="bbox 135 445 1841 530; baseline -0.005 -16"><span class='ocrx_word' id='word_1_24' title='bbox 135 461 200 530; x_wconf 88' lang='lat' dir='ltr'><strong>pius</strong></span> <span class='ocrx_word' id='word_1_25' title='bbox 212 466 267 514; x_wconf 90' lang='lat' dir='ltr'><strong>est.</strong></span> <span class='ocrx_word' id='word_1_26' title='bbox 286 462 350 512; x_wconf 77' lang='lat' dir='ltr'><strong>Her</strong></span> <span class='ocrx_word' id='word_1_27' title='bbox 365 462 432 511; x_wconf 86' lang='lat' dir='ltr'><strong>sunt</strong></span> <span class='ocrx_word' id='word_1_28' title='bbox 446 453 522 509; x_wconf 92' lang='lat' dir='ltr'><strong>enim</strong></span> <span class='ocrx_word' id='word_1_29' title='bbox 539 468 621 508; x_wconf 89' lang='lat' dir='ltr'><strong>arma</strong></span> <span class='ocrx_word' id='word_1_30' title='bbox 636 450 766 507; x_wconf 87' lang='lat' dir='ltr'><strong>coelcstia</strong></span> <span class='ocrx_word' id='word_1_31' title='bbox 780 466 846 523; x_wconf 81' lang='lat' dir='ltr'><strong>quae</strong></span> <span class='ocrx_word' id='word_1_32' title='bbox 862 453 957 520; x_wconf 92' lang='lat' dir='ltr'><strong>prote·</strong></span> <span class='ocrx_word' id='word_1_33' title='bbox 1009 446 1070 517; x_wconf 86' lang='lat' dir='ltr'><strong>jam</strong></span> <span class='ocrx_word' id='word_1_34' title='bbox 1087 445 1354 504; x_wconf 86' lang='lat' dir='ltr'><strong>eratdiiltcultasin</strong></span> <span class='ocrx_word' id='word_1_35' title='bbox 1371 446 1534 517; x_wconf 80' lang='lat' dir='ltr'><strong>prestanda</strong></span> <span class='ocrx_word' id='word_1_36' title='bbox 1546 445 1841 506; x_wconf 74' lang='lat' dir='ltr'><strong>saevientertoeree</strong></span> 
     </span>
     <span class='ocr_line' id='line_1_4' title="bbox 134 535 1841 619; baseline -0.005 -16"><span class='ocrx_word' id='word_1_37' title='bbox 134 552 218 619; x_wconf 88' lang='lat' dir='ltr'><strong>gont,</strong></span> <span class='ocrx_word' id='word_1_38' title='bbox 235 547 296 602; x_wconf 77' lang='lat' dir='ltr'><strong>bose</strong></span> <span class='ocrx_word' id='word_1_39' title='bbox 311 561 392 600; x_wconf 88' lang='lat' dir='ltr'><strong>arma</strong></span> <span class='ocrx_word' id='word_1_40' title='bbox 407 542 536 598; x_wconf 85' lang='lat' dir='ltr'><strong>ooelestia</strong></span> <span class='ocrx_word' id='word_1_41' title='bbox 552 541 733 612; x_wconf 79' lang='lat' dir='ltr'><strong>qumdccect</strong></span> <span class='ocrx_word' id='word_1_42' title='bbox 748 539 860 596; x_wconf 88' lang='lat' dir='ltr'><strong>lortiter</strong></span> <span class='ocrx_word' id='word_1_43' title='bbox 870 545 957 605; x_wconf 87' lang='lat' dir='ltr'><strong>stare,</strong></span> <span class='ocrx_word' id='word_1_44' title='bbox 1013 536 1060 592; x_wconf 91' lang='lat' dir='ltr'><strong>dio</strong></span> <span class='ocrx_word' id='word_1_45' title='bbox 1075 536 1220 592; x_wconf 88' lang='lat' dir='ltr'><strong>iterumet</strong></span> <span class='ocrx_word' id='word_1_46' title='bbox 1233 535 1337 591; x_wconf 91' lang='lat' dir='ltr'><strong>iterum</strong></span> <span class='ocrx_word' id='word_1_47' title='bbox 1357 542 1531 606; x_wconf 89' lang='lat' dir='ltr'><strong>concrepant</strong></span> <span class='ocrx_word' id='word_1_48' title='bbox 1546 543 1699 609; x_wconf 84' lang='lat' dir='ltr'><strong>tympana</strong></span> <span class='ocrx_word' id='word_1_49' title='bbox 1711 542 1742 593; x_wconf 90' lang='lat' dir='ltr'><strong>et</strong></span> <span class='ocrx_word' id='word_1_50' title='bbox 1757 536 1841 595; x_wconf 84' lang='lat' dir='ltr'><strong>laudes</strong></span> 
     </span>
     <span class='ocr_line' id='line_1_5' title="bbox 136 622 1841 703; baseline -0.005 -11"><span class='ocrx_word' id='word_1_51' title='bbox 136 643 164 692; x_wconf 87' lang='lat' dir='ltr'><strong>et</strong></span> <span class='ocrx_word' id='word_1_52' title='bbox 187 636 309 691; x_wconf 82' lang='lat' dir='ltr'><strong>fidenter</strong></span> <span class='ocrx_word' id='word_1_53' title='bbox 332 630 468 703; x_wconf 81' lang='lat' dir='ltr'><strong>congredi</strong></span> <span class='ocrx_word' id='word_1_54' title='bbox 494 636 521 686; x_wconf 92' lang='lat' dir='ltr'><strong>et</strong></span> <span class='ocrx_word' id='word_1_55' title='bbox 549 630 660 685; x_wconf 86' lang='lat' dir='ltr'><strong>cedere.</strong></span> <span class='ocrx_word' id='word_1_56' title='bbox 677 630 779 684; x_wconf 75' lang='lat' dir='ltr'><strong>Erecta</strong></span> <span class='ocrx_word' id='word_1_57' title='bbox 806 633 850 684; x_wconf 90' lang='lat' dir='ltr'><strong>est</strong></span> <span class='ocrx_word' id='word_1_58' title='bbox 869 625 959 699; x_wconf 89' lang='lat' dir='ltr'><strong>igitur</strong></span> <span class='ocrx_word' id='word_1_59' title='bbox 1012 624 1071 681; x_wconf 84' lang='lat' dir='ltr'><strong>Deo</strong></span> <span class='ocrx_word' id='word_1_60' title='bbox 1086 624 1280 696; x_wconf 77' lang='lat' dir='ltr'><strong>omnipotenti</strong></span> <span class='ocrx_word' id='word_1_61' title='bbox 1294 622 1444 680; x_wconf 86' lang='lat' dir='ltr'><strong>modulata</strong></span> <span class='ocrx_word' id='word_1_62' title='bbox 1465 625 1616 680; x_wconf 85' lang='lat' dir='ltr'><strong>suavitate</strong></span> <span class='ocrx_word' id='word_1_63' title='bbox 1641 642 1661 681; x_wconf 84' lang='lat' dir='ltr'><strong>s</strong></span> <span class='ocrx_word' id='word_1_64' title='bbox 1679 627 1841 695; x_wconf 78' lang='lat' dir='ltr'><strong>degentibus</strong></span> 
     </span>
     <span class='ocr_line' id='line_1_6' title="bbox 137 714 1841 793; baseline -0.005 -12"><span class='ocrx_word' id='word_1_65' title='bbox 137 722 290 781; x_wconf 85' lang='lat' dir='ltr'><strong>arestalio</strong></span> <span class='ocrx_word' id='word_1_66' title='bbox 315 736 418 793; x_wconf 78' lang='lat' dir='ltr'><strong>pugne</strong></span> <span class='ocrx_word' id='word_1_67' title='bbox 438 717 561 774; x_wconf 88' lang='lat' dir='ltr'><strong>ecclesia</strong></span> <span class='ocrx_word' id='word_1_68' title='bbox 590 719 679 773; x_wconf 83' lang='lat' dir='ltr'><strong>beate</strong></span> <span class='ocrx_word' id='word_1_69' title='bbox 703 715 833 788; x_wconf 88' lang='lat' dir='ltr'><strong>Virginis</strong></span> <span class='ocrx_word' id='word_1_70' title='bbox 848 721 877 772; x_wconf 91' lang='lat' dir='ltr'><strong>et</strong></span> <span class='ocrx_word' id='word_1_71' title='bbox 893 731 960 770; x_wconf 89' lang='lat' dir='ltr'><strong>ma·</strong></span> <span class='ocrx_word' id='word_1_72' title='bbox 1013 714 1182 771; x_wconf 87' lang='lat' dir='ltr'><strong>inecclesic</strong></span> <span class='ocrx_word' id='word_1_73' title='bbox 1200 714 1841 788; x_wconf 82' lang='lat' dir='ltr'><strong>creberrimepersonabant;etquiaddc·</strong></span> 
     </span>
     <span class='ocr_line' id='line_1_7' title="bbox 135 804 1840 879; baseline -0.004 -11"><span class='ocrx_word' id='word_1_74' title='bbox 135 816 189 868; x_wconf 90' lang='lat' dir='ltr'><strong>tris</strong></span> <span class='ocrx_word' id='word_1_75' title='bbox 205 809 331 877; x_wconf 84' lang='lat' dir='ltr'><strong>Domini,</strong></span> <span class='ocrx_word' id='word_1_76' title='bbox 346 816 377 864; x_wconf 92' lang='lat' dir='ltr'><strong>ut</strong></span> <span class='ocrx_word' id='word_1_77' title='bbox 392 813 421 863; x_wconf 90' lang='lat' dir='ltr'><strong>et</strong></span> <span class='ocrx_word' id='word_1_78' title='bbox 436 807 531 879; x_wconf 87' lang='lat' dir='ltr'><strong>ipsam</strong></span> <span class='ocrx_word' id='word_1_79' title='bbox 547 806 575 861; x_wconf 93' lang='lat' dir='ltr'><strong>in</strong></span> <span class='ocrx_word' id='word_1_80' title='bbox 593 804 735 860; x_wconf 87' lang='lat' dir='ltr'><strong>auxilium</strong></span> <span class='ocrx_word' id='word_1_81' title='bbox 751 805 805 861; x_wconf 89' lang='lat' dir='ltr'><strong>sibi</strong></span> <span class='ocrx_word' id='word_1_82' title='bbox 828 805 857 859; x_wconf 90' lang='lat' dir='ltr'><strong>in</strong></span> <span class='ocrx_word' id='word_1_83' title='bbox 877 807 960 860; x_wconf 82' lang='lat' dir='ltr'><strong>tacta</strong></span> <span class='ocrx_word' id='word_1_84' title='bbox 1013 816 1078 859; x_wconf 90' lang='lat' dir='ltr'><strong>mcs</strong></span> <span class='ocrx_word' id='word_1_85' title='bbox 1094 816 1162 859; x_wconf 86' lang='lat' dir='ltr'><strong>suas</strong></span> <span class='ocrx_word' id='word_1_86' title='bbox 1178 818 1350 875; x_wconf 73' lang='lat' dir='ltr'><strong>cenamque</strong></span> <span class='ocrx_word' id='word_1_87' title='bbox 1367 804 1426 873; x_wconf 78' lang='lat' dir='ltr'><strong>lam</strong></span> <span class='ocrx_word' id='word_1_88' title='bbox 1453 809 1669 859; x_wconf 87' lang='lat' dir='ltr'><strong>concesserant</strong></span> <span class='ocrx_word' id='word_1_89' title='bbox 1691 821 1747 860; x_wconf 89' lang='lat' dir='ltr'><strong>nec</strong></span> <span class='ocrx_word' id='word_1_90' title='bbox 1761 807 1840 878; x_wconf 72' lang='lat' dir='ltr'><strong>lacq-</strong></span> 
     </span>
     <span class='ocr_line' id='line_1_8' title="bbox 137 892 1840 966; baseline -0.001 -10"><span class='ocrx_word' id='word_1_91' title='bbox 137 899 310 956; x_wconf 87' lang='lat' dir='ltr'><strong>nccessitalc</strong></span> <span class='ocrx_word' id='word_1_92' title='bbox 335 898 541 953; x_wconf 79' lang='lat' dir='ltr'>conducerent.</span> <span class='ocrx_word' id='word_1_93' title='bbox 558 895 628 950; x_wconf 78' lang='lat' dir='ltr'><strong>[lato</strong></span> <span class='ocrx_word' id='word_1_94' title='bbox 652 893 740 962; x_wconf 84' lang='lat' dir='ltr'><strong>igitur</strong></span> <span class='ocrx_word' id='word_1_95' title='bbox 765 892 847 960; x_wconf 82' lang='lat' dir='ltr'><strong>signo</strong></span> <span class='ocrx_word' id='word_1_96' title='bbox 872 910 889 948; x_wconf 87' lang='lat' dir='ltr'><strong>a</strong></span> <span class='ocrx_word' id='word_1_97' title='bbox 911 909 958 948; x_wconf 88' lang='lat' dir='ltr'><strong>sa·</strong></span> <span class='ocrx_word' id='word_1_98' title='bbox 1014 910 1079 949; x_wconf 88' lang='lat' dir='ltr'><strong>mas</strong></span> <span class='ocrx_word' id='word_1_99' title='bbox 1094 910 1146 949; x_wconf 88' lang='lat' dir='ltr'><strong>nec</strong></span> <span class='ocrx_word' id='word_1_100' title='bbox 1163 895 1305 966; x_wconf 78' lang='lat' dir='ltr'><strong>praeconia</strong></span> <span class='ocrx_word' id='word_1_101' title='bbox 1321 893 1605 950; x_wconf 86' lang='lat' dir='ltr'><strong>laudumccnticere</strong></span> <span class='ocrx_word' id='word_1_102' title='bbox 1621 896 1840 966; x_wconf 78' lang='lat' dir='ltr'><strong>poterantilnid</strong></span> 
     </span>
     <span class='ocr_line' id='line_1_9' title="bbox 136 981 1840 1056; baseline -0.002 -11"><span class='ocrx_word' id='word_1_103' title='bbox 136 991 252 1045; x_wconf 80' lang='lat' dir='ltr'><strong>certtcte</strong></span> <span class='ocrx_word' id='word_1_104' title='bbox 276 990 307 1042; x_wconf 94' lang='lat' dir='ltr'><strong>ut</strong></span> <span class='ocrx_word' id='word_1_105' title='bbox 328 985 464 1056; x_wconf 87' lang='lat' dir='ltr'><strong>precibus</strong></span> <span class='ocrx_word' id='word_1_106' title='bbox 478 984 546 1056; x_wconf 73' lang='lat' dir='ltr'><strong>(jain</strong></span> <span class='ocrx_word' id='word_1_107' title='bbox 572 982 644 1038; x_wconf 88' lang='lat' dir='ltr'><strong>bora</strong></span> <span class='ocrx_word' id='word_1_108' title='bbox 667 986 719 1051; x_wconf 88' lang='lat' dir='ltr'><strong>est,</strong></span> <span class='ocrx_word' id='word_1_109' title='bbox 735 981 843 1055; x_wconf 85' lang='lat' dir='ltr'><strong>lnquit)</strong></span> <span class='ocrx_word' id='word_1_110' title='bbox 862 981 960 1055; x_wconf 86' lang='lat' dir='ltr'><strong>gladic</strong></span> <span class='ocrx_word' id='word_1_111' title='bbox 1014 981 1222 1039; x_wconf 79' lang='lat' dir='ltr'><strong>multallutre</strong></span> <span class='ocrx_word' id='word_1_112' title='bbox 1236 981 1404 1055; x_wconf 88' lang='lat' dir='ltr'><strong>quindecim</strong></span> <span class='ocrx_word' id='word_1_113' title='bbox 1426 982 1489 1038; x_wconf 89' lang='lat' dir='ltr'><strong>dies</strong></span> <span class='ocrx_word' id='word_1_114' title='bbox 1512 983 1699 1039; x_wconf 87' lang='lat' dir='ltr'><strong>nominatim</strong></span> <span class='ocrx_word' id='word_1_115' title='bbox 1722 987 1840 1042; x_wconf 82' lang='lat' dir='ltr'><strong>advocati</strong></span> 
     </span>
     <span class='ocr_line' id='line_1_10' title="bbox 137 1071 1840 1143; baseline -0.001 -10"><span class='ocrx_word' id='word_1_116' title='bbox 137 1077 262 1133; x_wconf 76' lang='lat' dir='ltr'><strong>vastanti</strong></span> <span class='ocrx_word' id='word_1_117' title='bbox 286 1079 470 1132; x_wconf 88' lang='lat' dir='ltr'><strong>occurrerent</strong></span> <span class='ocrx_word' id='word_1_118' title='bbox 493 1078 521 1129; x_wconf 94' lang='lat' dir='ltr'><strong>et</strong></span> <span class='ocrx_word' id='word_1_119' title='bbox 540 1078 743 1129; x_wconf 81' lang='lat' dir='ltr'><strong>concurrerent</strong></span> <span class='ocrx_word' id='word_1_120' title='bbox 767 1086 774 1127; x_wconf 75' lang='grc' dir='ltr'><em>τ</em></span> <span class='ocrx_word' id='word_1_121' title='bbox 799 1079 868 1128; x_wconf 91' lang='lat' dir='ltr'><strong>tunc</strong></span> <span class='ocrx_word' id='word_1_122' title='bbox 892 1088 959 1128; x_wconf 82' lang='lat' dir='ltr'><strong>cero</strong></span> <span class='ocrx_word' id='word_1_123' title='bbox 1014 1077 1085 1127; x_wconf 90' lang='lat' dir='ltr'><strong>sunt</strong></span> <span class='ocrx_word' id='word_1_124' title='bbox 1104 1076 1220 1127; x_wconf 92' lang='lat' dir='ltr'><strong>centum</strong></span> <span class='ocrx_word' id='word_1_125' title='bbox 1245 1076 1274 1128; x_wconf 90' lang='lat' dir='ltr'><strong>et</strong></span> <span class='ocrx_word' id='word_1_126' title='bbox 1288 1077 1348 1128; x_wconf 89' lang='lat' dir='ltr'><strong>tres</strong></span> <span class='ocrx_word' id='word_1_127' title='bbox 1367 1071 1403 1126; x_wconf 92' lang='lat' dir='ltr'><strong>ab</strong></span> <span class='ocrx_word' id='word_1_128' title='bbox 1420 1071 1472 1126; x_wconf 91' lang='lat' dir='ltr'><strong>hcc</strong></span> <span class='ocrx_word' id='word_1_129' title='bbox 1494 1071 1564 1142; x_wconf 85' lang='lat' dir='ltr'><strong>igne</strong></span> <span class='ocrx_word' id='word_1_130' title='bbox 1581 1073 1736 1143; x_wconf 81' lang='lat' dir='ltr'><strong>restincti,</strong></span> <span class='ocrx_word' id='word_1_131' title='bbox 1752 1078 1779 1130; x_wconf 89' lang='lat' dir='ltr'><strong>et</strong></span> <span class='ocrx_word' id='word_1_132' title='bbox 1792 1082 1840 1131; x_wconf 85' lang='lat' dir='ltr'><strong>tres</strong></span> 
     </span>
     <span class='ocr_line' id='line_1_11' title="bbox 138 1159 1839 1234; baseline -0.003 -12"><span class='ocrx_word' id='word_1_133' title='bbox 138 1166 289 1222; x_wconf 85' lang='lat' dir='ltr'><strong>dimittunt</strong></span> <span class='ocrx_word' id='word_1_134' title='bbox 306 1165 434 1220; x_wconf 85' lang='lat' dir='ltr'><strong>habenas</strong></span> <span class='ocrx_word' id='word_1_135' title='bbox 446 1162 620 1234; x_wconf 80' lang='lat' dir='ltr'><strong>lacrymiset</strong></span> <span class='ocrx_word' id='word_1_136' title='bbox 631 1161 729 1234; x_wconf 77' lang='lat' dir='ltr'><strong>clypeo</strong></span> <span class='ocrx_word' id='word_1_137' title='bbox 741 1166 872 1233; x_wconf 90' lang='lat' dir='ltr'><strong>protento</strong></span> <span class='ocrx_word' id='word_1_138' title='bbox 882 1161 959 1229; x_wconf 89' lang='lat' dir='ltr'><strong>tidei,</strong></span> <span class='ocrx_word' id='word_1_139' title='bbox 1015 1159 1117 1233; x_wconf 77' lang='lat' dir='ltr'><strong>puelle</strong></span> <span class='ocrx_word' id='word_1_140' title='bbox 1131 1161 1262 1217; x_wconf 73' lang='lat' dir='ltr'><strong>distortio</strong></span> <span class='ocrx_word' id='word_1_141' title='bbox 1278 1160 1418 1216; x_wconf 87' lang='lat' dir='ltr'><strong>membris</strong></span> <span class='ocrx_word' id='word_1_142' title='bbox 1433 1176 1496 1231; x_wconf 84' lang='lat' dir='ltr'><strong>que</strong></span> <span class='ocrx_word' id='word_1_143' title='bbox 1518 1160 1710 1217; x_wconf 85' lang='lat' dir='ltr'><strong>advenerant</strong></span> <span class='ocrx_word' id='word_1_144' title='bbox 1725 1163 1760 1217; x_wconf 90' lang='lat' dir='ltr'><strong>ad</strong></span> <span class='ocrx_word' id='word_1_145' title='bbox 1775 1164 1839 1218; x_wconf 87' lang='lat' dir='ltr'><strong>scni-</strong></span> 
     </span>
     <span class='ocr_line' id='line_1_12' title="bbox 139 1247 1391 1320; baseline -0.006 -9"><span class='ocrx_word' id='word_1_146' title='bbox 139 1258 211 1311; x_wconf 87' lang='lat' dir='ltr'><strong>iorte</strong></span> <span class='ocrx_word' id='word_1_147' title='bbox 226 1255 328 1311; x_wconf 90' lang='lat' dir='ltr'><strong>ardore</strong></span> <span class='ocrx_word' id='word_1_148' title='bbox 344 1255 495 1320; x_wconf 85' lang='lat' dir='ltr'><strong>insistunt,</strong></span> <span class='ocrx_word' id='word_1_149' title='bbox 507 1259 534 1309; x_wconf 93' lang='lat' dir='ltr'><strong>et</strong></span> <span class='ocrx_word' id='word_1_150' title='bbox 545 1251 766 1309; x_wconf 86' lang='lat' dir='ltr'><strong>clamorecrum</strong></span> <span class='ocrx_word' id='word_1_151' title='bbox 778 1252 911 1308; x_wconf 80' lang='lat' dir='ltr'><strong>ascendit</strong></span> <span class='ocrx_word' id='word_1_152' title='bbox 923 1253 958 1307; x_wconf 89' lang='lat' dir='ltr'><strong>ad</strong></span> <span class='ocrx_word' id='word_1_153' title='bbox 1015 1247 1082 1304; x_wconf 88' lang='lat' dir='ltr'><strong>tatis</strong></span> <span class='ocrx_word' id='word_1_154' title='bbox 1098 1249 1222 1320; x_wconf 84' lang='lat' dir='ltr'><strong>gratiam</strong></span> <span class='ocrx_word' id='word_1_155' title='bbox 1240 1249 1391 1305; x_wconf 81' lang='lat' dir='ltr'><strong>restitutae.</strong></span> 
     </span>
    </p>

    <p class='ocr_par' dir='ltr' id='par_1_3' title="bbox 138 1337 1722 1414">
     <span class='ocr_line' id='line_1_13' title="bbox 138 1337 1722 1414; baseline -0.003 -13"><span class='ocrx_word' id='word_1_156' title='bbox 138 1347 298 1412; x_wconf 69' lang='lat' dir='ltr'><strong>coctumst</strong></span> <span class='ocrx_word' id='word_1_157' title='bbox 312 1361 377 1400; x_wconf 89' lang='lat' dir='ltr'><strong>ecce</strong></span> <span class='ocrx_word' id='word_1_158' title='bbox 392 1345 474 1399; x_wconf 88' lang='lat' dir='ltr'><strong>adest</strong></span> <span class='ocrx_word' id='word_1_159' title='bbox 489 1345 518 1398; x_wconf 92' lang='lat' dir='ltr'><strong>in</strong></span> <span class='ocrx_word' id='word_1_160' title='bbox 530 1343 670 1398; x_wconf 83' lang='lat' dir='ltr'><strong>auxilium</strong></span> <span class='ocrx_word' id='word_1_161' title='bbox 687 1342 843 1414; x_wconf 86' lang='lat' dir='ltr'><strong>imperiosa</strong></span> <span class='ocrx_word' id='word_1_162' title='bbox 853 1341 962 1414; x_wconf 81' lang='lat' dir='ltr'><strong>Regina</strong></span> <span class='ocrx_word' id='word_1_163' title='bbox 1149 1337 1196 1394; x_wconf 86' lang='lat' dir='ltr'><strong>IV.</strong></span> <span class='ocrx_word' id='word_1_164' title='bbox 1213 1340 1249 1396; x_wconf 82' lang='lat' dir='ltr'><strong>lle</strong></span> <span class='ocrx_word' id='word_1_165' title='bbox 1263 1339 1350 1395; x_wconf 82' lang='lat' dir='ltr'><strong>stellis</strong></span> <span class='ocrx_word' id='word_1_166' title='bbox 1363 1337 1525 1410; x_wconf 71' lang='lat' dir='ltr'><strong>sugentibus</strong></span> <span class='ocrx_word' id='word_1_167' title='bbox 1538 1339 1722 1412; x_wconf 73' lang='lat' dir='ltr'><strong>caliginem.</strong></span> 
     </span>
    </p>

    <p class='ocr_par' dir='ltr' id='par_1_4' title="bbox 139 1427 1840 1772">
     <span class='ocr_line' id='line_1_14' title="bbox 139 1427 1840 1504; baseline -0.002 -12"><span class='ocrx_word' id='word_1_168' title='bbox 139 1446 165 1492; x_wconf 93' lang='lat' dir='ltr'><strong>et</strong></span> <span class='ocrx_word' id='word_1_169' title='bbox 181 1433 494 1504; x_wconf 83' lang='lat' dir='ltr'><strong>Dctninaangelcrum.</strong></span> <span class='ocrx_word' id='word_1_170' title='bbox 508 1432 734 1487; x_wconf 89' lang='lat' dir='ltr'><strong>trabenssecum</strong></span> <span class='ocrx_word' id='word_1_171' title='bbox 749 1430 962 1502; x_wconf 89' lang='lat' dir='ltr'><strong>lortiaagmins</strong></span> <span class='ocrx_word' id='word_1_172' title='bbox 1052 1428 1092 1484; x_wconf 82' lang='lat' dir='ltr'><strong>Ite</strong></span> <span class='ocrx_word' id='word_1_173' title='bbox 1107 1428 1259 1485; x_wconf 86' lang='lat' dir='ltr'><strong>tenebrosa</strong></span> <span class='ocrx_word' id='word_1_174' title='bbox 1283 1427 1406 1501; x_wconf 91' lang='lat' dir='ltr'><strong>caligine</strong></span> <span class='ocrx_word' id='word_1_175' title='bbox 1430 1445 1481 1499; x_wconf 91' lang='lat' dir='ltr'><strong>per</strong></span> <span class='ocrx_word' id='word_1_176' title='bbox 1506 1437 1622 1485; x_wconf 90' lang='lat' dir='ltr'><strong>noctem</strong></span> <span class='ocrx_word' id='word_1_177' title='bbox 1649 1431 1756 1487; x_wconf 89' lang='lat' dir='ltr'><strong>ecdem</strong></span> <span class='ocrx_word' id='word_1_178' title='bbox 1776 1435 1840 1488; x_wconf 88' lang='lat' dir='ltr'><strong>tem·</strong></span> 
     </span>
     <span class='ocr_line' id='line_1_15' title="bbox 140 1517 1840 1594; baseline -0.002 -15"><span class='ocrx_word' id='word_1_179' title='bbox 140 1524 301 1581; x_wconf 86' lang='lat' dir='ltr'><strong>coelestium</strong></span> <span class='ocrx_word' id='word_1_180' title='bbox 317 1521 486 1594; x_wconf 73' lang='lat' dir='ltr'><strong>spirituum,</strong></span> <span class='ocrx_word' id='word_1_181' title='bbox 503 1521 538 1575; x_wconf 90' lang='lat' dir='ltr'><strong>ad</strong></span> <span class='ocrx_word' id='word_1_182' title='bbox 560 1522 644 1589; x_wconf 75' lang='lat' dir='ltr'><strong>chus</strong></span> <span class='ocrx_word' id='word_1_183' title='bbox 660 1521 843 1592; x_wconf 74' lang='lat' dir='ltr'><strong>presentiam</strong></span> <span class='ocrx_word' id='word_1_184' title='bbox 861 1520 960 1576; x_wconf 88' lang='lat' dir='ltr'><strong>lormi-</strong></span> <span class='ocrx_word' id='word_1_185' title='bbox 1016 1534 1096 1591; x_wconf 90' lang='lat' dir='ltr'><strong>pore,</strong></span> <span class='ocrx_word' id='word_1_186' title='bbox 1111 1523 1140 1574; x_wconf 91' lang='lat' dir='ltr'><strong>et</strong></span> <span class='ocrx_word' id='word_1_187' title='bbox 1154 1517 1245 1574; x_wconf 86' lang='lat' dir='ltr'><strong>stellis</strong></span> <span class='ocrx_word' id='word_1_188' title='bbox 1259 1519 1336 1574; x_wconf 81' lang='lat' dir='ltr'><strong>mire</strong></span> <span class='ocrx_word' id='word_1_189' title='bbox 1357 1517 1568 1576; x_wconf 82' lang='lat' dir='ltr'><strong>maanitudinis</strong></span> <span class='ocrx_word' id='word_1_190' title='bbox 1592 1520 1737 1576; x_wconf 84' lang='lat' dir='ltr'><strong>eamdem</strong></span> <span class='ocrx_word' id='word_1_191' title='bbox 1753 1521 1840 1593; x_wconf 85' lang='lat' dir='ltr'><strong>caligi-</strong></span> 
     </span>
     <span class='ocr_line' id='line_1_16' title="bbox 140 1607 1839 1686; baseline 0 -17"><span class='ocrx_word' id='word_1_192' title='bbox 140 1617 223 1669; x_wconf 90' lang='lat' dir='ltr'><strong>daret</strong></span> <span class='ocrx_word' id='word_1_193' title='bbox 237 1612 370 1667; x_wconf 90' lang='lat' dir='ltr'><strong>internus</strong></span> <span class='ocrx_word' id='word_1_194' title='bbox 384 1614 412 1666; x_wconf 91' lang='lat' dir='ltr'><strong>et</strong></span> <span class='ocrx_word' id='word_1_195' title='bbox 432 1617 568 1682; x_wconf 88' lang='lat' dir='ltr'><strong>paverent</strong></span> <span class='ocrx_word' id='word_1_196' title='bbox 584 1614 669 1681; x_wconf 81' lang='lat' dir='ltr'><strong>portas</strong></span> <span class='ocrx_word' id='word_1_197' title='bbox 685 1610 798 1679; x_wconf 90' lang='lat' dir='ltr'><strong>mortis,</strong></span> <span class='ocrx_word' id='word_1_198' title='bbox 814 1617 841 1664; x_wconf 91' lang='lat' dir='ltr'><strong>et</strong></span> <span class='ocrx_word' id='word_1_199' title='bbox 865 1609 961 1666; x_wconf 93' lang='lat' dir='ltr'><strong>omnis</strong></span> <span class='ocrx_word' id='word_1_200' title='bbox 1016 1625 1083 1665; x_wconf 90' lang='lat' dir='ltr'><strong>nem</strong></span> <span class='ocrx_word' id='word_1_201' title='bbox 1100 1607 1177 1666; x_wconf 88' lang='lat' dir='ltr'><strong>ultre</strong></span> <span class='ocrx_word' id='word_1_202' title='bbox 1191 1609 1345 1667; x_wconf 87' lang='lat' dir='ltr'><strong>ecclesiam</strong></span> <span class='ocrx_word' id='word_1_203' title='bbox 1357 1610 1606 1681; x_wconf 85' lang='lat' dir='ltr'><strong>persequentibus</strong></span> <span class='ocrx_word' id='word_1_204' title='bbox 1624 1617 1656 1668; x_wconf 91' lang='lat' dir='ltr'><strong>et</strong></span> <span class='ocrx_word' id='word_1_205' title='bbox 1669 1611 1839 1686; x_wconf 81' lang='lat' dir='ltr'><strong>fugantibus,</strong></span> 
     </span>
     <span class='ocr_line' id='line_1_17' title="bbox 141 1671 1501 1772; baseline -0.004 -13"><span class='ocrx_word' id='word_1_206' title='bbox 141 1704 261 1759; x_wconf 88' lang='lat' dir='ltr'><strong>adversa</strong></span> <span class='ocrx_word' id='word_1_207' title='bbox 284 1700 381 1755; x_wconf 88' lang='lat' dir='ltr'><strong>valida</strong></span> <span class='ocrx_word' id='word_1_208' title='bbox 404 1699 448 1755; x_wconf 88' lang='lat' dir='ltr'><strong>vel</strong></span> <span class='ocrx_word' id='word_1_209' title='bbox 467 1699 604 1771; x_wconf 81' lang='lat' dir='ltr'><strong>quelibet</strong></span> <span class='ocrx_word' id='word_1_210' title='bbox 628 1703 757 1771; x_wconf 85' lang='lat' dir='ltr'><strong>potestas</strong></span> <span class='ocrx_word' id='word_1_211' title='bbox 781 1699 897 1772; x_wconf 87' lang='lat' dir='ltr'><strong>plagam</strong></span> <span class='ocrx_word' id='word_1_212' title='bbox 921 1698 964 1754; x_wconf 89' lang='lat' dir='ltr'><strong>in·</strong></span> <span class='ocrx_word' id='word_1_213' title='bbox 979 1671 1003 1738; x_wconf 75' lang='lat' dir='ltr'>B</span> <span class='ocrx_word' id='word_1_214' title='bbox 1018 1696 1139 1769; x_wconf 87' lang='lat' dir='ltr'><strong>plurimi</strong></span> <span class='ocrx_word' id='word_1_215' title='bbox 1154 1714 1186 1754; x_wconf 88' lang='lat' dir='ltr'><strong>se</strong></span> <span class='ocrx_word' id='word_1_216' title='bbox 1200 1697 1306 1755; x_wconf 86' lang='lat' dir='ltr'><strong>vidisse</strong></span> <span class='ocrx_word' id='word_1_217' title='bbox 1323 1704 1501 1755; x_wconf 87' lang='lat' dir='ltr'><strong>asseverant.</strong></span> 
     </span>
    </p>

    <p class='ocr_par' dir='ltr' id='par_1_5' title="bbox 140 1786 1846 2670">
     <span class='ocr_line' id='line_1_18' title="bbox 140 1786 1699 1860; baseline 0.002 -14"><span class='ocrx_word' id='word_1_218' title='bbox 140 1791 237 1846; x_wconf 83' lang='lat' dir='ltr'><strong>terens</strong></span> <span class='ocrx_word' id='word_1_219' title='bbox 251 1789 412 1845; x_wconf 86' lang='lat' dir='ltr'><strong>subsistere</strong></span> <span class='ocrx_word' id='word_1_220' title='bbox 432 1805 488 1845; x_wconf 92' lang='lat' dir='ltr'><strong>non</strong></span> <span class='ocrx_word' id='word_1_221' title='bbox 505 1792 628 1859; x_wconf 87' lang='lat' dir='ltr'><strong>poterat.</strong></span> <span class='ocrx_word' id='word_1_222' title='bbox 644 1788 726 1853; x_wconf 84' lang='lat' dir='ltr'><strong>Quod</strong></span> <span class='ocrx_word' id='word_1_223' title='bbox 742 1804 778 1844; x_wconf 90' lang='lat' dir='ltr'><strong>ne</strong></span> <span class='ocrx_word' id='word_1_224' title='bbox 792 1788 840 1844; x_wconf 94' lang='lat' dir='ltr'><strong>cui</strong></span> <span class='ocrx_word' id='word_1_225' title='bbox 856 1789 962 1844; x_wconf 90' lang='lat' dir='ltr'><strong>mirum</strong></span> <span class='ocrx_word' id='word_1_226' title='bbox 1168 1786 1204 1845; x_wconf 88' lang='lat' dir='ltr'><strong>V.</strong></span> <span class='ocrx_word' id='word_1_227' title='bbox 1221 1789 1256 1844; x_wconf 83' lang='lat' dir='ltr'><strong>lle</strong></span> <span class='ocrx_word' id='word_1_228' title='bbox 1271 1788 1323 1844; x_wconf 85' lang='lat' dir='ltr'><strong>illc</strong></span> <span class='ocrx_word' id='word_1_229' title='bbox 1335 1804 1395 1860; x_wconf 80' lang='lat' dir='ltr'><strong>qus</strong></span> <span class='ocrx_word' id='word_1_230' title='bbox 1410 1789 1558 1846; x_wconf 83' lang='lat' dir='ltr'><strong>momordit</strong></span> <span class='ocrx_word' id='word_1_231' title='bbox 1571 1805 1699 1850; x_wconf 81' lang='lat' dir='ltr'><strong>soccum.</strong></span> 
     </span>
     <span class='ocr_line' id='line_1_19' title="bbox 140 1875 1840 1951; baseline 0.003 -19"><span class='ocrx_word' id='word_1_232' title='bbox 140 1878 283 1944; x_wconf 86' lang='lat' dir='ltr'><strong>videatur,</strong></span> <span class='ocrx_word' id='word_1_233' title='bbox 296 1892 456 1947; x_wconf 75' lang='lat' dir='ltr'><strong>precursor</strong></span> <span class='ocrx_word' id='word_1_234' title='bbox 470 1876 533 1947; x_wconf 77' lang='lat' dir='ltr'><strong>ejus</strong></span> <span class='ocrx_word' id='word_1_235' title='bbox 548 1875 688 1933; x_wconf 87' lang='lat' dir='ltr'><strong>advectus</strong></span> <span class='ocrx_word' id='word_1_236' title='bbox 701 1879 760 1932; x_wconf 86' lang='lat' dir='ltr'><strong>tam</strong></span> <span class='ocrx_word' id='word_1_237' title='bbox 770 1891 896 1949; x_wconf 90' lang='lat' dir='ltr'><strong>magnus</strong></span> <span class='ocrx_word' id='word_1_238' title='bbox 907 1879 964 1932; x_wconf 89' lang='lat' dir='ltr'><strong>tre·</strong></span> <span class='ocrx_word' id='word_1_239' title='bbox 1055 1875 1143 1933; x_wconf 86' lang='lat' dir='ltr'><strong>Moris</strong></span> <span class='ocrx_word' id='word_1_240' title='bbox 1157 1883 1219 1933; x_wconf 87' lang='lat' dir='ltr'><strong>erat</strong></span> <span class='ocrx_word' id='word_1_241' title='bbox 1232 1880 1266 1932; x_wconf 92' lang='lat' dir='ltr'><strong>ut</strong></span> <span class='ocrx_word' id='word_1_242' title='bbox 1274 1877 1386 1950; x_wconf 82' lang='lat' dir='ltr'><strong>egroti,</strong></span> <span class='ocrx_word' id='word_1_243' title='bbox 1397 1876 1523 1934; x_wconf 87' lang='lat' dir='ltr'><strong>sanitate</strong></span> <span class='ocrx_word' id='word_1_244' title='bbox 1537 1882 1672 1951; x_wconf 82' lang='lat' dir='ltr'><strong>recepta,</strong></span> <span class='ocrx_word' id='word_1_245' title='bbox 1685 1896 1737 1951; x_wconf 92' lang='lat' dir='ltr'><strong>per</strong></span> <span class='ocrx_word' id='word_1_246' title='bbox 1747 1896 1840 1937; x_wconf 78' lang='lat' dir='ltr'><strong>norem</strong></span> 
     </span>
     <span class='ocr_line' id='line_1_20' title="bbox 140 1963 1842 2042; baseline 0.002 -20"><span class='ocrx_word' id='word_1_247' title='bbox 140 1982 205 2022; x_wconf 88' lang='lat' dir='ltr'><strong>mor</strong></span> <span class='ocrx_word' id='word_1_248' title='bbox 224 1965 378 2022; x_wconf 85' lang='lat' dir='ltr'><strong>ecclesiam</strong></span> <span class='ocrx_word' id='word_1_249' title='bbox 402 1963 534 2037; x_wconf 89' lang='lat' dir='ltr'><strong>replevit,</strong></span> <span class='ocrx_word' id='word_1_250' title='bbox 550 1969 584 2021; x_wconf 91' lang='lat' dir='ltr'><strong>ut</strong></span> <span class='ocrx_word' id='word_1_251' title='bbox 605 1970 688 2023; x_wconf 82' lang='lat' dir='ltr'><strong>terre</strong></span> <span class='ocrx_word' id='word_1_252' title='bbox 713 1974 821 2024; x_wconf 89' lang='lat' dir='ltr'><strong>motum</strong></span> <span class='ocrx_word' id='word_1_253' title='bbox 838 1982 902 2024; x_wconf 88' lang='lat' dir='ltr'><strong>esce</strong></span> <span class='ocrx_word' id='word_1_254' title='bbox 924 1965 965 2022; x_wconf 89' lang='lat' dir='ltr'><strong>ia·</strong></span> <span class='ocrx_word' id='word_1_255' title='bbox 1020 1963 1082 2022; x_wconf 88' lang='lat' dir='ltr'><strong>dies</strong></span> <span class='ocrx_word' id='word_1_256' title='bbox 1096 1963 1204 2021; x_wconf 92' lang='lat' dir='ltr'><strong>ibidem</strong></span> <span class='ocrx_word' id='word_1_257' title='bbox 1214 1967 1403 2036; x_wconf 87' lang='lat' dir='ltr'><strong>manicarent,</strong></span> <span class='ocrx_word' id='word_1_258' title='bbox 1411 1965 1643 2023; x_wconf 90' lang='lat' dir='ltr'><strong>etinbisdiebus</strong></span> <span class='ocrx_word' id='word_1_259' title='bbox 1656 1985 1711 2041; x_wconf 91' lang='lat' dir='ltr'><strong>per</strong></span> <span class='ocrx_word' id='word_1_260' title='bbox 1721 1969 1842 2042; x_wconf 83' lang='lat' dir='ltr'><strong>singulos</strong></span> 
     </span>
     <span class='ocr_line' id='line_1_21' title="bbox 142 2053 1841 2125; baseline 0.003 -14"><span class='ocrx_word' id='word_1_261' title='bbox 142 2060 232 2125; x_wconf 88' lang='lat' dir='ltr'><strong>ctum,</strong></span> <span class='ocrx_word' id='word_1_262' title='bbox 249 2059 299 2110; x_wconf 91' lang='lat' dir='ltr'><strong>aut</strong></span> <span class='ocrx_word' id='word_1_263' title='bbox 318 2053 467 2110; x_wconf 88' lang='lat' dir='ltr'><strong>ecclesiam</strong></span> <span class='ocrx_word' id='word_1_264' title='bbox 485 2055 713 2112; x_wconf 87' lang='lat' dir='ltr'><strong>slucdamentis</strong></span> <span class='ocrx_word' id='word_1_265' title='bbox 732 2071 905 2114; x_wconf 90' lang='lat' dir='ltr'><strong>concussam</strong></span> <span class='ocrx_word' id='word_1_266' title='bbox 921 2072 966 2113; x_wconf 90' lang='lat' dir='ltr'><strong>ar·</strong></span> <span class='ocrx_word' id='word_1_267' title='bbox 1019 2053 1056 2110; x_wconf 94' lang='lat' dir='ltr'><strong>de</strong></span> <span class='ocrx_word' id='word_1_268' title='bbox 1074 2068 1157 2110; x_wconf 84' lang='lat' dir='ltr'><strong>acccc</strong></span> <span class='ocrx_word' id='word_1_269' title='bbox 1173 2054 1342 2111; x_wconf 87' lang='lat' dir='ltr'><strong>circumlato</strong></span> <span class='ocrx_word' id='word_1_270' title='bbox 1354 2054 1604 2112; x_wconf 80' lang='lat' dir='ltr'><strong>benedicebantur</strong></span> <span class='ocrx_word' id='word_1_271' title='bbox 1620 2060 1654 2113; x_wconf 91' lang='lat' dir='ltr'><strong>et</strong></span> <span class='ocrx_word' id='word_1_272' title='bbox 1674 2057 1841 2116; x_wconf 88' lang='lat' dir='ltr'><strong>osculaban-</strong></span> 
     </span>
     <span class='ocr_line' id='line_1_22' title="bbox 141 2143 1845 2223; baseline 0.003 -22"><span class='ocrx_word' id='word_1_273' title='bbox 141 2145 294 2212; x_wconf 87' lang='lat' dir='ltr'><strong>bitrantes,</strong></span> <span class='ocrx_word' id='word_1_274' title='bbox 308 2160 410 2202; x_wconf 88' lang='lat' dir='ltr'><strong>omnes</strong></span> <span class='ocrx_word' id='word_1_275' title='bbox 434 2144 566 2215; x_wconf 86' lang='lat' dir='ltr'><strong>lugerent</strong></span> <span class='ocrx_word' id='word_1_276' title='bbox 588 2150 617 2202; x_wconf 89' lang='lat' dir='ltr'><strong>et</strong></span> <span class='ocrx_word' id='word_1_277' title='bbox 645 2146 819 2217; x_wconf 72' lang='lat' dir='ltr'><strong>anticipasse</strong></span> <span class='ocrx_word' id='word_1_278' title='bbox 838 2147 914 2205; x_wconf 90' lang='lat' dir='ltr'><strong>ostia</strong></span> <span class='ocrx_word' id='word_1_279' title='bbox 938 2149 967 2203; x_wconf 90' lang='lat' dir='ltr'><strong>et</strong></span> <span class='ocrx_word' id='word_1_280' title='bbox 1018 2147 1067 2201; x_wconf 90' lang='lat' dir='ltr'><strong>tur</strong></span> <span class='ocrx_word' id='word_1_281' title='bbox 1080 2143 1176 2201; x_wconf 89' lang='lat' dir='ltr'><strong>illum.</strong></span> <span class='ocrx_word' id='word_1_282' title='bbox 1188 2144 1261 2201; x_wconf 83' lang='lat' dir='ltr'><strong>Cum</strong></span> <span class='ocrx_word' id='word_1_283' title='bbox 1277 2163 1336 2203; x_wconf 89' lang='lat' dir='ltr'><strong>una</strong></span> <span class='ocrx_word' id='word_1_284' title='bbox 1353 2145 1388 2203; x_wconf 89' lang='lat' dir='ltr'><strong>de</strong></span> <span class='ocrx_word' id='word_1_285' title='bbox 1404 2145 1449 2202; x_wconf 88' lang='lat' dir='ltr'><strong>bis</strong></span> <span class='ocrx_word' id='word_1_286' title='bbox 1465 2162 1529 2219; x_wconf 81' lang='lat' dir='ltr'><strong>qum</strong></span> <span class='ocrx_word' id='word_1_287' title='bbox 1544 2146 1712 2205; x_wconf 86' lang='lat' dir='ltr'><strong>sanitatem</strong></span> <span class='ocrx_word' id='word_1_288' title='bbox 1737 2166 1845 2223; x_wconf 73' lang='lat' dir='ltr'><strong>eccepe</strong></span> 
     </span>
     <span class='ocr_line' id='line_1_23' title="bbox 142 2233 1845 2309; baseline 0.004 -21"><span class='ocrx_word' id='word_1_289' title='bbox 142 2235 234 2290; x_wconf 86' lang='lat' dir='ltr'><strong>exitus</strong></span> <span class='ocrx_word' id='word_1_290' title='bbox 247 2233 364 2289; x_wconf 90' lang='lat' dir='ltr'><strong>tardum</strong></span> <span class='ocrx_word' id='word_1_291' title='bbox 376 2233 500 2306; x_wconf 83' lang='lat' dir='ltr'><strong>singulis</strong></span> <span class='ocrx_word' id='word_1_292' title='bbox 511 2233 874 2293; x_wconf 78' lang='lat' dir='ltr'><strong>videretur.lletrerentism</strong></span> <span class='ocrx_word' id='word_1_293' title='bbox 886 2236 965 2293; x_wconf 91' lang='lat' dir='ltr'><strong>enim</strong></span> <span class='ocrx_word' id='word_1_294' title='bbox 1019 2239 1094 2305; x_wconf 89' lang='lat' dir='ltr'><strong>rant,</strong></span> <span class='ocrx_word' id='word_1_295' title='bbox 1112 2234 1183 2290; x_wconf 89' lang='lat' dir='ltr'><strong>dum</strong></span> <span class='ocrx_word' id='word_1_296' title='bbox 1199 2233 1298 2292; x_wconf 86' lang='lat' dir='ltr'><strong>oscula</strong></span> <span class='ocrx_word' id='word_1_297' title='bbox 1313 2234 1386 2309; x_wconf 82' lang='lat' dir='ltr'><strong>figit,</strong></span> <span class='ocrx_word' id='word_1_298' title='bbox 1403 2235 1494 2292; x_wconf 91' lang='lat' dir='ltr'><strong>cimic</strong></span> <span class='ocrx_word' id='word_1_299' title='bbox 1505 2236 1610 2293; x_wconf 86' lang='lat' dir='ltr'><strong>ardore</strong></span> <span class='ocrx_word' id='word_1_300' title='bbox 1627 2237 1698 2294; x_wconf 86' lang='lat' dir='ltr'><strong>lidei</strong></span> <span class='ocrx_word' id='word_1_301' title='bbox 1715 2255 1845 2296; x_wconf 83' lang='lat' dir='ltr'><strong>succensa</strong></span> 
     </span>
     <span class='ocr_line' id='line_1_24' title="bbox 140 2321 1845 2401; baseline 0.004 -23"><span class='ocrx_word' id='word_1_302' title='bbox 140 2326 229 2379; x_wconf 86' lang='lat' dir='ltr'><strong>tantae</strong></span> <span class='ocrx_word' id='word_1_303' title='bbox 241 2321 377 2393; x_wconf 82' lang='lat' dir='ltr'><strong>potentie</strong></span> <span class='ocrx_word' id='word_1_304' title='bbox 389 2322 572 2380; x_wconf 83' lang='lat' dir='ltr'><strong>elementaet</strong></span> <span class='ocrx_word' id='word_1_305' title='bbox 581 2325 966 2384; x_wconf 87' lang='lat' dir='ltr'><strong>mentesbcminumsentire</strong></span> <span class='ocrx_word' id='word_1_306' title='bbox 1019 2323 1157 2380; x_wconf 88' lang='lat' dir='ltr'><strong>dentibus</strong></span> <span class='ocrx_word' id='word_1_307' title='bbox 1172 2324 1311 2396; x_wconf 89' lang='lat' dir='ltr'><strong>arripuit;</strong></span> <span class='ocrx_word' id='word_1_308' title='bbox 1323 2341 1382 2396; x_wconf 87' lang='lat' dir='ltr'><strong>qua</strong></span> <span class='ocrx_word' id='word_1_309' title='bbox 1396 2324 1600 2396; x_wconf 65' lang='lat' dir='ltr'><strong>indignatione</strong></span> <span class='ocrx_word' id='word_1_310' title='bbox 1613 2332 1845 2401; x_wconf 83' lang='lat' dir='ltr'><strong>permctegasta·</strong></span> 
     </span>
     <span class='ocr_line' id='line_1_25' title="bbox 141 2410 1846 2489; baseline 0.002 -22"><span class='ocrx_word' id='word_1_311' title='bbox 141 2410 296 2477; x_wconf 88' lang='lat' dir='ltr'><strong>debebant,</strong></span> <span class='ocrx_word' id='word_1_312' title='bbox 312 2416 340 2468; x_wconf 93' lang='lat' dir='ltr'><strong>et</strong></span> <span class='ocrx_word' id='word_1_313' title='bbox 354 2429 372 2467; x_wconf 89' lang='lat' dir='ltr'><strong>a</strong></span> <span class='ocrx_word' id='word_1_314' title='bbox 386 2412 459 2469; x_wconf 89' lang='lat' dir='ltr'><strong>iacie</strong></span> <span class='ocrx_word' id='word_1_315' title='bbox 474 2413 580 2471; x_wconf 82' lang='lat' dir='ltr'><strong>divinas</strong></span> <span class='ocrx_word' id='word_1_316' title='bbox 593 2414 707 2472; x_wconf 86' lang='lat' dir='ltr'><strong>virtutis</strong></span> <span class='ocrx_word' id='word_1_317' title='bbox 724 2414 856 2473; x_wconf 85' lang='lat' dir='ltr'><strong>mortalia</strong></span> <span class='ocrx_word' id='word_1_318' title='bbox 877 2416 967 2474; x_wconf 90' lang='lat' dir='ltr'><strong>corda</strong></span> <span class='ocrx_word' id='word_1_319' title='bbox 1020 2413 1079 2469; x_wconf 87' lang='lat' dir='ltr'><strong>trix</strong></span> <span class='ocrx_word' id='word_1_320' title='bbox 1099 2416 1128 2468; x_wconf 92' lang='lat' dir='ltr'><strong>et</strong></span> <span class='ocrx_word' id='word_1_321' title='bbox 1151 2416 1249 2470; x_wconf 87' lang='lat' dir='ltr'><strong>custos</strong></span> <span class='ocrx_word' id='word_1_322' title='bbox 1274 2413 1407 2484; x_wconf 79' lang='lat' dir='ltr'><strong>ciusdem</strong></span> <span class='ocrx_word' id='word_1_323' title='bbox 1430 2413 1518 2484; x_wconf 89' lang='lat' dir='ltr'><strong>socci,</strong></span> <span class='ocrx_word' id='word_1_324' title='bbox 1533 2415 1756 2472; x_wconf 78' lang='lat' dir='ltr'><strong>stomachando</strong></span> <span class='ocrx_word' id='word_1_325' title='bbox 1771 2417 1846 2489; x_wconf 80' lang='lat' dir='ltr'><strong>cepit</strong></span> 
     </span>
     <span class='ocr_line' id='line_1_26' title="bbox 142 2497 1846 2579; baseline 0.002 -21"><span class='ocrx_word' id='word_1_326' title='bbox 142 2499 271 2573; x_wconf 90' lang='lat' dir='ltr'><strong>percelli.</strong></span> <span class='ocrx_word' id='word_1_327' title='bbox 288 2501 342 2558; x_wconf 89' lang='lat' dir='ltr'><strong>Ubi</strong></span> <span class='ocrx_word' id='word_1_328' title='bbox 357 2518 424 2558; x_wconf 91' lang='lat' dir='ltr'><strong>verc</strong></span> <span class='ocrx_word' id='word_1_329' title='bbox 439 2501 511 2558; x_wconf 88' lang='lat' dir='ltr'><strong>nibil</strong></span> <span class='ocrx_word' id='word_1_330' title='bbox 533 2503 633 2562; x_wconf 85' lang='lat' dir='ltr'><strong>adesse</strong></span> <span class='ocrx_word' id='word_1_331' title='bbox 657 2503 779 2579; x_wconf 89' lang='lat' dir='ltr'><strong>periculi</strong></span> <span class='ocrx_word' id='word_1_332' title='bbox 802 2513 966 2575; x_wconf 89' lang='lat' dir='ltr'><strong>senserunt,</strong></span> <span class='ocrx_word' id='word_1_333' title='bbox 1020 2499 1049 2557; x_wconf 91' lang='lat' dir='ltr'><strong>ic</strong></span> <span class='ocrx_word' id='word_1_334' title='bbox 1075 2497 1156 2557; x_wconf 88' lang='lat' dir='ltr'><strong>illem</strong></span> <span class='ocrx_word' id='word_1_335' title='bbox 1185 2501 1258 2557; x_wconf 90' lang='lat' dir='ltr'><strong>tanti</strong></span> <span class='ocrx_word' id='word_1_336' title='bbox 1289 2501 1420 2575; x_wconf 82' lang='lat' dir='ltr'><strong>criminis</strong></span> <span class='ocrx_word' id='word_1_337' title='bbox 1447 2517 1523 2559; x_wconf 86' lang='lat' dir='ltr'><strong>ream</strong></span> <span class='ocrx_word' id='word_1_338' title='bbox 1553 2501 1713 2573; x_wconf 69' lang='lat' dir='ltr'><strong>invectat</strong></span> <span class='ocrx_word' id='word_1_339' title='bbox 1739 2506 1846 2577; x_wconf 81' lang='lat' dir='ltr'><strong>culpare</strong></span> 
     </span>
     <span class='ocr_line' id='line_1_27' title="bbox 144 2590 1845 2670; baseline 0.003 -23"><span class='ocrx_word' id='word_1_340' title='bbox 144 2591 252 2648; x_wconf 84' lang='lat' dir='ltr'><strong>reversi</strong></span> <span class='ocrx_word' id='word_1_341' title='bbox 267 2592 297 2647; x_wconf 92' lang='lat' dir='ltr'><strong>in</strong></span> <span class='ocrx_word' id='word_1_342' title='bbox 312 2607 343 2648; x_wconf 89' lang='lat' dir='ltr'><strong>se</strong></span> <span class='ocrx_word' id='word_1_343' title='bbox 360 2607 477 2648; x_wconf 91' lang='lat' dir='ltr'><strong>omnem</strong></span> <span class='ocrx_word' id='word_1_344' title='bbox 492 2592 623 2650; x_wconf 85' lang='lat' dir='ltr'><strong>ardorem</strong></span> <span class='ocrx_word' id='word_1_345' title='bbox 639 2591 842 2667; x_wconf 80' lang='lat' dir='ltr'><strong>languentium</strong></span> <span class='ocrx_word' id='word_1_346' title='bbox 858 2596 967 2654; x_wconf 84' lang='lat' dir='ltr'><strong>exstin·</strong></span> <span class='ocrx_word' id='word_1_347' title='bbox 1021 2590 1125 2647; x_wconf 89' lang='lat' dir='ltr'><strong>acriter</strong></span> <span class='ocrx_word' id='word_1_348' title='bbox 1139 2591 1216 2664; x_wconf 91' lang='lat' dir='ltr'><strong>quod</strong></span> <span class='ocrx_word' id='word_1_349' title='bbox 1232 2590 1288 2648; x_wconf 92' lang='lat' dir='ltr'><strong>hoo</strong></span> <span class='ocrx_word' id='word_1_350' title='bbox 1304 2607 1373 2648; x_wconf 86' lang='lat' dir='ltr'><strong>ausa</strong></span> <span class='ocrx_word' id='word_1_351' title='bbox 1394 2591 1489 2660; x_wconf 90' lang='lat' dir='ltr'><strong>luerit,</strong></span> <span class='ocrx_word' id='word_1_352' title='bbox 1505 2607 1559 2648; x_wconf 90' lang='lat' dir='ltr'><strong>nec</strong></span> <span class='ocrx_word' id='word_1_353' title='bbox 1583 2591 1717 2651; x_wconf 85' lang='lat' dir='ltr'><strong>ulterius</strong></span> <span class='ocrx_word' id='word_1_354' title='bbox 1733 2612 1786 2670; x_wconf 89' lang='lat' dir='ltr'><strong>pro</strong></span> <span class='ocrx_word' id='word_1_355' title='bbox 1800 2596 1845 2651; x_wconf 90' lang='lat' dir='ltr'><strong>bc·</strong></span> 
     </span>
    </p>
   </div>
   <div class='ocr_carea' id='block_1_3' title="bbox 61 2679 1845 3044">
    <p class='ocr_par' dir='ltr' id='par_1_6' title="bbox 61 2679 1845 3044">
     <span class='ocr_line' id='line_1_28' title="bbox 145 2679 1844 2756; baseline 0.002 -21"><span class='ocrx_word' id='word_1_356' title='bbox 145 2684 399 2751; x_wconf 90' lang='lat' dir='ltr'><strong>otum,etomnem</strong></span> <span class='ocrx_word' id='word_1_357' title='bbox 416 2679 969 2756; x_wconf 88' lang='lat' dir='ltr'><strong>doloremconscpitcmcelerrimasua-</strong></span> <span class='ocrx_word' id='word_1_358' title='bbox 1019 2679 1149 2752; x_wconf 78' lang='lat' dir='ltr'><strong>jusmodi</strong></span> <span class='ocrx_word' id='word_1_359' title='bbox 1177 2695 1296 2737; x_wconf 86' lang='lat' dir='ltr'><strong>excessu</strong></span> <span class='ocrx_word' id='word_1_360' title='bbox 1320 2680 1357 2737; x_wconf 89' lang='lat' dir='ltr'><strong>sd</strong></span> <span class='ocrx_word' id='word_1_361' title='bbox 1384 2696 1434 2738; x_wconf 88' lang='lat' dir='ltr'><strong>eas</strong></span> <span class='ocrx_word' id='word_1_362' title='bbox 1463 2681 1684 2753; x_wconf 76' lang='lat' dir='ltr'><strong>producturam.</strong></span> <span class='ocrx_word' id='word_1_363' title='bbox 1711 2684 1765 2741; x_wconf 84' lang='lat' dir='ltr'><strong>llla</strong></span> <span class='ocrx_word' id='word_1_364' title='bbox 1787 2701 1844 2740; x_wconf 86' lang='lat' dir='ltr'><strong>vero</strong></span> 
     </span>
     <span class='ocr_line' id='line_1_29' title="bbox 144 2767 1843 2846; baseline 0.005 -22"><span class='ocrx_word' id='word_1_365' title='bbox 144 2771 234 2826; x_wconf 87' lang='lat' dir='ltr'><strong>vitate</strong></span> <span class='ocrx_word' id='word_1_366' title='bbox 249 2769 352 2827; x_wconf 91' lang='lat' dir='ltr'><strong>collata</strong></span> <span class='ocrx_word' id='word_1_367' title='bbox 376 2770 536 2828; x_wconf 86' lang='lat' dir='ltr'><strong>inveniunt.</strong></span> <span class='ocrx_word' id='word_1_368' title='bbox 552 2773 680 2836; x_wconf 85' lang='lat' dir='ltr'><strong>Quorum</strong></span> <span class='ocrx_word' id='word_1_369' title='bbox 697 2789 764 2845; x_wconf 90' lang='lat' dir='ltr'><strong>ergc</strong></span> <span class='ocrx_word' id='word_1_370' title='bbox 778 2773 904 2846; x_wconf 83' lang='lat' dir='ltr'><strong>gemitus</strong></span> <span class='ocrx_word' id='word_1_371' title='bbox 919 2774 969 2832; x_wconf 93' lang='lat' dir='ltr'><strong>dc·</strong></span> <span class='ocrx_word' id='word_1_372' title='bbox 1021 2767 1172 2826; x_wconf 66' lang='lat' dir='ltr'><strong>charitalis</strong></span> <span class='ocrx_word' id='word_1_373' title='bbox 1196 2768 1323 2837; x_wconf 68' lang='lat' dir='ltr'><strong>consola,</strong></span> <span class='ocrx_word' id='word_1_374' title='bbox 1339 2768 1390 2826; x_wconf 73' lang='lat' dir='ltr'><strong>sed</strong></span> <span class='ocrx_word' id='word_1_375' title='bbox 1415 2768 1644 2828; x_wconf 60' lang='lat' dir='ltr'><strong>criminatricem</strong></span> <span class='ocrx_word' id='word_1_376' title='bbox 1672 2789 1762 2830; x_wconf 82' lang='lat' dir='ltr'><strong>suam</strong></span> <span class='ocrx_word' id='word_1_377' title='bbox 1791 2789 1843 2829; x_wconf 80' lang='lat' dir='ltr'><strong>me·</strong></span> 
     </span>
     <span class='ocr_line' id='line_1_30' title="bbox 61 2857 1844 2934; baseline 0.003 -21"><span class='ocrx_word' id='word_1_378' title='bbox 61 2874 64 2879; x_wconf 93' lang='lat'>·</span> <span class='ocrx_word' id='word_1_379' title='bbox 147 2861 272 2915; x_wconf 89' lang='lat' dir='ltr'><strong>lentium</strong></span> <span class='ocrx_word' id='word_1_380' title='bbox 289 2859 487 2916; x_wconf 79' lang='lat' dir='ltr'><strong>intolerabiles</strong></span> <span class='ocrx_word' id='word_1_381' title='bbox 503 2860 588 2916; x_wconf 90' lang='lat' dir='ltr'><strong>modo</strong></span> <span class='ocrx_word' id='word_1_382' title='bbox 603 2867 695 2930; x_wconf 88' lang='lat' dir='ltr'><strong>erent,</strong></span> <span class='ocrx_word' id='word_1_383' title='bbox 712 2879 769 2934; x_wconf 81' lang='lat' dir='ltr'><strong>prta</strong></span> <span class='ocrx_word' id='word_1_384' title='bbox 784 2863 881 2920; x_wconf 90' lang='lat' dir='ltr'><strong>subita</strong></span> <span class='ocrx_word' id='word_1_385' title='bbox 896 2862 968 2921; x_wconf 89' lang='lat' dir='ltr'><strong>libe·</strong></span> <span class='ocrx_word' id='word_1_386' title='bbox 1021 2861 1118 2929; x_wconf 88' lang='lat' dir='ltr'><strong>tuens,</strong></span> <span class='ocrx_word' id='word_1_387' title='bbox 1134 2858 1192 2916; x_wconf 93' lang='lat' dir='ltr'><strong>imc</strong></span> <span class='ocrx_word' id='word_1_388' title='bbox 1211 2857 1367 2916; x_wconf 90' lang='lat' dir='ltr'><strong>laudabilis</strong></span> <span class='ocrx_word' id='word_1_389' title='bbox 1382 2862 1443 2915; x_wconf 92' lang='lat' dir='ltr'><strong>tam</strong></span> <span class='ocrx_word' id='word_1_390' title='bbox 1460 2858 1578 2916; x_wconf 80' lang='lat' dir='ltr'><strong>luricam</strong></span> <span class='ocrx_word' id='word_1_391' title='bbox 1593 2860 1771 2921; x_wconf 86' lang='lat' dir='ltr'><strong>dilectionis</strong></span> <span class='ocrx_word' id='word_1_392' title='bbox 1785 2880 1844 2920; x_wconf 91' lang='lat' dir='ltr'><strong>con-</strong></span> 
     </span>
     <span class='ocr_line' id='line_1_31' title="bbox 145 2948 1845 3044; baseline 0.007 -42"><span class='ocrx_word' id='word_1_393' title='bbox 145 2948 258 3004; x_wconf 87' lang='lat' dir='ltr'><strong>ratione</strong></span> <span class='ocrx_word' id='word_1_394' title='bbox 286 2965 364 3004; x_wconf 91' lang='lat' dir='ltr'><strong>nnnc</strong></span> <span class='ocrx_word' id='word_1_395' title='bbox 389 2949 526 3005; x_wconf 89' lang='lat' dir='ltr'><strong>emittunt</strong></span> <span class='ocrx_word' id='word_1_396' title='bbox 547 2949 676 3008; x_wconf 87' lang='lat' dir='ltr'><strong>inlicitas</strong></span> <span class='ocrx_word' id='word_1_397' title='bbox 700 2968 783 3009; x_wconf 86' lang='lat' dir='ltr'><strong>voces</strong></span> <span class='ocrx_word' id='word_1_398' title='bbox 808 2951 910 3010; x_wconf 77' lang='lat' dir='ltr'><strong>letitie</strong></span> <span class='ocrx_word' id='word_1_399' title='bbox 930 2955 965 3011; x_wconf 89' lang='lat' dir='ltr'><strong>ad</strong></span> <span class='ocrx_word' id='word_1_400' title='bbox 981 2975 1004 3044; x_wconf 68' lang='lat' dir='ltr'><strong>G</strong></span> <span class='ocrx_word' id='word_1_401' title='bbox 1023 2948 1117 3019; x_wconf 71' lang='lat' dir='ltr'><strong>licuit,</strong></span> <span class='ocrx_word' id='word_1_402' title='bbox 1133 2953 1162 3005; x_wconf 76' lang='lat' dir='ltr'><strong>el</strong></span> <span class='ocrx_word' id='word_1_403' title='bbox 1175 2949 1211 3005; x_wconf 68' lang='lat' dir='ltr'><strong>dt</strong></span> <span class='ocrx_word' id='word_1_404' title='bbox 1240 2948 1362 3006; x_wconf 64' lang='lat' dir='ltr'><strong>maioris</strong></span> <span class='ocrx_word' id='word_1_405' title='bbox 1384 2948 1594 3006; x_wconf 53' lang='lat' dir='ltr'><strong>exstinctorum</strong></span> <span class='ocrx_word' id='word_1_406' title='bbox 1613 2952 1740 3009; x_wconf 80' lang='lat' dir='ltr'><strong>omnino</strong></span> <span class='ocrx_word' id='word_1_407' title='bbox 1763 2953 1845 3008; x_wconf 70' lang='lat' dir='ltr'><strong>victos</strong></span> 
     </span>
    </p>
   </div>
   <div class='ocr_carea' id='block_1_4' title="bbox 143 3035 1844 3560">
    <p class='ocr_par' dir='ltr' id='par_1_7' title="bbox 143 3035 1844 3470">
     <span class='ocr_line' id='line_1_32' title="bbox 145 3035 1841 3114; baseline 0 -21"><span class='ocrx_word' id='word_1_408' title='bbox 145 3035 261 3106; x_wconf 83' lang='lat' dir='ltr'><strong>omium,</strong></span> <span class='ocrx_word' id='word_1_409' title='bbox 277 3041 306 3093; x_wconf 90' lang='lat' dir='ltr'><strong>et</strong></span> <span class='ocrx_word' id='word_1_410' title='bbox 320 3036 432 3094; x_wconf 88' lang='lat' dir='ltr'><strong>cunctis</strong></span> <span class='ocrx_word' id='word_1_411' title='bbox 446 3038 501 3094; x_wconf 89' lang='lat' dir='ltr'><strong>sibi</strong></span> <span class='ocrx_word' id='word_1_412' title='bbox 516 3039 729 3099; x_wconf 82' lang='lat' dir='ltr'><strong>exsultantibus</strong></span> <span class='ocrx_word' id='word_1_413' title='bbox 740 3041 852 3114; x_wconf 87' lang='lat' dir='ltr'><strong>populis</strong></span> <span class='ocrx_word' id='word_1_414' title='bbox 866 3042 968 3100; x_wconf 85' lang='lat' dir='ltr'><strong>laudes</strong></span> <span class='ocrx_word' id='word_1_415' title='bbox 1024 3053 1077 3094; x_wconf 91' lang='lat' dir='ltr'><strong>ucs</strong></span> <span class='ocrx_word' id='word_1_416' title='bbox 1093 3054 1156 3094; x_wconf 88' lang='lat' dir='ltr'><strong>esse</strong></span> <span class='ocrx_word' id='word_1_417' title='bbox 1168 3037 1303 3104; x_wconf 87' lang='lat' dir='ltr'><strong>latemur,</strong></span> <span class='ocrx_word' id='word_1_418' title='bbox 1314 3037 1382 3109; x_wconf 85' lang='lat' dir='ltr'><strong>qnia</strong></span> <span class='ocrx_word' id='word_1_419' title='bbox 1397 3053 1454 3093; x_wconf 93' lang='lat' dir='ltr'><strong>ncn</strong></span> <span class='ocrx_word' id='word_1_420' title='bbox 1470 3038 1556 3095; x_wconf 91' lang='lat' dir='ltr'><strong>credo</strong></span> <span class='ocrx_word' id='word_1_421' title='bbox 1570 3037 1670 3096; x_wconf 88' lang='lat' dir='ltr'><strong>ullum</strong></span> <span class='ocrx_word' id='word_1_422' title='bbox 1697 3040 1841 3097; x_wconf 87' lang='lat' dir='ltr'><strong>hominem</strong></span> 
     </span>
     <span class='ocr_line' id='line_1_33' title="bbox 144 3123 1843 3204; baseline 0.007 -25"><span class='ocrx_word' id='word_1_423' title='bbox 144 3128 173 3180; x_wconf 89' lang='lat' dir='ltr'><strong>et</strong></span> <span class='ocrx_word' id='word_1_424' title='bbox 187 3123 320 3199; x_wconf 71' lang='lat' dir='ltr'><strong>lacryma</strong></span> <span class='ocrx_word' id='word_1_425' title='bbox 335 3128 365 3183; x_wconf 90' lang='lat' dir='ltr'><strong>et</strong></span> <span class='ocrx_word' id='word_1_426' title='bbox 377 3127 539 3198; x_wconf 86' lang='lat' dir='ltr'><strong>gratiarum</strong></span> <span class='ocrx_word' id='word_1_427' title='bbox 550 3130 677 3186; x_wconf 83' lang='lat' dir='ltr'><strong>actiones</strong></span> <span class='ocrx_word' id='word_1_428' title='bbox 688 3144 739 3202; x_wconf 90' lang='lat' dir='ltr'><strong>per</strong></span> <span class='ocrx_word' id='word_1_429' title='bbox 754 3131 899 3204; x_wconf 88' lang='lat' dir='ltr'><strong>reliquum</strong></span> <span class='ocrx_word' id='word_1_430' title='bbox 911 3132 968 3190; x_wconf 88' lang='lat' dir='ltr'><strong>dici</strong></span> <span class='ocrx_word' id='word_1_431' title='bbox 1024 3142 1108 3198; x_wconf 69' lang='lat' dir='ltr'><strong>cosso</strong></span> <span class='ocrx_word' id='word_1_432' title='bbox 1126 3127 1231 3184; x_wconf 71' lang='lat' dir='ltr'><strong>referre</strong></span> <span class='ocrx_word' id='word_1_433' title='bbox 1246 3126 1304 3183; x_wconf 70' lang='lat' dir='ltr'><strong>niti</strong></span> <span class='ocrx_word' id='word_1_434' title='bbox 1317 3125 1373 3183; x_wconf 77' lang='lat'>11⁰⁰</span> <span class='ocrx_word' id='word_1_435' title='bbox 1395 3129 1521 3197; x_wconf 70' lang='lat' dir='ltr'><strong>lanium.</strong></span> <span class='ocrx_word' id='word_1_436' title='bbox 1537 3126 1610 3198; x_wconf 65' lang='lat' dir='ltr'><strong>qul!</strong></span> <span class='ocrx_word' id='word_1_437' title='bbox 1623 3129 1705 3186; x_wconf 63' lang='lat' dir='ltr'><strong>lama</strong></span> <span class='ocrx_word' id='word_1_438' title='bbox 1728 3135 1789 3186; x_wconf 74' lang='lat' dir='ltr'><strong>tam</strong></span> <span class='ocrx_word' id='word_1_439' title='bbox 1804 3147 1843 3186; x_wconf 85' lang='lat' dir='ltr'><strong>ec-</strong></span> 
     </span>
     <span class='ocr_line' id='line_1_34' title="bbox 145 3214 1844 3295; baseline 0.002 -26"><span class='ocrx_word' id='word_1_440' title='bbox 145 3229 205 3270; x_wconf 91' lang='lat' dir='ltr'><strong>noc</strong></span> <span class='ocrx_word' id='word_1_441' title='bbox 220 3215 491 3288; x_wconf 88' lang='lat' dir='ltr'><strong>videbanturpcsse</strong></span> <span class='ocrx_word' id='word_1_442' title='bbox 503 3217 684 3275; x_wconf 78' lang='lat' dir='ltr'><strong>linirizdant</strong></span> <span class='ocrx_word' id='word_1_443' title='bbox 696 3218 816 3291; x_wconf 87' lang='lat' dir='ltr'><strong>signaet</strong></span> <span class='ocrx_word' id='word_1_444' title='bbox 830 3225 969 3295; x_wconf 78' lang='lat' dir='ltr'><strong>tympana</strong></span> <span class='ocrx_word' id='word_1_445' title='bbox 1022 3217 1108 3291; x_wconf 79' lang='lat' dir='ltr'><strong>picae</strong></span> <span class='ocrx_word' id='word_1_446' title='bbox 1130 3215 1228 3289; x_wconf 77' lang='lat' dir='ltr'><strong>gratie</strong></span> <span class='ocrx_word' id='word_1_447' title='bbox 1259 3214 1405 3271; x_wconf 69' lang='lat' dir='ltr'><strong>arcimbat</strong></span> <span class='ocrx_word' id='word_1_448' title='bbox 1426 3231 1528 3272; x_wconf 86' lang='lat' dir='ltr'><strong>omnes</strong></span> <span class='ocrx_word' id='word_1_449' title='bbox 1556 3230 1652 3288; x_wconf 90' lang='lat' dir='ltr'><strong>usqne</strong></span> <span class='ocrx_word' id='word_1_450' title='bbox 1687 3219 1726 3274; x_wconf 90' lang='lat' dir='ltr'><strong>ad</strong></span> <span class='ocrx_word' id='word_1_451' title='bbox 1758 3219 1844 3275; x_wconf 87' lang='lat' dir='ltr'><strong>littora</strong></span> 
     </span>
     <span class='ocr_line' id='line_1_35' title="bbox 143 3304 1843 3380; baseline 0.002 -21"><span class='ocrx_word' id='word_1_452' title='bbox 143 3319 243 3360; x_wconf 83' lang='lat' dir='ltr'><strong>vocem</strong></span> <span class='ocrx_word' id='word_1_453' title='bbox 267 3321 360 3368; x_wconf 91' lang='lat' dir='ltr'><strong>suam,</strong></span> <span class='ocrx_word' id='word_1_454' title='bbox 375 3307 578 3379; x_wconf 86' lang='lat' dir='ltr'><strong>concrepantia</strong></span> <span class='ocrx_word' id='word_1_455' title='bbox 598 3309 719 3380; x_wconf 88' lang='lat' dir='ltr'><strong>gloriam</strong></span> <span class='ocrx_word' id='word_1_456' title='bbox 735 3308 860 3365; x_wconf 84' lang='lat' dir='ltr'><strong>victorie</strong></span> <span class='ocrx_word' id='word_1_457' title='bbox 876 3311 926 3366; x_wconf 84' lang='lat' dir='ltr'><strong>Dei</strong></span> <span class='ocrx_word' id='word_1_458' title='bbox 940 3314 969 3368; x_wconf 91' lang='lat' dir='ltr'><strong>et</strong></span> <span class='ocrx_word' id='word_1_459' title='bbox 1023 3304 1138 3374; x_wconf 88' lang='lat' dir='ltr'><strong>Oceani,</strong></span> <span class='ocrx_word' id='word_1_460' title='bbox 1152 3309 1182 3363; x_wconf 91' lang='lat' dir='ltr'><strong>et</strong></span> <span class='ocrx_word' id='word_1_461' title='bbox 1197 3305 1274 3377; x_wconf 90' lang='lat' dir='ltr'><strong>ripas</strong></span> <span class='ocrx_word' id='word_1_462' title='bbox 1289 3304 1392 3373; x_wconf 84' lang='lat' dir='ltr'><strong>ithaci,</strong></span> <span class='ocrx_word' id='word_1_463' title='bbox 1408 3308 1437 3361; x_wconf 92' lang='lat' dir='ltr'><strong>et</strong></span> <span class='ocrx_word' id='word_1_464' title='bbox 1462 3310 1606 3377; x_wconf 85' lang='lat' dir='ltr'><strong>quotquot</strong></span> <span class='ocrx_word' id='word_1_465' title='bbox 1631 3308 1793 3365; x_wconf 86' lang='lat' dir='ltr'><strong>veniebant</strong></span> <span class='ocrx_word' id='word_1_466' title='bbox 1805 3325 1843 3364; x_wconf 85' lang='lat' dir='ltr'><strong>sa·</strong></span> 
     </span>
     <span class='ocr_line' id='line_1_36' title="bbox 143 3392 1176 3470; baseline 0.001 -21"><span class='ocrx_word' id='word_1_467' title='bbox 143 3392 276 3449; x_wconf 88' lang='lat' dir='ltr'><strong>certatim</strong></span> <span class='ocrx_word' id='word_1_468' title='bbox 292 3393 485 3464; x_wconf 88' lang='lat' dir='ltr'><strong>concinentia,</strong></span> <span class='ocrx_word' id='word_1_469' title='bbox 502 3395 654 3466; x_wconf 89' lang='lat' dir='ltr'><strong>concipere</strong></span> <span class='ocrx_word' id='word_1_470' title='bbox 665 3397 969 3470; x_wconf 82' lang='lat' dir='ltr'><strong>ncrumspiritum,st</strong></span> <span class='ocrx_word' id='word_1_471' title='bbox 1022 3395 1176 3451; x_wconf 81' lang='lat' dir='ltr'><strong>dabantur.</strong></span> 
     </span>
    </p>

    <p class='ocr_par' dir='ltr' id='par_1_8' title="bbox 143 3479 1643 3560">
     <span class='ocr_line' id='line_1_37' title="bbox 143 3479 1643 3560; baseline 0.009 -26"><span class='ocrx_word' id='word_1_472' title='bbox 143 3479 265 3536; x_wconf 83' lang='lat' dir='ltr'><strong>tremere</strong></span> <span class='ocrx_word' id='word_1_473' title='bbox 279 3480 427 3537; x_wconf 84' lang='lat' dir='ltr'><strong>Christum</strong></span> <span class='ocrx_word' id='word_1_474' title='bbox 444 3482 474 3537; x_wconf 91' lang='lat' dir='ltr'><strong>in</strong></span> <span class='ocrx_word' id='word_1_475' title='bbox 500 3483 637 3540; x_wconf 91' lang='lat' dir='ltr'><strong>cordibus</strong></span> <span class='ocrx_word' id='word_1_476' title='bbox 658 3484 789 3541; x_wconf 75' lang='lat' dir='ltr'><strong>fidelium</strong></span> <span class='ocrx_word' id='word_1_477' title='bbox 816 3487 910 3560; x_wconf 86' lang='lat' dir='ltr'><strong>magis</strong></span> <span class='ocrx_word' id='word_1_478' title='bbox 934 3505 967 3546; x_wconf 89' lang='lat' dir='ltr'><strong>ac</strong></span> <span class='ocrx_word' id='word_1_479' title='bbox 1225 3483 1272 3540; x_wconf 86' lang='lat' dir='ltr'><strong>Vl·</strong></span> <span class='ocrx_word' id='word_1_480' title='bbox 1289 3484 1398 3554; x_wconf 69' lang='lat' dir='ltr'><strong>Oscula</strong></span> <span class='ocrx_word' id='word_1_481' title='bbox 1411 3482 1517 3541; x_wconf 84' lang='lat' dir='ltr'><strong>deoott&#39;o</strong></span> <span class='ocrx_word' id='word_1_482' title='bbox 1530 3484 1643 3556; x_wconf 67' lang='lat' dir='ltr'><strong>popvli·</strong></span> 
     </span>
    </p>
   </div>
   <div class='ocr_carea' id='block_1_5' title="bbox 42 3567 1845 3655">
    <p class='ocr_par' dir='ltr' id='par_1_9' title="bbox 42 3567 1845 3655">
     <span class='ocr_line' id='line_1_38' title="bbox 42 3567 1845 3655; baseline 0.004 -31"><span class='ocrx_word' id='word_1_483' title='bbox 42 3642 46 3655; x_wconf 90' lang='lat'><strong>.</strong></span> <span class='ocrx_word' id='word_1_484' title='bbox 143 3567 237 3641; x_wconf 90' lang='lat' dir='ltr'><strong>magis</strong></span> <span class='ocrx_word' id='word_1_485' title='bbox 262 3568 463 3627; x_wconf 87' lang='lat' dir='ltr'><strong>adhortantur.</strong></span> <span class='ocrx_word' id='word_1_486' title='bbox 480 3570 552 3637; x_wconf 79' lang='lat' dir='ltr'><strong>Quis</strong></span> <span class='ocrx_word' id='word_1_487' title='bbox 572 3575 643 3630; x_wconf 91' lang='lat' dir='ltr'><strong>tunc</strong></span> <span class='ocrx_word' id='word_1_488' title='bbox 657 3574 812 3632; x_wconf 84' lang='lat' dir='ltr'><strong>cessavita</strong></span> <span class='ocrx_word' id='word_1_489' title='bbox 829 3575 966 3634; x_wconf 85' lang='lat' dir='ltr'><strong>laudibus</strong></span> <span class='ocrx_word' id='word_1_490' title='bbox 1056 3574 1097 3631; x_wconf 87' lang='lat' dir='ltr'><strong>De</strong></span> <span class='ocrx_word' id='word_1_491' title='bbox 1112 3573 1211 3647; x_wconf 92' lang='lat' dir='ltr'><strong>popcli</strong></span> <span class='ocrx_word' id='word_1_492' title='bbox 1222 3589 1290 3631; x_wconf 82' lang='lat' dir='ltr'><strong>vero</strong></span> <span class='ocrx_word' id='word_1_493' title='bbox 1304 3572 1459 3631; x_wconf 83' lang='lat' dir='ltr'><strong>dovotione</strong></span> <span class='ocrx_word' id='word_1_494' title='bbox 1472 3579 1500 3629; x_wconf 87' lang='lat' dir='ltr'><strong>et</strong></span> <span class='ocrx_word' id='word_1_495' title='bbox 1513 3573 1549 3630; x_wconf 90' lang='lat' dir='ltr'><strong>de</strong></span> <span class='ocrx_word' id='word_1_496' title='bbox 1561 3590 1716 3632; x_wconf 91' lang='lat' dir='ltr'><strong>concursu</strong></span> <span class='ocrx_word' id='word_1_497' title='bbox 1732 3585 1761 3633; x_wconf 88' lang='lat' dir='ltr'><strong>et</strong></span> <span class='ocrx_word' id='word_1_498' title='bbox 1775 3593 1845 3633; x_wconf 81' lang='lat' dir='ltr'><strong>rere·</strong></span> 
     </span>
    </p>
   </div>
   <div class='ocr_carea' id='block_1_6' title="bbox 141 3656 1848 4371">
    <p class='ocr_par' dir='ltr' id='par_1_10' title="bbox 141 3656 1848 4092">
     <span class='ocr_line' id='line_1_39' title="bbox 141 3656 1844 3737; baseline 0.005 -24"><span class='ocrx_word' id='word_1_499' title='bbox 141 3656 259 3728; x_wconf 86' lang='lat' dir='ltr'><strong>Christi,</strong></span> <span class='ocrx_word' id='word_1_500' title='bbox 275 3663 304 3715; x_wconf 90' lang='lat' dir='ltr'><strong>et</strong></span> <span class='ocrx_word' id='word_1_501' title='bbox 316 3663 400 3717; x_wconf 91' lang='lat' dir='ltr'><strong>tcum</strong></span> <span class='ocrx_word' id='word_1_502' title='bbox 416 3676 533 3728; x_wconf 92' lang='lat' dir='ltr'><strong>ocmon,</strong></span> <span class='ocrx_word' id='word_1_503' title='bbox 545 3661 672 3734; x_wconf 85' lang='lat' dir='ltr'><strong>gloriosa</strong></span> <span class='ocrx_word' id='word_1_504' title='bbox 686 3664 784 3737; x_wconf 87' lang='lat' dir='ltr'><strong>Virgo,</strong></span> <span class='ocrx_word' id='word_1_505' title='bbox 800 3668 969 3737; x_wconf 87' lang='lat' dir='ltr'><strong>qnotieere·</strong></span> <span class='ocrx_word' id='word_1_506' title='bbox 1021 3663 1114 3721; x_wconf 87' lang='lat' dir='ltr'><strong>rantis</strong></span> <span class='ocrx_word' id='word_1_507' title='bbox 1128 3661 1335 3721; x_wconf 86' lang='lat' dir='ltr'><strong>innumerabili</strong></span> <span class='ocrx_word' id='word_1_508' title='bbox 1345 3663 1473 3720; x_wconf 86' lang='lat' dir='ltr'><strong>virorum</strong></span> <span class='ocrx_word' id='word_1_509' title='bbox 1489 3677 1523 3720; x_wconf 81' lang='lat' dir='ltr'><strong>cc</strong></span> <span class='ocrx_word' id='word_1_510' title='bbox 1538 3662 1715 3732; x_wconf 87' lang='lat' dir='ltr'><strong>mulierum,</strong></span> <span class='ocrx_word' id='word_1_511' title='bbox 1725 3667 1844 3723; x_wconf 82' lang='lat' dir='ltr'><strong>divitum</strong></span> 
     </span>
     <span class='ocr_line' id='line_1_40' title="bbox 142 3746 1845 3829; baseline 0.015 -26"><span class='ocrx_word' id='word_1_512' title='bbox 142 3746 294 3819; x_wconf 89' lang='lat' dir='ltr'><strong>plicatum,</strong></span> <span class='ocrx_word' id='word_1_513' title='bbox 310 3749 425 3820; x_wconf 89' lang='lat' dir='ltr'><strong>quoties</strong></span> <span class='ocrx_word' id='word_1_514' title='bbox 447 3749 640 3809; x_wconf 89' lang='lat' dir='ltr'><strong>inclamatum</strong></span> <span class='ocrx_word' id='word_1_515' title='bbox 659 3756 727 3810; x_wconf 79' lang='lat' dir='ltr'><strong>est?</strong></span> <span class='ocrx_word' id='word_1_516' title='bbox 750 3754 884 3812; x_wconf 83' lang='lat' dir='ltr'><strong>Clemens</strong></span> <span class='ocrx_word' id='word_1_517' title='bbox 908 3757 966 3814; x_wconf 90' lang='lat' dir='ltr'><strong>Dc·</strong></span> <span class='ocrx_word' id='word_1_518' title='bbox 1018 3758 1048 3810; x_wconf 87' lang='lat' dir='ltr'><strong>et</strong></span> <span class='ocrx_word' id='word_1_519' title='bbox 1072 3769 1244 3826; x_wconf 68' lang='lat' dir='ltr'><strong>pauperum,</strong></span> <span class='ocrx_word' id='word_1_520' title='bbox 1270 3768 1385 3822; x_wconf 68' lang='lat' dir='ltr'><strong>mum,</strong></span> <span class='ocrx_word' id='word_1_521' title='bbox 1406 3753 1559 3824; x_wconf 63' lang='lat' dir='ltr'><strong>intimum,</strong></span> <span class='ocrx_word' id='word_1_522' title='bbox 1582 3769 1761 3825; x_wconf 60' lang='lat' dir='ltr'><strong>lumime</strong></span> <span class='ocrx_word' id='word_1_523' title='bbox 1784 3757 1845 3829; x_wconf 84' lang='lat' dir='ltr'><strong>qcis</strong></span> 
     </span>
     <span class='ocr_line' id='line_1_41' title="bbox 142 3836 1846 3916; baseline 0.005 -25"><span class='ocrx_word' id='word_1_524' title='bbox 142 3836 231 3907; x_wconf 87' lang='lat' dir='ltr'><strong>mina,</strong></span> <span class='ocrx_word' id='word_1_525' title='bbox 244 3837 352 3894; x_wconf 88' lang='lat' dir='ltr'><strong>dictum</strong></span> <span class='ocrx_word' id='word_1_526' title='bbox 369 3844 414 3896; x_wconf 90' lang='lat' dir='ltr'><strong>est</strong></span> <span class='ocrx_word' id='word_1_527' title='bbox 427 3839 544 3907; x_wconf 88' lang='lat' dir='ltr'><strong>millies,</strong></span> <span class='ocrx_word' id='word_1_528' title='bbox 561 3843 608 3913; x_wconf 87' lang='lat' dir='ltr'><strong>pia</strong></span> <span class='ocrx_word' id='word_1_529' title='bbox 631 3847 660 3900; x_wconf 90' lang='lat' dir='ltr'><strong>et</strong></span> <span class='ocrx_word' id='word_1_530' title='bbox 684 3844 808 3916; x_wconf 87' lang='lat' dir='ltr'><strong>propitia</strong></span> <span class='ocrx_word' id='word_1_531' title='bbox 831 3853 859 3902; x_wconf 88' lang='lat' dir='ltr'><strong>et</strong></span> <span class='ocrx_word' id='word_1_532' title='bbox 882 3845 965 3904; x_wconf 85' lang='lat' dir='ltr'><strong>beata</strong></span> <span class='ocrx_word' id='word_1_533' title='bbox 1019 3843 1138 3899; x_wconf 88' lang='lat' dir='ltr'><strong>cuderet</strong></span> <span class='ocrx_word' id='word_1_534' title='bbox 1159 3839 1203 3897; x_wconf 85' lang='lat' dir='ltr'><strong>vel</strong></span> <span class='ocrx_word' id='word_1_535' title='bbox 1227 3840 1365 3898; x_wconf 89' lang='lat' dir='ltr'><strong>inchoare</strong></span> <span class='ocrx_word' id='word_1_536' title='bbox 1389 3839 1613 3897; x_wconf 81' lang='lat' dir='ltr'><strong>narrationem?</strong></span> <span class='ocrx_word' id='word_1_537' title='bbox 1636 3842 1713 3909; x_wconf 85' lang='lat' dir='ltr'><strong>Quis</strong></span> <span class='ocrx_word' id='word_1_538' title='bbox 1738 3848 1846 3900; x_wconf 87' lang='lat' dir='ltr'><strong>teneras</strong></span> 
     </span>
     <span class='ocr_line' id='line_1_42' title="bbox 141 3924 1844 4002; baseline 0.006 -25"><span class='ocrx_word' id='word_1_539' title='bbox 141 3924 240 3993; x_wconf 84' lang='lat' dir='ltr'><strong>Virgo,</strong></span> <span class='ocrx_word' id='word_1_540' title='bbox 250 3927 437 3982; x_wconf 81' lang='lat' dir='ltr'><strong>vociferatum</strong></span> <span class='ocrx_word' id='word_1_541' title='bbox 454 3932 500 3983; x_wconf 88' lang='lat' dir='ltr'><strong>est</strong></span> <span class='ocrx_word' id='word_1_542' title='bbox 514 3928 610 3985; x_wconf 89' lang='lat' dir='ltr'><strong>decies</strong></span> <span class='ocrx_word' id='word_1_543' title='bbox 626 3929 743 3989; x_wconf 88' lang='lat' dir='ltr'><strong>millies.</strong></span> <span class='ocrx_word' id='word_1_544' title='bbox 1018 3938 1047 3987; x_wconf 89' lang='lat' dir='ltr'><strong>et</strong></span> <span class='ocrx_word' id='word_1_545' title='bbox 1060 3930 1200 3988; x_wconf 79' lang='lat' dir='ltr'><strong>delicatas</strong></span> <span class='ocrx_word' id='word_1_546' title='bbox 1215 3946 1354 4002; x_wconf 85' lang='lat' dir='ltr'><strong>personas</strong></span> <span class='ocrx_word' id='word_1_547' title='bbox 1366 3946 1424 3987; x_wconf 90' lang='lat' dir='ltr'><strong>non</strong></span> <span class='ocrx_word' id='word_1_548' title='bbox 1435 3927 1531 3986; x_wconf 88' lang='lat' dir='ltr'><strong>solnm</strong></span> <span class='ocrx_word' id='word_1_549' title='bbox 1541 3929 1687 3997; x_wconf 86' lang='lat' dir='ltr'><strong>virorum,</strong></span> <span class='ocrx_word' id='word_1_550' title='bbox 1698 3934 1752 3989; x_wconf 83' lang='lat' dir='ltr'><strong>aed</strong></span> <span class='ocrx_word' id='word_1_551' title='bbox 1764 3935 1844 3990; x_wconf 85' lang='lat' dir='ltr'><strong>ctiam</strong></span> 
     </span>
     <span class='ocr_line' id='line_1_43' title="bbox 297 4014 1848 4092; baseline 0.005 -23"><span class='ocrx_word' id='word_1_552' title='bbox 297 4014 332 4070; x_wconf 92' lang='lat' dir='ltr'><strong>ll.</strong></span> <span class='ocrx_word' id='word_1_553' title='bbox 349 4015 386 4070; x_wconf 87' lang='lat' dir='ltr'><strong>lle</strong></span> <span class='ocrx_word' id='word_1_554' title='bbox 408 4016 473 4073; x_wconf 81' lang='lat' dir='ltr'><strong>cisia</strong></span> <span class='ocrx_word' id='word_1_555' title='bbox 489 4019 586 4089; x_wconf 81' lang='lat' dir='ltr'><strong>pridie</strong></span> <span class='ocrx_word' id='word_1_556' title='bbox 604 4018 803 4090; x_wconf 81' lang='lat' dir='ltr'><strong>splendoribus.</strong></span> <span class='ocrx_word' id='word_1_557' title='bbox 1017 4018 1311 4086; x_wconf 87' lang='lat' dir='ltr'><strong>adolescentularum,</strong></span> <span class='ocrx_word' id='word_1_558' title='bbox 1327 4018 1439 4075; x_wconf 87' lang='lat' dir='ltr'><strong>duratis</strong></span> <span class='ocrx_word' id='word_1_559' title='bbox 1450 4018 1584 4089; x_wconf 86' lang='lat' dir='ltr'><strong>pedibus,</strong></span> <span class='ocrx_word' id='word_1_560' title='bbox 1603 4019 1634 4075; x_wconf 91' lang='lat' dir='ltr'><strong>in</strong></span> <span class='ocrx_word' id='word_1_561' title='bbox 1649 4020 1848 4092; x_wconf 83' lang='lat' dir='ltr'><strong>patientielri·</strong></span> 
     </span>
    </p>

    <p class='ocr_par' dir='ltr' id='par_1_11' title="bbox 141 4102 1848 4371">
     <span class='ocr_line' id='line_1_44' title="bbox 175 4102 1845 4183; baseline 0.005 -25"><span class='ocrx_word' id='word_1_562' title='bbox 175 4102 265 4159; x_wconf 86' lang='lat' dir='ltr'><strong>Aiunt</strong></span> <span class='ocrx_word' id='word_1_563' title='bbox 279 4119 297 4159; x_wconf 87' lang='lat' dir='ltr'><strong>a</strong></span> <span class='ocrx_word' id='word_1_564' title='bbox 310 4104 487 4175; x_wconf 86' lang='lat' dir='ltr'><strong>quibusdam</strong></span> <span class='ocrx_word' id='word_1_565' title='bbox 502 4122 536 4162; x_wconf 83' lang='lat' dir='ltr'><strong>en</strong></span> <span class='ocrx_word' id='word_1_566' title='bbox 552 4106 757 4177; x_wconf 86' lang='lat' dir='ltr'><strong>languentibus</strong></span> <span class='ocrx_word' id='word_1_567' title='bbox 773 4109 864 4180; x_wconf 90' lang='lat' dir='ltr'><strong>pridie</strong></span> <span class='ocrx_word' id='word_1_568' title='bbox 874 4110 964 4183; x_wconf 83' lang='lat' dir='ltr'><strong>hujus</strong></span> <span class='ocrx_word' id='word_1_569' title='bbox 1018 4110 1098 4183; x_wconf 87' lang='lat' dir='ltr'><strong>geris</strong></span> <span class='ocrx_word' id='word_1_570' title='bbox 1113 4108 1279 4177; x_wconf 83' lang='lat' dir='ltr'><strong>striarum,</strong></span> <span class='ocrx_word' id='word_1_571' title='bbox 1295 4111 1432 4181; x_wconf 89' lang='lat' dir='ltr'><strong>superato</strong></span> <span class='ocrx_word' id='word_1_572' title='bbox 1447 4108 1543 4179; x_wconf 89' lang='lat' dir='ltr'><strong>rigore</strong></span> <span class='ocrx_word' id='word_1_573' title='bbox 1553 4106 1679 4165; x_wconf 87' lang='lat' dir='ltr'><strong>hiemali</strong></span> <span class='ocrx_word' id='word_1_574' title='bbox 1695 4115 1729 4166; x_wconf 90' lang='lat' dir='ltr'><strong>et</strong></span> <span class='ocrx_word' id='word_1_575' title='bbox 1742 4113 1845 4182; x_wconf 85' lang='lat' dir='ltr'><strong>esperi-</strong></span> 
     </span>
     <span class='ocr_line' id='line_1_45' title="bbox 141 4189 1844 4269; baseline 0.005 -22"><span class='ocrx_word' id='word_1_576' title='bbox 141 4189 273 4248; x_wconf 89' lang='lat' dir='ltr'><strong>benetlcii</strong></span> <span class='ocrx_word' id='word_1_577' title='bbox 283 4193 399 4250; x_wconf 87' lang='lat' dir='ltr'><strong>coelitus</strong></span> <span class='ocrx_word' id='word_1_578' title='bbox 409 4194 472 4251; x_wconf 88' lang='lat' dir='ltr'><strong>dari</strong></span> <span class='ocrx_word' id='word_1_579' title='bbox 483 4195 561 4252; x_wconf 85' lang='lat' dir='ltr'><strong>visas</strong></span> <span class='ocrx_word' id='word_1_580' title='bbox 580 4211 645 4252; x_wconf 85' lang='lat' dir='ltr'><strong>cese</strong></span> <span class='ocrx_word' id='word_1_581' title='bbox 660 4194 804 4255; x_wconf 87' lang='lat' dir='ltr'><strong>claritates</strong></span> <span class='ocrx_word' id='word_1_582' title='bbox 819 4199 964 4269; x_wconf 88' lang='lat' dir='ltr'><strong>copiosas,</strong></span> <span class='ocrx_word' id='word_1_583' title='bbox 1020 4203 1078 4257; x_wconf 89' lang='lat' dir='ltr'><strong>tate</strong></span> <span class='ocrx_word' id='word_1_584' title='bbox 1102 4198 1215 4255; x_wconf 88' lang='lat' dir='ltr'><strong>itineris</strong></span> <span class='ocrx_word' id='word_1_585' title='bbox 1237 4195 1543 4269; x_wconf 66' lang='lat' dir='ltr'><strong>praecursoresque</strong></span> <span class='ocrx_word' id='word_1_586' title='bbox 1569 4203 1724 4255; x_wconf 82' lang='lat' dir='ltr'><strong>servatam</strong></span> <span class='ocrx_word' id='word_1_587' title='bbox 1742 4201 1844 4257; x_wconf 90' lang='lat' dir='ltr'><strong>mcndc</strong></span> 
     </span>
     <span class='ocr_line' id='line_1_46' title="bbox 141 4281 1848 4371; baseline 0.006 -35"><span class='ocrx_word' id='word_1_588' title='bbox 141 4281 256 4338; x_wconf 85' lang='lat' dir='ltr'><strong>coetitns</strong></span> <span class='ocrx_word' id='word_1_589' title='bbox 272 4297 323 4353; x_wconf 92' lang='lat' dir='ltr'><strong>per</strong></span> <span class='ocrx_word' id='word_1_590' title='bbox 336 4281 480 4340; x_wconf 82' lang='lat' dir='ltr'><strong>fenestras</strong></span> <span class='ocrx_word' id='word_1_591' title='bbox 495 4284 622 4341; x_wconf 84' lang='lat' dir='ltr'><strong>ecclesie</strong></span> <span class='ocrx_word' id='word_1_592' title='bbox 634 4285 965 4360; x_wconf 81' lang='lat' dir='ltr'><strong>citreaeillspsas,quasi</strong></span> <span class='ocrx_word' id='word_1_593' title='bbox 979 4305 1003 4371; x_wconf 79' lang='lat'><strong>1)</strong></span> <span class='ocrx_word' id='word_1_594' title='bbox 1019 4296 1149 4348; x_wconf 90' lang='lat' dir='ltr'><strong>teneram</strong></span> <span class='ocrx_word' id='word_1_595' title='bbox 1165 4303 1282 4346; x_wconf 85' lang='lat' dir='ltr'><strong>carnem</strong></span> <span class='ocrx_word' id='word_1_596' title='bbox 1297 4287 1453 4343; x_wconf 79' lang='lat' dir='ltr'><strong>secandam</strong></span> <span class='ocrx_word' id='word_1_597' title='bbox 1465 4285 1564 4357; x_wconf 80' lang='lat' dir='ltr'><strong>frigori</strong></span> <span class='ocrx_word' id='word_1_598' title='bbox 1580 4289 1612 4342; x_wconf 90' lang='lat' dir='ltr'><strong>et</strong></span> <span class='ocrx_word' id='word_1_599' title='bbox 1632 4291 1848 4346; x_wconf 79' lang='lat' dir='ltr'><strong>cruentandam</strong></span> 
     </span>
    </p>
   </div>
   <div class='ocr_carea' id='block_1_7' title="bbox 43 4369 1847 4446">
    <p class='ocr_par' dir='ltr' id='par_1_12' title="bbox 43 4369 1847 4446">
     <span class='ocr_line' id='line_1_47' title="bbox 43 4369 1847 4446; baseline 0.007 -23"><span class='ocrx_word' id='word_1_600' title='bbox 43 4392 46 4397; x_wconf 93' lang='lat'>·</span> <span class='ocrx_word' id='word_1_601' title='bbox 142 4369 275 4440; x_wconf 77' lang='lat' dir='ltr'><strong>quaedam</strong></span> <span class='ocrx_word' id='word_1_602' title='bbox 292 4371 434 4442; x_wconf 70' lang='lat' dir='ltr'><strong>praeconia</strong></span> <span class='ocrx_word' id='word_1_603' title='bbox 448 4371 612 4445; x_wconf 88' lang='lat' dir='ltr'><strong>largitionis</strong></span> <span class='ocrx_word' id='word_1_604' title='bbox 625 4375 784 4446; x_wconf 86' lang='lat' dir='ltr'><strong>sequentis.</strong></span> <span class='ocrx_word' id='word_1_605' title='bbox 1018 4383 1094 4439; x_wconf 91' lang='lat' dir='ltr'><strong>idem</strong></span> <span class='ocrx_word' id='word_1_606' title='bbox 1121 4378 1298 4437; x_wconf 82' lang='lat' dir='ltr'><strong>sacrificium</strong></span> <span class='ocrx_word' id='word_1_607' title='bbox 1320 4383 1379 4434; x_wconf 87' lang='lat' dir='ltr'><strong>Dec</strong></span> <span class='ocrx_word' id='word_1_608' title='bbox 1405 4377 1539 4433; x_wconf 86' lang='lat' dir='ltr'><strong>devotum</strong></span> <span class='ocrx_word' id='word_1_609' title='bbox 1563 4376 1766 4436; x_wconf 81' lang='lat' dir='ltr'><strong>obtulerunt?</strong></span> <span class='ocrx_word' id='word_1_610' title='bbox 1780 4380 1847 4446; x_wconf 83' lang='lat' dir='ltr'><strong>Ouid</strong></span> 
     </span>
    </p>
   </div>
   <div class='ocr_carea' id='block_1_8' title="bbox 61 4459 1848 4898">
    <p class='ocr_par' dir='ltr' id='par_1_13' title="bbox 285 4459 1847 4540">
     <span class='ocr_line' id='line_1_48' title="bbox 285 4459 1847 4540; baseline 0.008 -26"><span class='ocrx_word' id='word_1_611' title='bbox 285 4459 331 4515; x_wconf 93' lang='lat' dir='ltr'><strong>lll.</strong></span> <span class='ocrx_word' id='word_1_612' title='bbox 352 4462 389 4516; x_wconf 85' lang='lat' dir='ltr'><strong>lle</strong></span> <span class='ocrx_word' id='word_1_613' title='bbox 411 4460 509 4533; x_wconf 80' lang='lat' dir='ltr'><strong>psello</strong></span> <span class='ocrx_word' id='word_1_614' title='bbox 529 4475 625 4520; x_wconf 86' lang='lat' dir='ltr'><strong>sonotc</strong></span> <span class='ocrx_word' id='word_1_615' title='bbox 641 4479 690 4535; x_wconf 81' lang='lat' dir='ltr'><strong>per</strong></span> <span class='ocrx_word' id='word_1_616' title='bbox 703 4481 822 4524; x_wconf 83' lang='lat' dir='ltr'><strong>soccum.</strong></span> <span class='ocrx_word' id='word_1_617' title='bbox 1018 4480 1089 4540; x_wconf 86' lang='lat' dir='ltr'><strong>erat,</strong></span> <span class='ocrx_word' id='word_1_618' title='bbox 1105 4469 1235 4533; x_wconf 85' lang='lat' dir='ltr'><strong>Domine,</strong></span> <span class='ocrx_word' id='word_1_619' title='bbox 1254 4469 1283 4524; x_wconf 94' lang='lat' dir='ltr'><strong>in</strong></span> <span class='ocrx_word' id='word_1_620' title='bbox 1307 4466 1445 4523; x_wconf 92' lang='lat' dir='ltr'><strong>cordibus</strong></span> <span class='ocrx_word' id='word_1_621' title='bbox 1466 4480 1580 4533; x_wconf 86' lang='lat' dir='ltr'><strong>aarum,</strong></span> <span class='ocrx_word' id='word_1_622' title='bbox 1596 4471 1736 4538; x_wconf 85' lang='lat' dir='ltr'><strong>quantus</strong></span> <span class='ocrx_word' id='word_1_623' title='bbox 1757 4474 1847 4532; x_wconf 86' lang='lat' dir='ltr'><strong>ardor.</strong></span> 
     </span>
    </p>

    <p class='ocr_par' dir='ltr' id='par_1_14' title="bbox 61 4551 1848 4898">
     <span class='ocr_line' id='line_1_49' title="bbox 177 4551 1848 4633; baseline 0.005 -30"><span class='ocrx_word' id='word_1_624' title='bbox 177 4551 290 4604; x_wconf 81' lang='lat' dir='ltr'><strong>Ausum</strong></span> <span class='ocrx_word' id='word_1_625' title='bbox 306 4551 392 4607; x_wconf 90' lang='lat' dir='ltr'><strong>etiam</strong></span> <span class='ocrx_word' id='word_1_626' title='bbox 409 4569 480 4608; x_wconf 90' lang='lat' dir='ltr'><strong>usus</strong></span> <span class='ocrx_word' id='word_1_627' title='bbox 496 4554 640 4626; x_wconf 87' lang='lat' dir='ltr'><strong>generetis</strong></span> <span class='ocrx_word' id='word_1_628' title='bbox 656 4555 962 4629; x_wconf 82' lang='lat' dir='ltr'><strong>munerispostulcudi</strong></span> <span class='ocrx_word' id='word_1_629' title='bbox 1018 4565 1129 4633; x_wconf 85' lang='lat' dir='ltr'><strong>quanta</strong></span> <span class='ocrx_word' id='word_1_630' title='bbox 1156 4558 1295 4627; x_wconf 86' lang='lat' dir='ltr'><strong>charitas,</strong></span> <span class='ocrx_word' id='word_1_631' title='bbox 1314 4560 1425 4628; x_wconf 89' lang='lat' dir='ltr'><strong>quante</strong></span> <span class='ocrx_word' id='word_1_632' title='bbox 1453 4553 1548 4611; x_wconf 85' lang='lat' dir='ltr'><strong>rabies</strong></span> <span class='ocrx_word' id='word_1_633' title='bbox 1571 4553 1748 4615; x_wconf 87' lang='lat' dir='ltr'><strong>dilectionis</strong></span> <span class='ocrx_word' id='word_1_634' title='bbox 1773 4558 1848 4616; x_wconf 79' lang='lat' dir='ltr'><strong>tusi</strong></span> 
     </span>
     <span class='ocr_line' id='line_1_50' title="bbox 141 4640 1846 4721; baseline 0.007 -28"><span class='ocrx_word' id='word_1_635' title='bbox 141 4654 250 4711; x_wconf 87' lang='lat' dir='ltr'><strong>paucos</strong></span> <span class='ocrx_word' id='word_1_636' title='bbox 266 4642 334 4696; x_wconf 87' lang='lat' dir='ltr'><strong>ente</strong></span> <span class='ocrx_word' id='word_1_637' title='bbox 352 4641 415 4697; x_wconf 88' lang='lat' dir='ltr'><strong>dies</strong></span> <span class='ocrx_word' id='word_1_638' title='bbox 431 4643 589 4712; x_wconf 81' lang='lat' dir='ltr'><strong>prebuerat</strong></span> <span class='ocrx_word' id='word_1_639' title='bbox 613 4643 742 4714; x_wconf 78' lang='lat' dir='ltr'><strong>oJcsdem</strong></span> <span class='ocrx_word' id='word_1_640' title='bbox 757 4644 890 4717; x_wconf 82' lang='lat' dir='ltr'><strong>gloriose</strong></span> <span class='ocrx_word' id='word_1_641' title='bbox 904 4647 963 4705; x_wconf 88' lang='lat' dir='ltr'><strong>vir·</strong></span> <span class='ocrx_word' id='word_1_642' title='bbox 1018 4649 1089 4714; x_wconf 81' lang='lat' dir='ltr'><strong>Quis</strong></span> <span class='ocrx_word' id='word_1_643' title='bbox 1108 4647 1252 4721; x_wconf 82' lang='lat' dir='ltr'><strong>lacrymas</strong></span> <span class='ocrx_word' id='word_1_644' title='bbox 1275 4653 1303 4701; x_wconf 90' lang='lat' dir='ltr'><strong>et</strong></span> <span class='ocrx_word' id='word_1_645' title='bbox 1321 4659 1420 4717; x_wconf 84' lang='lat' dir='ltr'><strong>preces</strong></span> <span class='ocrx_word' id='word_1_646' title='bbox 1442 4646 1471 4699; x_wconf 90' lang='lat' dir='ltr'><strong>et</strong></span> <span class='ocrx_word' id='word_1_647' title='bbox 1494 4640 1652 4700; x_wconf 78' lang='lat' dir='ltr'><strong>convulsos</strong></span> <span class='ocrx_word' id='word_1_648' title='bbox 1674 4645 1716 4701; x_wconf 89' lang='lat' dir='ltr'><strong>ab</strong></span> <span class='ocrx_word' id='word_1_649' title='bbox 1748 4647 1846 4704; x_wconf 88' lang='lat' dir='ltr'><strong>intimo</strong></span> 
     </span>
     <span class='ocr_line' id='line_1_51' title="bbox 140 4727 1845 4814; baseline 0.009 -34"><span class='ocrx_word' id='word_1_650' title='bbox 140 4727 216 4796; x_wconf 88' lang='lat' dir='ltr'><strong>ginis</strong></span> <span class='ocrx_word' id='word_1_651' title='bbox 230 4727 409 4801; x_wconf 87' lang='lat' dir='ltr'><strong>benignitas,</strong></span> <span class='ocrx_word' id='word_1_652' title='bbox 425 4730 523 4802; x_wconf 85' lang='lat' dir='ltr'><strong>puella</strong></span> <span class='ocrx_word' id='word_1_653' title='bbox 538 4732 665 4804; x_wconf 85' lang='lat' dir='ltr'><strong>quadam</strong></span> <span class='ocrx_word' id='word_1_654' title='bbox 687 4732 801 4805; x_wconf 87' lang='lat' dir='ltr'><strong>signata</strong></span> <span class='ocrx_word' id='word_1_655' title='bbox 816 4739 846 4790; x_wconf 89' lang='lat' dir='ltr'><strong>et</strong></span> <span class='ocrx_word' id='word_1_656' title='bbox 861 4740 963 4793; x_wconf 84' lang='lat' dir='ltr'><strong>sanate</strong></span> <span class='ocrx_word' id='word_1_657' title='bbox 1018 4741 1244 4814; x_wconf 76' lang='lat' dir='ltr'><strong>praecordiorum</strong></span> <span class='ocrx_word' id='word_1_658' title='bbox 1255 4737 1390 4812; x_wconf 86' lang='lat' dir='ltr'><strong>gemitus,</strong></span> <span class='ocrx_word' id='word_1_659' title='bbox 1401 4743 1428 4793; x_wconf 91' lang='lat' dir='ltr'><strong>et</strong></span> <span class='ocrx_word' id='word_1_660' title='bbox 1438 4734 1615 4809; x_wconf 72' lang='lat' dir='ltr'><strong>peanitentiae</strong></span> <span class='ocrx_word' id='word_1_661' title='bbox 1626 4737 1750 4809; x_wconf 88' lang='lat' dir='ltr'><strong>rugitus</strong></span> <span class='ocrx_word' id='word_1_662' title='bbox 1761 4741 1845 4807; x_wconf 86' lang='lat' dir='ltr'><strong>norit,</strong></span> 
     </span>
     <span class='ocr_line' id='line_1_52' title="bbox 61 4820 1844 4898; baseline 0.006 -27"><span class='ocrx_word' id='word_1_663' title='bbox 61 4835 65 4841; x_wconf 93' lang='lat'>·</span> <span class='ocrx_word' id='word_1_664' title='bbox 140 4832 192 4890; x_wconf 88' lang='lat' dir='ltr'><strong>per</strong></span> <span class='ocrx_word' id='word_1_665' title='bbox 207 4834 324 4875; x_wconf 85' lang='lat' dir='ltr'><strong>soccum</strong></span> <span class='ocrx_word' id='word_1_666' title='bbox 341 4820 473 4890; x_wconf 79' lang='lat' dir='ltr'><strong>eJusdem</strong></span> <span class='ocrx_word' id='word_1_667' title='bbox 490 4823 593 4878; x_wconf 86' lang='lat' dir='ltr'><strong>matris</strong></span> <span class='ocrx_word' id='word_1_668' title='bbox 608 4822 734 4887; x_wconf 83' lang='lat' dir='ltr'><strong>Domini,</strong></span> <span class='ocrx_word' id='word_1_669' title='bbox 750 4823 801 4895; x_wconf 92' lang='lat' dir='ltr'><strong>qui</strong></span> <span class='ocrx_word' id='word_1_670' title='bbox 816 4824 844 4880; x_wconf 92' lang='lat' dir='ltr'><strong>in</strong></span> <span class='ocrx_word' id='word_1_671' title='bbox 860 4824 961 4881; x_wconf 88' lang='lat' dir='ltr'><strong>cadem</strong></span> <span class='ocrx_word' id='word_1_672' title='bbox 1017 4823 1844 4898; x_wconf 82' lang='lat' dir='ltr'><strong>nisitcscios,llcmina,qolecsperSpiritcmsanctum</strong></span> 
     </span>
    </p>
   </div>
   <div class='ocr_carea' id='block_1_9' title="bbox 41 4909 1845 4995">
    <p class='ocr_par' dir='ltr' id='par_1_15' title="bbox 41 4909 1845 4995">
     <span class='ocr_line' id='line_1_53' title="bbox 41 4909 1845 4995; baseline 0.008 -34"><span class='ocrx_word' id='word_1_673' title='bbox 41 4990 44 4995; x_wconf 25' lang='grc' dir='ltr'>Ι</span> <span class='ocrx_word' id='word_1_674' title='bbox 139 4912 274 4964; x_wconf 85' lang='lat' dir='ltr'><strong>servator</strong></span> <span class='ocrx_word' id='word_1_675' title='bbox 294 4909 440 4965; x_wconf 88' lang='lat' dir='ltr'><strong>ecclesia:</strong></span> <span class='ocrx_word' id='word_1_676' title='bbox 465 4926 534 4966; x_wconf 89' lang='lat' dir='ltr'><strong>narn</strong></span> <span class='ocrx_word' id='word_1_677' title='bbox 559 4912 705 4968; x_wconf 81' lang='lat' dir='ltr'><strong>ldatbildis</strong></span> <span class='ocrx_word' id='word_1_678' title='bbox 730 4912 961 4983; x_wconf 78' lang='lat' dir='ltr'><strong>abbatiamque</strong></span> <span class='ocrx_word' id='word_1_679' title='bbox 1017 4925 1099 4976; x_wconf 89' lang='lat' dir='ltr'><strong>tuum</strong></span> <span class='ocrx_word' id='word_1_680' title='bbox 1128 4916 1289 4982; x_wconf 86' lang='lat' dir='ltr'><strong>novisti,et</strong></span> <span class='ocrx_word' id='word_1_681' title='bbox 1315 4912 1546 4971; x_wconf 90' lang='lat' dir='ltr'><strong>misericorditer</strong></span> <span class='ocrx_word' id='word_1_682' title='bbox 1571 4917 1757 4986; x_wconf 81' lang='lat' dir='ltr'><strong>suscepisti?</strong></span> <span class='ocrx_word' id='word_1_683' title='bbox 1780 4919 1845 4975; x_wconf 88' lang='lat' dir='ltr'><strong>Cor·</strong></span> 
     </span>
    </p>
   </div>
   <div class='ocr_carea' id='block_1_10' title="bbox 139 4997 1847 5615">
    <p class='ocr_par' dir='ltr' id='par_1_16' title="bbox 139 4997 1847 5615">
     <span class='ocr_line' id='line_1_54' title="bbox 141 4997 1844 5083; baseline -0.001 -18"><span class='ocrx_word' id='word_1_684' title='bbox 141 5004 209 5052; x_wconf 61' lang='lat'><strong>[⁰¹¹⁰</strong></span> <span class='ocrx_word' id='word_1_685' title='bbox 230 4997 256 5052; x_wconf 63' lang='lat' dir='ltr'><strong>el</strong></span> <span class='ocrx_word' id='word_1_686' title='bbox 281 4997 343 5056; x_wconf 78' lang='lat'><strong>¹⁰⁰⁰</strong></span> <span class='ocrx_word' id='word_1_687' title='bbox 367 5006 497 5071; x_wconf 61' lang='lat' dir='ltr'><strong>limiti,</strong></span> <span class='ocrx_word' id='word_1_688' title='bbox 513 5005 634 5073; x_wconf 63' lang='lat' dir='ltr'><strong>iterim</strong></span> <span class='ocrx_word' id='word_1_689' title='bbox 657 5001 909 5074; x_wconf 67' lang='lat' dir='ltr'><strong>importunitatem</strong></span> <span class='ocrx_word' id='word_1_690' title='bbox 933 5007 962 5059; x_wconf 78' lang='grc' dir='ltr'><strong>θῑ</strong></span> <span class='ocrx_word' id='word_1_691' title='bbox 1018 5009 1128 5083; x_wconf 88' lang='lat' dir='ltr'><strong>pcralic</strong></span> <span class='ocrx_word' id='word_1_692' title='bbox 1142 5007 1192 5080; x_wconf 89' lang='lat' dir='ltr'><strong>qul</strong></span> <span class='ocrx_word' id='word_1_693' title='bbox 1207 5005 1309 5063; x_wconf 83' lang='lat' dir='ltr'><strong>volout</strong></span> <span class='ocrx_word' id='word_1_694' title='bbox 1322 5002 1515 5074; x_wconf 81' lang='lat' dir='ltr'><strong>admirentur,</strong></span> <span class='ocrx_word' id='word_1_695' title='bbox 1530 5006 1564 5058; x_wconf 90' lang='lat' dir='ltr'><strong>ut</strong></span> <span class='ocrx_word' id='word_1_696' title='bbox 1579 5018 1647 5060; x_wconf 85' lang='lat' dir='ltr'><strong>vere</strong></span> <span class='ocrx_word' id='word_1_697' title='bbox 1658 5005 1780 5075; x_wconf 85' lang='lat' dir='ltr'><strong>justum</strong></span> <span class='ocrx_word' id='word_1_698' title='bbox 1795 5017 1844 5074; x_wconf 85' lang='lat' dir='ltr'><strong>est,</strong></span> 
     </span>
     <span class='ocr_line' id='line_1_55' title="bbox 139 5086 1847 5166; baseline 0 -25"><span class='ocrx_word' id='word_1_699' title='bbox 139 5086 292 5144; x_wconf 81' lang='lat' dir='ltr'><strong>stridorem</strong></span> <span class='ocrx_word' id='word_1_700' title='bbox 314 5089 422 5145; x_wconf 89' lang='lat' dir='ltr'><strong>assidui</strong></span> <span class='ocrx_word' id='word_1_701' title='bbox 437 5090 573 5147; x_wconf 86' lang='lat' dir='ltr'><strong>clamoris</strong></span> <span class='ocrx_word' id='word_1_702' title='bbox 606 5091 681 5162; x_wconf 87' lang='lat' dir='ltr'><strong>ejus,</strong></span> <span class='ocrx_word' id='word_1_703' title='bbox 696 5095 849 5164; x_wconf 86' lang='lat' dir='ltr'><strong>assumpto</strong></span> <span class='ocrx_word' id='word_1_704' title='bbox 873 5093 961 5148; x_wconf 81' lang='lat' dir='ltr'><strong>beate</strong></span> <span class='ocrx_word' id='word_1_705' title='bbox 1017 5098 1175 5166; x_wconf 80' lang='lat' dir='ltr'><strong>miracula;</strong></span> <span class='ocrx_word' id='word_1_706' title='bbox 1197 5110 1332 5154; x_wconf 80' lang='lat' dir='ltr'><strong>noscero</strong></span> <span class='ocrx_word' id='word_1_707' title='bbox 1354 5092 1478 5166; x_wconf 86' lang='lat' dir='ltr'><strong>gratiam</strong></span> <span class='ocrx_word' id='word_1_708' title='bbox 1501 5096 1582 5147; x_wconf 87' lang='lat' dir='ltr'><strong>tuem</strong></span> <span class='ocrx_word' id='word_1_709' title='bbox 1599 5094 1700 5165; x_wconf 88' lang='lat' dir='ltr'><strong>magis</strong></span> <span class='ocrx_word' id='word_1_710' title='bbox 1722 5098 1847 5154; x_wconf 78' lang='lat' dir='ltr'><strong>admira.</strong></span> 
     </span>
     <span class='ocr_line' id='line_1_56' title="bbox 140 5171 1846 5257; baseline 0.006 -26"><span class='ocrx_word' id='word_1_711' title='bbox 140 5175 266 5249; x_wconf 88' lang='lat' dir='ltr'><strong>Virginis</strong></span> <span class='ocrx_word' id='word_1_712' title='bbox 282 5196 377 5250; x_wconf 89' lang='lat' dir='ltr'><strong>acccc,</strong></span> <span class='ocrx_word' id='word_1_713' title='bbox 393 5182 535 5253; x_wconf 89' lang='lat' dir='ltr'><strong>processit</strong></span> <span class='ocrx_word' id='word_1_714' title='bbox 551 5199 748 5241; x_wconf 90' lang='lat' dir='ltr'><strong>unacumsuc</strong></span> <span class='ocrx_word' id='word_1_715' title='bbox 763 5185 913 5251; x_wconf 88' lang='lat' dir='ltr'><strong>comitatu,</strong></span> <span class='ocrx_word' id='word_1_716' title='bbox 933 5171 962 5241; x_wconf 78' lang='lat' dir='ltr'><strong>ct</strong></span> <span class='ocrx_word' id='word_1_717' title='bbox 1017 5204 1091 5257; x_wconf 90' lang='lat' dir='ltr'><strong>mur,</strong></span> <span class='ocrx_word' id='word_1_718' title='bbox 1111 5188 1241 5252; x_wconf 83' lang='lat' dir='ltr'><strong>bomine,</strong></span> <span class='ocrx_word' id='word_1_719' title='bbox 1255 5184 1287 5240; x_wconf 92' lang='lat' dir='ltr'><strong>in</strong></span> <span class='ocrx_word' id='word_1_720' title='bbox 1311 5180 1512 5256; x_wconf 86' lang='lat' dir='ltr'><strong>peccatoribus</strong></span> <span class='ocrx_word' id='word_1_721' title='bbox 1531 5184 1581 5236; x_wconf 89' lang='lat' dir='ltr'><strong>tuo</strong></span> <span class='ocrx_word' id='word_1_722' title='bbox 1605 5196 1719 5252; x_wconf 80' lang='lat' dir='ltr'><strong>pavore</strong></span> <span class='ocrx_word' id='word_1_723' title='bbox 1737 5195 1846 5244; x_wconf 86' lang='lat' dir='ltr'><strong>contar·</strong></span> 
     </span>
     <span class='ocr_line' id='line_1_57' title="bbox 140 5267 1846 5347; baseline 0.007 -28"><span class='ocrx_word' id='word_1_724' title='bbox 140 5282 208 5320; x_wconf 80' lang='lat' dir='ltr'><strong>mcx</strong></span> <span class='ocrx_word' id='word_1_725' title='bbox 221 5267 270 5322; x_wconf 94' lang='lat' dir='ltr'><strong>ubi</strong></span> <span class='ocrx_word' id='word_1_726' title='bbox 286 5271 402 5341; x_wconf 89' lang='lat' dir='ltr'><strong>signata</strong></span> <span class='ocrx_word' id='word_1_727' title='bbox 416 5276 461 5329; x_wconf 87' lang='lat' dir='ltr'><strong>eet</strong></span> <span class='ocrx_word' id='word_1_728' title='bbox 481 5272 618 5344; x_wconf 83' lang='lat' dir='ltr'><strong>predicta</strong></span> <span class='ocrx_word' id='word_1_729' title='bbox 632 5273 731 5347; x_wconf 89' lang='lat' dir='ltr'><strong>puella</strong></span> <span class='ocrx_word' id='word_1_730' title='bbox 755 5274 865 5347; x_wconf 88' lang='lat' dir='ltr'><strong>absque</strong></span> <span class='ocrx_word' id='word_1_731' title='bbox 881 5291 962 5331; x_wconf 80' lang='lat' dir='ltr'><strong>more</strong></span> <span class='ocrx_word' id='word_1_732' title='bbox 1016 5277 1093 5346; x_wconf 87' lang='lat' dir='ltr'><strong>ritis,</strong></span> <span class='ocrx_word' id='word_1_733' title='bbox 1107 5282 1137 5332; x_wconf 92' lang='lat' dir='ltr'><strong>et</strong></span> <span class='ocrx_word' id='word_1_734' title='bbox 1158 5275 1194 5330; x_wconf 87' lang='lat' dir='ltr'><strong>ad</strong></span> <span class='ocrx_word' id='word_1_735' title='bbox 1216 5275 1350 5330; x_wconf 85' lang='lat' dir='ltr'><strong>devotam</strong></span> <span class='ocrx_word' id='word_1_736' title='bbox 1371 5269 1571 5343; x_wconf 78' lang='lat' dir='ltr'><strong>penitentiam</strong></span> <span class='ocrx_word' id='word_1_737' title='bbox 1586 5272 1756 5343; x_wconf 79' lang='lat' dir='ltr'><strong>conversis,</strong></span> <span class='ocrx_word' id='word_1_738' title='bbox 1771 5283 1799 5330; x_wconf 89' lang='lat' dir='ltr'><strong>ct</strong></span> <span class='ocrx_word' id='word_1_739' title='bbox 1814 5277 1846 5330; x_wconf 87' lang='lat' dir='ltr'><strong>dc</strong></span> 
     </span>
     <span class='ocr_line' id='line_1_58' title="bbox 141 5355 1846 5434; baseline 0.005 -24"><span class='ocrx_word' id='word_1_740' title='bbox 141 5355 238 5423; x_wconf 81' lang='lat' dir='ltr'><strong>itigatc</strong></span> <span class='ocrx_word' id='word_1_741' title='bbox 253 5356 361 5426; x_wconf 88' lang='lat' dir='ltr'><strong>dolore,</strong></span> <span class='ocrx_word' id='word_1_742' title='bbox 376 5362 519 5418; x_wconf 87' lang='lat' dir='ltr'><strong>suavitate</strong></span> <span class='ocrx_word' id='word_1_743' title='bbox 534 5367 650 5434; x_wconf 85' lang='lat' dir='ltr'><strong>recepta</strong></span> <span class='ocrx_word' id='word_1_744' title='bbox 668 5363 824 5431; x_wconf 88' lang='lat' dir='ltr'><strong>convaluit,</strong></span> <span class='ocrx_word' id='word_1_745' title='bbox 841 5367 871 5419; x_wconf 92' lang='lat' dir='ltr'><strong>et</strong></span> <span class='ocrx_word' id='word_1_746' title='bbox 894 5364 961 5420; x_wconf 91' lang='lat' dir='ltr'><strong>binc</strong></span> <span class='ocrx_word' id='word_1_747' title='bbox 1016 5371 1206 5422; x_wconf 89' lang='lat' dir='ltr'><strong>monumento</strong></span> <span class='ocrx_word' id='word_1_748' title='bbox 1216 5360 1299 5433; x_wconf 80' lang='lat' dir='ltr'><strong>quast</strong></span> <span class='ocrx_word' id='word_1_749' title='bbox 1310 5357 1548 5426; x_wconf 86' lang='lat' dir='ltr'><strong>suscitatis,etcb</strong></span> <span class='ocrx_word' id='word_1_750' title='bbox 1561 5358 1740 5416; x_wconf 81' lang='lat' dir='ltr'><strong>memoriam</strong></span> <span class='ocrx_word' id='word_1_751' title='bbox 1750 5363 1846 5432; x_wconf 78' lang='lat' dir='ltr'><strong>grette</strong></span> 
     </span>
     <span class='ocr_line' id='line_1_59' title="bbox 139 5444 1846 5527; baseline 0.005 -27"><span class='ocrx_word' id='word_1_752' title='bbox 139 5444 259 5515; x_wconf 87' lang='lat' dir='ltr'><strong>prciusa</strong></span> <span class='ocrx_word' id='word_1_753' title='bbox 274 5445 452 5518; x_wconf 88' lang='lat' dir='ltr'><strong>benignitate</strong></span> <span class='ocrx_word' id='word_1_754' title='bbox 463 5453 630 5510; x_wconf 88' lang='lat' dir='ltr'><strong>beatissima</strong></span> <span class='ocrx_word' id='word_1_755' title='bbox 642 5456 731 5527; x_wconf 83' lang='lat' dir='ltr'><strong>Virgo</strong></span> <span class='ocrx_word' id='word_1_756' title='bbox 742 5460 834 5511; x_wconf 89' lang='lat' dir='ltr'><strong>mater</strong></span> <span class='ocrx_word' id='word_1_757' title='bbox 844 5453 959 5525; x_wconf 86' lang='lat' dir='ltr'><strong>pietatis</strong></span> <span class='ocrx_word' id='word_1_758' title='bbox 1016 5468 1076 5510; x_wconf 87' lang='lat' dir='ltr'><strong>ccc</strong></span> <span class='ocrx_word' id='word_1_759' title='bbox 1095 5451 1218 5522; x_wconf 86' lang='lat' dir='ltr'><strong>ingratis</strong></span> <span class='ocrx_word' id='word_1_760' title='bbox 1235 5447 1372 5521; x_wconf 80' lang='lat' dir='ltr'><strong>lacrymis</strong></span> <span class='ocrx_word' id='word_1_761' title='bbox 1387 5450 1417 5503; x_wconf 89' lang='lat' dir='ltr'><strong>et</strong></span> <span class='ocrx_word' id='word_1_762' title='bbox 1430 5444 1599 5502; x_wconf 87' lang='lat' dir='ltr'><strong>bumilitate</strong></span> <span class='ocrx_word' id='word_1_763' title='bbox 1621 5444 1653 5501; x_wconf 92' lang='lat' dir='ltr'><strong>in</strong></span> <span class='ocrx_word' id='word_1_764' title='bbox 1679 5450 1735 5503; x_wconf 89' lang='lat' dir='ltr'><strong>tnc</strong></span> <span class='ocrx_word' id='word_1_765' title='bbox 1750 5465 1846 5507; x_wconf 82' lang='lat' dir='ltr'><strong>amore</strong></span> 
     </span>
     <span class='ocr_line' id='line_1_60' title="bbox 139 5533 1843 5615; baseline 0.004 -26"><span class='ocrx_word' id='word_1_766' title='bbox 139 5537 279 5605; x_wconf 91' lang='lat' dir='ltr'><strong>quotquot</strong></span> <span class='ocrx_word' id='word_1_767' title='bbox 291 5535 441 5595; x_wconf 85' lang='lat' dir='ltr'><strong>veniebant</strong></span> <span class='ocrx_word' id='word_1_768' title='bbox 454 5557 505 5613; x_wconf 91' lang='lat' dir='ltr'><strong>per</strong></span> <span class='ocrx_word' id='word_1_769' title='bbox 514 5542 645 5611; x_wconf 85' lang='lat' dir='ltr'><strong>singulos</strong></span> <span class='ocrx_word' id='word_1_770' title='bbox 655 5543 718 5600; x_wconf 87' lang='lat' dir='ltr'><strong>diss</strong></span> <span class='ocrx_word' id='word_1_771' title='bbox 728 5542 960 5615; x_wconf 84' lang='lat' dir='ltr'><strong>restinguebatot</strong></span> <span class='ocrx_word' id='word_1_772' title='bbox 1016 5542 1203 5600; x_wconf 84' lang='lat' dir='ltr'><strong>terrentibus.</strong></span> <span class='ocrx_word' id='word_1_773' title='bbox 1220 5544 1286 5595; x_wconf 78' lang='lat' dir='ltr'><strong>Hac</strong></span> <span class='ocrx_word' id='word_1_774' title='bbox 1300 5543 1371 5595; x_wconf 86' lang='lat' dir='ltr'><strong>sunt</strong></span> <span class='ocrx_word' id='word_1_775' title='bbox 1385 5533 1527 5593; x_wconf 81' lang='lat' dir='ltr'><strong>miracula</strong></span> <span class='ocrx_word' id='word_1_776' title='bbox 1541 5538 1645 5594; x_wconf 79' lang='lat' dir='ltr'><strong>nostm</strong></span> <span class='ocrx_word' id='word_1_777' title='bbox 1656 5550 1725 5607; x_wconf 71' lang='lat' dir='ltr'><strong>qam</strong></span> <span class='ocrx_word' id='word_1_778' title='bbox 1741 5540 1843 5612; x_wconf 75' lang='lat' dir='ltr'><strong>praecl·</strong></span> 
     </span>
    </p>
   </div>
   <div class='ocr_carea' id='block_1_11' title="bbox 0 0 1891 6006">
    <p class='ocr_par' dir='ltr' id='par_1_17' title="bbox 0 0 1891 6006">
     <span class='ocr_line' id='line_1_61' title="bbox 0 0 1891 6006; baseline 0 0"><span class='ocrx_word' id='word_1_779' title='bbox 0 0 1891 6006; x_wconf 95' lang='lat' dir='ltr'><strong> </strong></span> 
     </span>
    </p>
   </div>
  </div>
 </body>
</html>
