3750 6000
100 249 152 304 863

804 239 894 297 LUCll
911 236 936 296 11
952 236 1048 294 PXPAE

1694 224 1747 282 861

103 373 304 447 tectionemque
316 371 488 444 suscipimus,
501 378 528 427 et
543 367 688 442 praesentis
713 366 806 438 scripti
833 364 937 437 pri-A
987 365 1047 435 Ege
1073 359 1170 418 Lucius
1191 356 1337 415 Catholicae
1361 353 1492 412 Ecclesiae
1516 351 1662 427 episcopas
1679 350 1750 408 snb-

101 462 203 533 vilegio
231 461 446 519 communimus.
480 460 638 516 statuentes
665 463 695 512 ut
721 469 896 528 quascunque

104 552 304 623 possessiones,
322 565 490 621 qrueeunque
515 548 587 604 bona
608 546 679 601 idem
701 543 896 599 monesterium

97 639 172 709 juste
187 647 214 695 et
229 639 357 696 canonice
374 637 507 707 possidet,
523 644 569 692 aut
590 635 618 691 in
642 635 760 688 laturum
777 647 896 687 eonces-

103 736 180 792 sione
205 733 373 808 pontificum,
390 734 537 807 largitione
552 749 660 807 regum,
675 732 717 787 vel
733 730 896 804 principum,

105 824 242 880 oblatione
257 822 388 892 fidelium,
400 823 458 879 sire
472 822 532 878 aliis
545 821 624 892 justis
639 819 737 885 modis,
754 827 898 890 praestante

105 914 164 969 lleo
179 912 278 984 poterit
293 912 416 983 adipisci,
433 910 510 967 suma
526 910 605 966 robis
620 909 772 981 vestrisque
786 922 899 962 sucees-

106 1011 215 1066 soribus
230 1019 255 1066 et
269 1010 372 1066 illibata
387 1017 576 1082 permancant.
606 1010 636 1062 ln
660 1007 756 1080 quibus
770 1006 829 1061 haee
844 1004 900 1059 suis

107 1100 234 1155 duximus
257 1098 433 1170 exprimenda
457 1097 599 1156 uocabulis
615 1117 621 1152 :
638 1096 787 1153 Ecclesiam
808 1093 901 1151 Sancti

105 1188 257 1246 Salvatoris
272 1187 306 1244 de
323 1189 439 1244 Basilica
454 1188 541 1253 ducis,
557 1203 617 1243 cum
633 1184 759 1242 omnibus
774 1183 829 1239 suis
839 1199 900 1253 per·

104 1278 224 1333 tinentiis
244 1277 418 1333 :Ecclesiam
443 1276 542 1332 Sancti
563 1275 683 1350 Remigii
711 1274 745 1329 de
774 1273 898 1328 Paluda:

105 1366 258 1423 Ecclesiam
283 1366 375 1422 Sancti
402 1365 514 1421 Eusebii
528 1364 562 1420 de
579 1365 647 1421 Gavi
664 1379 671 1421 :
688 1362 790 1419 Cellam
806 1360 899 1418 Sancti

105 1454 243 1512 Benedicti
258 1454 293 1510 de
309 1454 424 1519 Guesto,
446 1470 506 1510 cum
529 1453 655 1508 omnibus
679 1452 737 1507 suis
761 1450 901 1523 pcrtinen-

105 1551 149 1608 tiis
164 1572 173 1608 :
187 1551 339 1609 Ecclesiam
354 1551 460 1608 Sanctae
475 1551 565 1607 llariae
579 1550 614 1606 de
629 1549 777 1613 Charitatc,
795 1565 856 1619 qnae
873 1547 901 1602 in

105 1640 253 1697 Mantuano
281 1638 414 1696 suburbio
428 1639 481 1694 sita
496 1646 539 1695 est
555 1653 562 1692 τ
579 1636 733 1694 Ecclesiam
749 1637 783 1691 de
798 1635 902 1692 Castel-

104 1727 144 1786 lo.
164 1768 172 1785 .
195 1769 203 1784 .
227 1769 233 1784 .
258 1769 265 1784 .
283 1728 433 1784 Ecclesiam
449 1728 483 1783 de
497 1726 621 1796 Tasajalo
634 1745 640 1781 :
653 1725 795 1796 Quidquid
811 1723 898 1797 possi·
914 1718 941 1779 Β

104 1817 175 1874 detis
195 1816 223 1872 iu
246 1817 375 1874 comitatu
391 1818 518 1881 Lunensi,
534 1822 560 1871 et
572 1814 712 1879 Januensi,
730 1815 756 1869 iu
772 1813 898 1872 comitatu

104 1906 257 1977 Mutinensi,
275 1907 303 1962 in
325 1907 387 1963 loco
407 1905 520 1972 scilicet,
545 1904 591 1976 qui
615 1904 714 1960 dieitur
740 1904 855 1971 Solaria,
872 1910 900 1958 et

104 2005 245 2073 Herbaria,
262 2012 288 2062 et
310 2005 338 2060 io
363 2003 472 2059 abbatis
487 2003 592 2059 Sanetae
606 2002 696 2058 llariae
721 2002 755 2059 de
776 2001 897 2068 Corsica,

104 2109 166 2167 quae
178 2092 329 2166 appellatur
344 2092 475 2159 Plaidelii,
492 2106 553 2149 cum
570 2091 696 2147 omnihus
724 2092 781 2146 suis
812 2091 899 2164 perti-

107 2191 218 2259 uentiia,
236 2200 264 2249 et
278 2191 304 2247 in
320 2193 411 2258 Certe,
427 2207 488 2263 quae
503 2198 619 2246 vocatur
642 2191 730 2245 blarru
753 2190 848 2261 Regia,
873 2205 901 2245 rn

107 2282 188 2337 Curte
202 2280 236 2336 de
251 2282 357 2353 Rupta,
383 2279 502 2337 castello
523 2280 619 2348 Νο10,
645 2279 741 2335 Cusale
763 2278 852 2335 Albini
874 2286 901 2334 et

106 2368 204 2426 Sancto
219 2370 341 2426 Andrea.
362 2369 487 2425 Obeunte
502 2384 568 2424 vero
584 2377 610 2424 te
625 2384 695 2424 uiroc
710 2368 831 2437 ejusdem
847 2365 901 2423 loci

105 2459 212 2525 abbate,
225 2459 269 2514 rel
284 2466 396 2514 tuorum
411 2457 530 2530 quotibet
544 2472 745 2524 autecessorum,
761 2455 850 2511 nuilus
862 2455 900 2510 ibi

106 2556 229 2631 qualibet
241 2556 424 2627 subreptionis
440 2555 539 2610 astutis
552 2571 601 2610 seu
616 2553 743 2610 violentia
759 2568 901 2625 praepona-

106 2653 158 2711 tur,
176 2643 227 2700 nisi
243 2661 323 2716 quem
338 2644 437 2701 tratres
461 2642 598 2701 communi
621 2659 765 2698 consensu.
783 2641 854 2697 rell
885 2671 900 2684 -

107 2748 178 2797 tmm
193 2756 256 2812 pars
275 2740 380 2797 consilii
406 2739 523 2796 sanioris
544 2741 695 2796 secuudum
711 2739 760 2795 Dei
775 2739 901 2795 timorem

107 2837 134 2885 et
148 2829 218 2884 beati
234 2829 369 2884 benedieti
385 2830 518 2901 Regulam
539 2828 681 2900 elegerint.
713 2828 822 2885 Electus
837 2843 902 2884 vero

108 2931 125 2975 tt
148 2918 270 2973 Romano
296 2916 424 2988 pontifice
450 2918 640 2975 benedicatur.
659 2917 791 2983 Chrisma,
813 2916 901 2973 oleum

108 3015 243 3073 sanctum,
259 3007 478 3062 consecrationes
492 3006 629 3072 altarium,
644 3007 702 3062 sive
715 3005 900 3071 basilicarum,

106 3093 290 3151 ordinationes
305 3095 514 3165 monachorum,
529 3113 579 3151 seu
594 3097 785 3153 canonicorum
801 3104 903 3151 vestre·

106 3206 177 3258 rum,
194 3191 239 3263 qui
253 3191 288 3247 ad
303 3207 399 3249 sacros
413 3191 525 3247 ordines
552 3190 650 3247 luerint
677 3193 866 3263 promovendi,
888 3208 903 3247 a

108 3281 208 3351 quibas
238 3280 397 3345 malueritis,
415 3280 558 3338 catholicis
585 3280 725 3352 accipiatis
753 3281 902 3352 episcopis.

108 3371 207 3427 hlissss
221 3386 288 3426 sane
298 3371 421 3441 publicas
432 3370 459 3424 in
474 3371 571 3425 eodem
583 3370 749 3425 monastario
759 3371 903 3438 celebrari,

110 3476 156 3523 aut
173 3469 327 3531 stationem,
342 3476 389 3523 ant
403 3468 547 3538 synodum,
565 3468 606 3523 rel
623 3468 833 3534 ordinationem,
849 3468 902 3525 ali·

110 3571 201 3629 quam,
219 3565 318 3626 praeter
332 3555 438 3611 abbatis
454 3559 620 3613 voluntatem
639 3557 673 3611 ab
693 3558 822 3628 episcopo
837 3573 904 3629 quo·

110 3643 177 3699 libet
191 3642 247 3700 heri
271 3645 465 3716 probibemus;
492 3646 586 3717 sicque
609 3646 642 3700 ab
667 3646 740 3701 omui
752 3645 839 3717 jugo,
856 3663 904 3701 seu

111 3740 216 3798 ditione
248 3744 433 3817 cujuscunque
457 3760 581 3815 personae
607 3752 729 3800 vestrum
750 3744 905 3799 caenobium

111 3824 226 3881 liberum
242 3842 405 3897 permanere
420 3829 568 3884 sancimus.
593 3826 774 3884 Deceruirnus
795 3841 863 3898 ergo
877 3832 907 3881 ut

113 3909 180 3965 nulli
190 3909 449 3968 omniuohomiuum
465 3911 546 3968 liceat
557 3914 698 3982 praelatum
711 3911 906 3966 monasterium

950 469 1058 523 scripsi.

990 543 1048 613 ligo
1064 540 1205 596 Conradus
1220 535 1377 593 Sahiueusis
1391 534 1537 606 episcopus
1554 530 1714 603 subscripsi.

985 633 1009 687 11
1030 646 1047 686 0
1051 659 1746 686 .......................

990 648 1049 789 1ξο
1065 717 1154 775 Gnido
1169 715 1314 787 presbyter
1327 710 1473 770 cardinalis
1483 708 1561 766 titulo
1571 708 1666 767 Sancti
1678 708 1751 781 Gry·

953 808 1050 881 sogoni
1066 804 1225 877 subscripsi.

990 898 1050 970 Ego
1065 895 1207 952 Alberieus
1223 891 1356 950 Ostiensis
1371 891 1516 962 episcopus
1530 886 1690 959 subscripsi.

988 987 1050 1058 Ego
1073 986 1191 1040 Thomas
1214 982 1360 1055 presbyter
1382 976 1526 1034 cardinalis
1539 976 1618 1033 titulo
1632 975 1752 1033 Vestinus

954 1074 1119 1144 subscripsi.

988 1165 1050 1237 Ego
1066 1165 1095 1220 P.
1118 1205 1125 1218 .
1149 1204 1156 1219 .
1184 1203 1191 1217 .
1215 1202 1220 1215 .
1249 1201 1256 1215 .
1286 1154 1592 1216 .mennsTusculanus
1606 1153 1753 1227 episcopus

954 1251 1115 1323 subscripsi.

991 1343 1052 1413 ligo
1066 1340 1225 1397 illanlredus
1245 1337 1390 1411 presbyter
1403 1334 1546 1394 cardinalis
1557 1332 1636 1390 titulo
1646 1332 1752 1389 Sanctae

957 1431 1064 1487 Savinae
1081 1429 1240 1501 subscripsi.

992 1523 1054 1591 Ego
1070 1521 1211 1577 Aribertus
1226 1517 1370 1590 presbyter
1388 1513 1534 1573 cardinalis
1550 1512 1658 1569 Sancte
1679 1512 1752 1566 11110-

954 1613 1044 1668 stasiae
1059 1607 1221 1679 subscripsi.

992 1702 1052 1775 Ege
1067 1698 1128 1756 Odo
1142 1699 1276 1754 diaconus
1299 1693 1443 1766 cardinalys
1466 1690 1556 1748 Sancti
1580 1688 1694 1763 Georgii
1718 1688 1753 1744 ad

958 1791 1053 1847 Velum
1069 1792 1189 1845 Aureum
1201 1784 1360 1855 subscripsi.

992 1881 1051 1952 Ego
1067 1878 1136 1933 vido
1152 1877 1282 1932 diaeonus
1306 1872 1451 1930 cardinalis
1473 1871 1633 1928 Sanctorum
1648 1869 1755 1924 Cosmae

957 1977 984 2026 et
999 1967 1113 2022 Dameni
1128 1963 1290 2034 subscripsi.

991 2059 1051 2130 Ego
1065 2058 1184 2112 ioannes
1199 2053 1330 2110 diaconus
1354 2048 1501 2109 cardiaahs
1525 2047 1617 2106 Sancti
1640 2045 1756 2103 Adriani

875 2189 881 2201 .
956 2144 1113 2215 subscripsi.
1340 2204 1346 2219 ι

993 2236 1053 2306 Ego
1067 2234 1186 2287 ioannes
1208 2229 1337 2287 diaconus
1361 2225 1510 2284 cardinalis
1532 2225 1640 2283 Sanctae
1662 2223 1757 2282 uaria

961 2325 1043 2380 Novae
1060 2319 1221 2389 subscripsi.

992 2412 1091 2466 Datum
1106 2408 1232 2465 Laterani
1255 2424 1305 2477 per
1328 2421 1436 2461 manum
1448 2401 1560 2459 Bacenis
1584 2400 1718 2473 capellani
1731 2418 1758 2464 er

957 2500 1108 2570 scriptoris.
1125 2515 1153 2553 11
1170 2497 1233 2553 idus
1247 2494 1320 2561 111011,
1335 2492 1481 2551 indictione
1496 2507 1544 2559 111,
1557 2491 1758 2547 iucarnationis

956 2588 1106 2646 Dominieae
1138 2601 1210 2642 anno
1243 2585 1329 2652 1111,
1354 2580 1529 2655 pontificatus
1554 2579 1660 2638 domini
1678 2595 1759 2654 papas

955 2677 1030 2734 Lucii
1048 2691 1120 2731 anuo
1135 2675 1233 2746 primo.

993 2765 1100 2823 Pendet
1114 2763 1249 2821 chordula
1263 2763 1325 2818 siras
1340 2761 1433 2833 stylite
1443 2758 1588 2832 plumbeo.

1308 2876 1414 2933 XXXl.

1013 2995 1199 3066 Priuilegtum
1207 3010 1259 3065 pro
1272 2992 1452 3064 parthenone
1469 2989 1704 3046 Fontis-etratus.

1189 3102 1279 3169 (huno
1296 3099 1375 3166 1111,
1391 3098 1454 3153 hlaii
1470 3098 1526 3163 lb.)

959 3209 1212 3286 {Parracou,l'iede
1221 3206 1500 3273 liebertd'rlrbra'rscl,
1508 3205 1676 3276 Preures,p.
1684 3203 1758 3276 1181

993 3319 1095 3374 Laeros
1110 3331 1273 3386 episeopus,
1299 3329 1396 3369 servus
1419 3327 1561 3368 serrorum
1576 3310 1635 3377 Dei,
1652 3309 1760 3366 dilectis

958 3405 984 3460 iu
1000 3405 1109 3461 Christo
1135 3403 1241 3459 llliabus
1258 3398 1462 3474 Plaruouraas]
1485 3400 1635 3454 abbatissae
1659 3414 1761 3455 mona·

959 3494 1037 3550 sterii
1053 3493 1144 3548 Fontis
1159 3490 1269 3547 Ebraldi
1289 3499 1316 3545 et
1332 3489 1476 3545 sororibus
1490 3486 1591 3543 ibidem
1605 3486 1700 3543 divino
1714 3486 1760 3542 la-

959 3582 1074 3639 muiatui
1088 3581 1259 3652 mancipatis,
1276 3587 1330 3635 tam
1345 3578 1532 3651 praeseutibus
1545 3591 1632 3650 quam
1647 3576 1760 3644 lutaris,

960 3671 987 3728 iu
1003 3679 1172 3742 perpetuum.

996 3759 1149 3830 apostotici
1173 3755 1368 3814 moderaminis
1391 3755 1543 3812 elementiae
1561 3753 1690 3810 convenit
1712 3769 1761 3810 re·

961 3848 1076 3920 ligioses
1088 3862 1218 3918 personas
1229 3845 1354 3916 diligere,
1363 3844 1525 3900 earumleea
1539 3841 1763 3913 piaproteetione

962 3935 1079 3991 munire.
1098 3933 1206 4003 Quanto
1224 3949 1293 4006 ergo
1308 3932 1442 3988 femineus
1462 3947 1545 3986 sexus
1564 3937 1653 3986 exstat
1673 3928 1763 4000 lragi·

112 4007 216 4055 temere
237 4000 464 4070 perturbassent
486 4001 546 4069 ejus
571 4001 761 4072 possessiones
783 3999 905 4066 auterre,
959 4020 1024 4085 pior,
1041 4027 1114 4073 lamo
1130 4017 1218 4091 magis
1243 4033 1308 4088 ΗΕ,
1332 4032 1384 4073 vos
1405 4025 1544 4087 gammam
1565 4029 1660 4071 cmm
1680 4021 1763 4083 „tque

114 4087 157 4145 vel
170 4087 275 4143 ablatas
291 4089 417 4156 retinere,
434 4090 565 4155 minuere,
577 4105 625 4144 seu
640 4088 807 4159 quibuslibet
822 4102 905 4143 rexa-
962 4106 1171 4163 sollieitudinem
1188 4105 1316 4161 volamus
1331 4104 1507 4170 exhibereet
1522 4103 1584 4173 jure
1600 4100 1685 4157 vestri
1700 4116 1764 4156 ma-

113 4183 232 4240 ¹i⁰¹¹ib⁰⁸
247 4185 380 4256 1111811θὶ
405 4186 455 4241 sed
481 4184 907 4256 011111111118110013111111111
962 4196 1076 4251 casterii
1105 4211 1120 4250 a
1144 4210 1291 4266 pravorum
1307 4193 1462 4249 incursibus
1482 4191 1638 4247 defensare.
1654 4190 1764 4260 Eupra-

87 4354 90 4361 ,
112 4287 204 4329 90111111
219 4290 342 4345 1110181151
359 4290 408 4344 pro
422 4290 538 4346 (1110111111
562 4273 696 4343 sedimine
718 4278 745 4327 0²
767 4280 906 4327 31131θῦ11·
961 4297 1030 4361 pter,
1047 4286 1156 4343 dilectae
1171 4285 1328 4341 1011010100
1343 4283 1417 4350 tiliae,
1434 4283 1534 4339 restris
1558 4279 1765 4337 rationabilibus

112 4360 187 4417 110110
207 4377 339 4418 coaeesss
358 4363 540 4427 senensibus
562 4360 726 4417 omssisswdiss
751 4361 901 4432 lll⁰sl¹¹⁰ffli
920 4413 947 4473 D
963 4373 1355 4447 postulationibuselementer
1369 4368 1765 4440 annrrimus,etmonasterium

112 4451 226 4506 selein
237 4451 364 4508 omnibus
373 4449 530 4520 apostoticae
544 4451 619 4505 sedis
630 4450 797 4505 susianen.
810 4449 838 4504 Si
853 4464 906 4521 que
963 4465 1073 4521 sanese
1089 4460 1404 4518 lantramnus-sunus
1420 4459 1492 4532 quoa
1507 4459 1764 4530 nequamneuam

112 4540 195 4610 igitur
210 4540 237 4594 in
253 4539 370 4594 laturum
385 4539 570 4596 ecelesiastica
584 4538 761 4594 saecularisve
775 4553 903 4608 persona,

111 4628 182 4686 haue
196 4637 295 4684 uestrae
316 4626 529 4695 confirmationis
543 4629 672 4698 paginam
690 4627 789 4691 sciens,
804 4636 901 4683 ccrrtra

111 4739 173 4780 eam
188 4723 332 4780 temerario
347 4739 415 4779 ausu
435 4724 529 4780 venire
544 4724 695 4789 tentaverit,
710 4723 831 4780 secundo
846 4732 906 4778 ter-

112 4814 184 4870 tioue
198 4813 406 4880 comniouite,si
416 4827 469 4869 non
485 4811 670 4867 satisfactione
680 4826 802 4883 congrua
812 4826 907 4866 emen·

113 4897 224 4966 daverit,
241 4897 382 4970 potestatis
401 4896 567 4968 honorisque
585 4896 626 4950 sui
646 4896 778 4966 dignitate
803 4901 904 4961 careat,

113 5002 241 5058 reamque
261 5002 291 5040 se
314 4985 406 5040 divino
417 4984 522 5054 Judicio
539 4984 657 5039 existere
687 4984 722 5037 dn
750 4990 906 5053 perpetrata

113 5083 252 5154 iniquitate
275 5090 436 5153 cognoscat,
461 5088 488 5136 et
512 5095 527 5134 a
550 5079 731 5134 saeratissimo
752 5094 865 5149 corpore
882 5087 908 5135 et

113 5165 246 5239 sanguine
261 5165 311 5221 Dei
326 5175 353 5220 et
367 5164 475 5221 Domini
497 5163 580 5220 nostri
602 5164 667 5219 lesu
690 5162 792 5219 Christi
818 5162 907 5217 aliena

112 5252 169 5320 liat,
183 5260 267 5326 atqua
280 5255 307 5308 iu
322 5265 444 5309 extremo
459 5252 723 5309 examinedistrictae
733 5251 828 5308 ultioni
843 5251 910 5306 sub·

110 5343 211 5413 jaceat.
235 5341 349 5397 Cunctis
364 5346 453 5396 sutem
468 5340 558 5397 eidem
573 5341 634 5398 loeo
648 5356 701 5397 sua
713 5342 774 5411 jura
788 5355 909 5396 servan-

114 5431 185 5486 tibus
199 5429 234 5485 sit
248 5444 300 5501 pax
317 5429 424 5486 Domini
438 5430 525 5485 nostri
538 5431 603 5487 Jesu
616 5430 727 5497 Christi,
738 5437 765 5484 et
774 5428 818 5485 hie
828 5430 909 5484 bonta

113 5528 227 5586 actionis
237 5525 352 5584 {ructum
360 5528 499 5601 pereipiat,
512 5536 537 5584 et
548 5529 621 5601 apud
628 5526 908 5598 districtamjudicem

113 5612 223 5689 premia
238 5619 354 5669 aetemae
369 5611 444 5684 pacis
457 5611 588 5670 inveniat.
599 5614 698 5679 Amen,
714 5626 804 5682 amen,
815 5624 908 5668 amen.

961 4553 1035 4608 sedis
1059 4549 1218 4622 apostolieae
1243 4548 1401 4620 specialiier
1417 4549 1544 4619 pertinet,
1560 4547 1586 4601 in
1604 4563 1658 4617 quo
1679 4547 1764 4604 etiam

959 4640 1052 4696 divino
1076 4637 1177 4694 vacatis
1203 4638 1353 4708 obsequio,
1371 4646 1577 4693 antecessorum
1608 4643 1766 4691 nostrerum

960 4726 1087 4799 vestigiis
1102 4727 1268 4782 inhaerentes
1278 4727 1328 4781 sub
1342 4727 1375 4781 B.
1388 4725 1460 4781 Petri
1473 4726 1579 4796 jurene
1594 4724 1764 4794 protectione

960 4815 1136 4886 suscipimus,
1153 4824 1180 4869 et
1194 4814 1339 4885 praesentis
1353 4814 1448 4884 scripti
1463 4812 1608 4886 privilegio
1634 4827 1763 4869 commu·

961 4905 1061 4959 nimus.
1095 4904 1243 4959 Statuimus
1258 4903 1332 4958 enim
1348 4910 1377 4956 ut
1392 4917 1564 4974 quaecunque
1579 4901 1661 4969 boae,
1678 4916 1764 4970 quas·

961 5009 1068 5065 cunque
1082 4992 1277 5064 possessiones
1305 5007 1368 5063 quse
1394 4990 1553 5061 praedictum
1568 4988 1766 5044 monasterium

960 5080 1214 5152 inpraesentiarum
1233 5081 1306 5148 juste
1321 5087 1347 5134 et
1362 5079 1484 5152 legitime
1505 5075 1640 5148 possidet,
1666 5084 1715 5131 aut
1738 5077 1767 5132 iu

962 5179 1099 5240 posterum
1116 5167 1295 5224 concessione
1312 5165 1490 5238 pontificum,
1505 5163 1648 5234 largitione
1663 5179 1767 5237 regum

961 5257 1005 5312 vel
1020 5257 1183 5327 principum,
1204 5254 1345 5310 oblatione
1361 5252 1500 5320 fidelium,
1526 5269 1576 5308 seu
1599 5251 1661 5307 aliis
1681 5251 1767 5323 justis

961 5343 1051 5399 modis
1067 5344 1219 5416 vestrisque
1241 5342 1454 5399 suceedentibus
1476 5342 1583 5415 integra
1607 5339 1634 5394 in
1661 5356 1768 5425 perpe-

963 5439 1038 5487 tuum
1054 5440 1080 5487 et
1095 5431 1199 5486 illibata
1214 5439 1398 5502 permaneant.
1413 5429 1565 5497 Praeterea,
1582 5428 1605 5484 si
1621 5429 1682 5501 quis
1692 5428 1767 5486 lide-

963 5519 1030 5575 lium
1041 5520 1192 5575 devotionis
1204 5518 1300 5575 intuitu
1312 5519 1431 5592 aliquem
1442 5518 1535 5575 iocum
1550 5517 1627 5574 robis
1639 5517 1767 5576 contule·

963 5608 999 5664 rit
1012 5609 1040 5664 in
1055 5623 1109 5679 quo
1122 5609 1279 5666 oratorium
1294 5606 1384 5665 uelitis
1398 5614 1559 5664 coustmere
1581 5606 1616 5662 ad
1641 5614 1764 5664 vestram
