3750 6000
89 169 136 224 ιιι
688 166 865 225 nersrone
884 168 930 225 nr
950 152 1149 227 eniminum
1688 172 1739 229 ina

86 291 128 363 pio
141 297 250 349 uncta
264 292 395 348 Romane
416 291 546 349 Ecclesiae
559 293 664 367 gremio
677 292 822 349 contovere
837 310 886 349 cu·
901 296 928 358 Α
945 296 1009 352 dam
1024 297 1205 369 indulgemus,
1234 298 1360 354 ecclesias
1386 299 1421 355 ad
1449 302 1578 357 honorem
1606 299 1657 356 Dei
1671 316 1738 357 con·
1779 274 1782 279 ¹

88 395 185 436 amns.
212 380 346 450 Ideoque,
371 380 530 437 charissima
553 381 581 435 in
605 381 710 437 Christo
732 380 787 435 lilia
817 382 890 436 Con·
944 393 1055 453 struere,
1084 394 1231 443 merentum
1269 395 1295 441 et
1330 389 1439 444 castelle
1471 390 1497 444 in
1526 389 1605 445 terris
1631 388 1737 460 praelati

88 469 185 525 ιιιιιιίι
201 468 353 535 abbatissa,
368 470 421 523 tuis
447 469 653 525 rationabilibus
667 469 892 541 postulationibus

89 557 259 631 benignitate
275 557 367 613 debita
381 558 532 628 prebentes
546 574 694 623 assensum,
710 559 799 613 Beata
815 557 891 612 lullae

91 646 204 719 virginis
217 662 251 701 ec
264 646 388 718 martyris
401 647 603 711 monasterium,
631 648 708 718 cujus
722 647 814 717 ulique
828 662 892 703 cura

92 734 148 801 tibi,
167 735 303 807 largiente
317 736 444 800 Domino,
459 735 605 791 commisse
619 743 669 800 est,
680 736 753 806 quod
768 735 893 791 videlicet

90 823 160 879 infra
174 823 314 880 civitatem
329 824 483 880 Brixianam
512 841 528 880 a
552 824 651 880 nobihs
666 824 804 881 memoria
817 826 892 878 Ausa

90 912 186 985 regina
214 920 321 969 constan
348 928 406 970 esse
433 920 622 980 constructum,
653 914 809 985 apostolica
822 913 894 967 sedis

90 1001 235 1074 privilegio
249 1003 461 1057 communimus.
494 1001 640 1057 statuimus
667 1003 739 1057 euim
762 1010 792 1057 ut
815 1018 892 1072 quae·

88 1106 194 1161 cunque
221 1090 334 1161 pradia,
375 1107 547 1162 quascunque
585 1091 779 1163 possessiones,
815 1107 892 1161 quas-

89 1201 195 1257 cunque
209 1185 284 1243 bona
299 1204 331 1242 ex
348 1186 530 1244 munificentia
557 1189 677 1261 praelatae
704 1189 816 1261 regine,
845 1205 893 1243 seu

88 1274 168 1329 etiam
182 1292 218 1331 ex
235 1275 378 1348 largitione
392 1275 502 1332 illustris
521 1278 660 1333 memoriae
688 1277 891 1349 imperatorum,

89 1363 132 1434 qui
147 1372 212 1435 post
228 1380 290 1421 eam
304 1365 382 1439 regni
405 1365 589 1438 gubernacula
605 1375 788 1438 susceperunt,
804 1366 893 1423 veleb

88 1461 147 1516 aliis
160 1460 291 1517 fidelihus
305 1464 411 1527 collata,
428 1464 500 1519 idem
516 1465 709 1520 monasterium
731 1465 893 1536 impresen-

88 1552 185 1606 tiarum
198 1552 273 1621 juste
299 1559 326 1607 et
340 1553 461 1622 ligitime
490 1554 620 1625 possidet,
649 1561 695 1609 aut
718 1553 746 1608 in
774 1554 892 1608 laturum

944 475 1109 541 monasterii,
1125 476 1277 545 ubicunque
1293 477 1417 546 voluerit,
1425 494 1475 546 pro
1490 478 1602 533 utilitate
1617 477 1738 549 ejusdem

945 564 1100 619 monasterii
1114 571 1276 620 construere.
1291 564 1387 620 Nullus
1411 568 1492 620 etium
1507 566 1656 638 episcopus,
1672 566 1737 632 dux,

945 653 1075 721 marchio,
1105 668 1205 719 eunies,
1235 654 1394 719 vicecomes,
1438 671 1486 711 seu
1512 655 1602 725 aliqua
1630 670 1739 727 magua,

945 757 1081 812 parvaque
1096 757 1211 813 persona
1225 743 1309 797 ullum
1324 744 1472 799 districtum
1487 744 1513 798 in
1528 743 1662 814 aliquibus
1675 743 1742 799 locis

945 830 1028 901 ipsius
1043 831 1198 886 monasterii
1214 839 1314 897 tenere,
1344 832 1387 888 rel
1411 832 1542 902 judicare,
1572 839 1618 888 aut
1631 831 1740 902 aliquod

944 918 1074 989 placitum
1089 917 1190 990 absque
1205 920 1312 975 licentia
1322 920 1464 976 abbatisam
1474 922 1573 976 habere
1587 927 1740 992 praesumat,

946 1016 991 1063 aut
1006 1024 1048 1062 res
1063 1008 1145 1079 ipsius
1158 1009 1319 1081 spirituales,
1341 1010 1526 1077 saecularesve,
1552 1008 1741 1081 quovismodo

946 1105 1073 1172 alienare,
1089 1107 1132 1161 vel
1147 1107 1298 1162 molestiam
1327 1108 1352 1162 ei
1380 1107 1489 1173 inferre,
1519 1114 1565 1162 aut
1575 1106 1682 1162 iodrum
1696 1105 1740 1161 vel

947 1195 1180 1259 mansionaticum,
1210 1212 1257 1249 seu
1285 1196 1436 1265 ripaticum,
1465 1204 1511 1250 aut
1540 1203 1657 1265 paratas,
1684 1194 1742 1251 sive

946 1284 1050 1353 aliquas
1065 1283 1181 1338 autleant
1195 1283 1331 1340 loncdone
1340 1286 1459 1357 exigere.
1475 1284 1603 1341 Decimas
1613 1292 1743 1357 praeterea

947 1373 1082 1426 lmctuum
1099 1371 1222 1427 laborum
1238 1381 1396 1441 vestrorum,
1412 1389 1480 1443 quos
1493 1374 1607 1445 propriis
1621 1372 1743 1429 excolitis

946 1460 1106 1531 sumptibus,
1132 1467 1158 1515 et
1172 1461 1320 1516 districtum
1343 1478 1482 1517 servorum
1497 1470 1524 1517 et
1538 1463 1693 1529 liberorum,
1708 1460 1744 1515 ad

948 1558 1064 1606 vestrum
1092 1550 1246 1606 coennbium
1285 1551 1485 1623 pertinentium,
1513 1551 1592 1607 vobis
1618 1549 1744 1606 habenda

88 1649 265 1703 concessione
278 1647 447 1720 pontificum,
464 1650 625 1706 liberalitate
647 1667 743 1724 regum
757 1651 800 1706 vel
815 1651 891 1722 prin·
907 1656 933 1716 Β
949 1637 1096 1694 firmamus·
1113 1640 1245 1704 Chri-*mlh
1262 1641 1352 1696 oleum
1380 1648 1512 1707 melum.
1528 1639 1744 1697 000820r³fi0¹10⁸

88 1737 188 1808 cipum,
208 1737 349 1794 oblatione
375 1736 495 1793 fidelium
525 1755 572 1795 seu
601 1739 661 1795 aliis
685 1740 766 1810 justis
793 1739 891 1806 modis,

88 1834 234 1896 praetante
249 1826 376 1893 Domino,
392 1827 492 1897 poterit
518 1827 642 1899 adipisci,
673 1827 750 1883 firma
766 1828 812 1882 tihi
828 1828 892 1882 tuis·

91 1938 141 1995 que
154 1923 308 1989 sororibus,
325 1932 352 1978 et
367 1924 407 1979 his
422 1941 483 1995 quae
498 1925 574 1981 vohis
602 1926 630 1979 in
657 1926 753 1981 eadem
763 1925 893 1998 religione

91 2012 279 2080 successerint,
296 2021 324 2068 et
337 2013 441 2069 illibata
469 2022 653 2085 permaneant,
684 2015 710 2068 in
726 2014 822 2083 quibus
837 2017 895 2069 haec

92 2101 208 2173 propriis
224 2101 383 2157 nominibus
409 2103 563 2159 adnotanda
591 2102 802 2173 subjunximus:
828 2104 893 2158 Ser-

91 2190 209 2246 miooem
226 2191 339 2255 scilicet,
356 2207 417 2246 cum
447 2192 551 2247 duabus
577 2194 707 2258 ecclesiis,
724 2192 834 2248 Domini
849 2192 893 2247 vi·

93 2279 188 2335 delicet
215 2279 301 2334 nostri
330 2280 480 2336 Salvatoris
505 2289 531 2336 et
559 2281 650 2338 Saue-ti
678 2282 730 2338 Viti
757 2281 892 2352 martyris,

96 2377 274 2435 Camerinam
300 2394 361 2434 cum
376 2379 492 2435 ecclesia
520 2379 625 2435 Sancta
652 2379 729 2434 Juliae
757 2378 891 2450 martyris,

95 2468 270 2525 Nubelariam
284 2483 345 2524 cum
360 2468 475 2524 ecclesie
503 2468 594 2524 Sancti
624 2469 768 2534 Laurentii,
785 2468 894 2523 hercia-

98 2574 158 2630 gum
172 2573 238 2612 cum
252 2558 358 2612 duabus
371 2557 500 2625 eeclesiis,
530 2557 621 2613 Sancti
635 2558 748 2614 Zenonis
762 2565 789 2612 et
805 2556 896 2613 Sancti

100 2652 236 2725 Stephani,
268 2655 424 2727 hlaghonen
456 2655 545 2710 vicum
573 2671 634 2711 cum
663 2654 776 2710 ecelesia
805 2653 896 2709 Sancti

100 2742 249 2809 Alexandri,
266 2743 433 2799 Timolinam
461 2760 521 2799 cum
546 2744 660 2800 ecclesia
683 2744 790 2800 Seuctae
805 2742 894 2811 Julian,

101 2831 245 2887 meadam
265 2848 327 2889 cum
349 2833 471 2889 ecclesiae
500 2834 606 2890 Sanctae
632 2833 733 2900 hieriae,
763 2832 896 2887 Allienum

101 2936 153 2975 cum
166 2920 285 2978 ecclesia
299 2921 405 2978 Sanctae
420 2921 507 2990 duliae,
521 2922 693 2977 hlonticelum
704 2938 765 2978 cum
777 2921 895 2977 ecelesia

947 1729 1071 1784 altarium
1099 1729 1155 1783 sive
1184 1729 1365 1797 basilicarum,
1393 1730 1575 1786 ordinationes
1600 1729 1743 1787 ahhanssa

947 1817 990 1873 vel
1005 1820 1207 1886 monachamm‚
1224 1835 1271 1873 seu
1293 1818 1451 1874 clericorum
1473 1827 1632 1886 vestromm,
1649 1817 1695 1889 qui
1709 1818 1744 1874 ad

947 1931 1036 1971 sacrm
1052 1916 1149 1971 suerint
1162 1917 1272 1972 ordines
1286 1917 1474 1988 promovendi,
1504 1934 1551 1971 seu
1565 1915 1694 1988 quidquid
1707 1916 1743 1972 ad

946 2020 1051 2059 sacrum
1081 2005 1238 2076 mysterium
1268 2005 1413 2076 pertinent,
1435 2007 1667 2077 aquibuscunque
1682 2020 1744 2061 ma-

946 2093 1048 2148 lueritis
1062 2094 1206 2149 Catholicis
1221 2094 1372 2165 suscipiatis
1400 2093 1543 2166 episcopis,
1557 2095 1601 2166 qui
1617 2094 1744 2149 nimirum

947 2182 1048 2252 absque
1062 2182 1194 2252 pravitate
1223 2190 1249 2236 et
1276 2183 1483 2252 reprehensione
1498 2184 1598 2255 aliqua,
1620 2200 1652 2238 ea
1666 2183 1744 2239 vobis

947 2270 1104 2335 concedant,
1121 2269 1348 2340 quemadmodum
1364 2287 1379 2325 a
1394 2272 1635 2342 predecessoribus
1648 2270 1745 2326 noslris

948 2359 1186 2414 lelicismemcriae
1200 2360 1282 2415 Paulo
1310 2367 1337 2414 et
1365 2360 1469 2416 Calixto
1485 2357 1741 2432 Romanispontin-

948 2448 1033 2515 cibus,
1062 2456 1152 2503 vestro
1180 2448 1352 2514 monasterio,
1381 2464 1430 2520 pro
1460 2448 1604 2521 fragilitate
1632 2447 1743 2503 feminei

948 2564 1037 2614 sexus,
1052 2554 1156 2603 constat
1170 2564 1228 2602 esse
1242 2562 1408 2603 concessum.
1429 2547 1457 2604 Si
1472 2563 1526 2619 qua
1538 2546 1620 2619 igitur
1633 2546 1662 2601 in
1675 2561 1742 2618 pos-

951 2654 1034 2701 terum
1050 2645 1230 2700 ecclesiastice
1243 2646 1411 2702 secularisve
1426 2662 1551 2717 persona,
1567 2648 1637 2701 hanc
1647 2652 1745 2701 nostres

949 2741 1145 2798 constitutionis
1158 2742 1285 2815 paginam
1313 2743 1409 2811 sciens,
1438 2751 1531 2800 contre
1558 2759 1618 2799 eam
1645 2750 1745 2799 emere

951 2841 1042 2895 venire
1071 2841 1220 2905 tentaverit,
1247 2840 1363 2896 secundo
1391 2841 1502 2897 tertiove
1527 2838 1745 2908 commonita,si

951 2953 1005 2993 non
1023 2937 1203 2992 satisfactione
1229 2953 1348 3009 congrae
1384 2936 1577 3004 emendaverit,
1606 2935 1745 3008 potestatis

103 3018 199 3075 ΜΞ
214 3019 318 3084 M³¹4ae·
349 3020 451 3075 V⁰⁰2ffl
482 3036 543 3075 cum
572 3018 693 3075 9001653ῑὸ
720 3019 810 3074 3θῦθῦ
825 3018 894 3074 Ρθῑΐῑ
911 3013 935 3077 G
950 3034 1112 3104 lionorisque
1127 3034 1310 3106 suidignitatc
1337 3044 1435 3102 careat,
1465 3051 1594 3104 reamque
1607 3050 1637 3090 sc
1650 3034 1743 3088 divino

103 3114 126 3161 et
135 3107 225 3163 Senmi
234 3106 385 3173 Laurentii,
397 3109 571 3165 Calvatonem
582 3125 643 3164 cum
654 3107 776 3163 ecelesiis
792 3108 896 3164 Sanctae

105 3195 184 3252 dana
198 3205 226 3251 et
240 3197 347 3253 Sanctae
366 3197 455 3263 Juliae,
485 3197 690 3255 scandoloriam
706 3213 767 3251 cum
784 3196 896 3252 ecclesia

106 3284 188 3341 Sancti
202 3286 353 3354 Michaelis,
375 3287 553 3343 Ciconiariam
574 3303 635 3342 cum
661 3286 772 3342 ecclesia
792 3285 896 3342 Sanctae

106 3383 194 3445 dane.
223 3382 399 3456 Goseuagnm
427 3398 489 3439 cum
526 3382 641 3438 ecclesia
669 3381 761 3438 Sancti
789 3380 896 3438 herini

107 3472 269 3538 comessoris,
285 3471 460 3540 lliliariuam,
486 3488 546 3527 cum
572 3470 685 3527 eeclesia
701 3472 806 3527 Sanctae
820 3471 896 3526 tutia

109 3567 132 3613 et
143 3559 300 3616 sermidam

137 3685 256 3742 betae
271 3701 445 3757 quascunque
459 3685 527 3741 alies
549 3692 646 3752 curtes,
669 3683 760 3751 villas,
775 3684 894 3753 castella,

110 3774 226 3831 ecdesias
239 3782 266 3831 et
281 3775 373 3830 omnia
388 3775 422 3830 ad
435 3774 506 3830 idem
517 3774 710 3830 monasterium
724 3773 895 3842 pertinentia,

108 3861 176 3919 vobis
184 3863 361 3920 nihilomiuus
375 3862 578 3921 confirmamus.
593 3863 719 3919 l‘raesenti
729 3879 835 3934 quoque
844 3863 895 3917 de·

108 3960 170 4008 creto
195 3953 333 4009 sancimus
359 3961 389 4008 ut
417 3952 576 4024 praedictum
605 3953 808 4017 monasterium,
831 3968 897 4023 apo-

108 4040 198 4097 stolicae
212 4042 285 4097 sedis
297 4042 465 4112 pvrotectione
485 4048 513 4096 et
526 4041 603 4113 regia
625 4040 782 4097 detensione
811 4041 897 4096 muni·

108 4143 164 4204 tum,
191 4139 242 4195 sub
271 4139 370 4195 nullius
397 4155 517 4210 unquam
546 4139 656 4196 alterius
682 4146 823 4207 potestate,
854 4138 896 4193 vol

105 4225 326 4295 jurisdictionibus
353 4229 501 4301 redigatur,
532 4228 601 4284 adeo
629 4237 657 4284 ut
679 4228 821 4298 quisquam
849 4244 896 4283 sa-

107 4316 246 4386 cerdotum,
262 4317 314 4373 uisi
328 4317 363 4373 ab
377 4318 461 4388 ipsius
473 4317 525 4373 loci
549 4317 686 4372 abbatissa
706 4317 787 4372 luerit
801 4317 897 4372 invita·

107 4410 151 4471 tus
164 4421 215 4462 nec
228 4406 371 4461 missarum
384 4405 518 4461 solemnia
530 4406 568 4461 ibi
590 4405 725 4462 celebrare
740 4409 895 4477 prasumat.

107 4501 170 4558 Nulli
184 4519 251 4577 erpo
265 4504 377 4560 omnino
391 4504 531 4560 hominum
547 4504 644 4570 fassit,
668 4504 895 4575 praenominatum

107 4592 252 4649 cenobium
267 4601 368 4649 emere
395 4593 554 4663 perturbare
581 4600 626 4647 ant
639 4593 698 4664 ejus
712 4592 896 4664 possessiones

106 4681 212 4749 auterre,
229 4681 271 4737 rel
285 4682 376 4737 ablata
389 4682 514 4749 retinere,
544 4683 676 4750 minuere,
702 4690 747 4737 aut
761 4681 896 4752 aliquibus

104 4770 283 4826 vexationibus
310 4770 434 4843 inligare,
462 4770 511 4826 sed
538 4771 631 4826 omnia
653 4770 759 4844 integra
783 4785 895 4825 conser-

103 4868 192 4914 ventur
203 4874 309 4927 mmm,
324 4873 375 4931 pro
389 4875 503 4930 quarum
527 4858 724 4932 gubernatione
747 4866 773 4914 et
786 4867 894 4914 susten·

104 4956 198 5013 adone
210 4971 340 5013 coucesm
353 4964 424 5023 sunt,
441 4957 533 5012 usibus
560 4955 724 5014 omnimodis
738 4955 889 5028 prolatura.

102 5043 220 5102 Obeuntc
245 5061 311 5102 vero
325 5054 351 5102 te
365 5045 448 5118 ipsius
476 5045 527 5101 loci
556 5046 702 5111 abbatissa,
731 5046 774 5103 vel
803 5046 894 5115 aliqua

101 5134 213 5205 illarum,
241 5150 304 5206 quae
331 5135 380 5190 tibi
408 5134 436 5189 in
467 5135 563 5192 eodem
595 5134 729 5209 regimine
756 5150 894 5190 successe-

99 5222 156 5292 rint,
172 5224 248 5280 nulla
262 5223 299 5280 ibi
314 5224 434 5296 qualibet
459 5224 639 5295 subreptionis
661 5223 756 5278 astutia
771 5240 818 5277 seu
832 5222 894 5278 vio-

99 5312 176 5369 lentia
204 5320 390 5385 preponatur,
420 5313 470 5368 nisi
497 5329 577 5384 quam
618 5328 726 5368 sorores
757 5312 895 5368 communi

99 5418 237 5471 masensu,
252 5403 297 5459 rel
311 5417 435 5458 sororum
451 5418 512 5473 pars
539 5402 643 5459 consilii
657 5401 780 5468 sanioris,
796 5417 894 5457 sectan-

99 5498 159 5555 dum
173 5500 225 5556 Dei
240 5501 369 5557 umorem
383 5506 410 5554 et
424 5498 495 5554 beati
513 5500 648 5555 Benedicti
664 5500 805 5571 Regulam,
822 5515 895 5570 prae-

100 5589 193 5646 viderit
206 5588 373 5664 eligendam.
391 5588 463 5645 Sane
479 5587 561 5661 ipsius
584 5588 634 5645 loci
651 5588 795 5644 abbatissa>
809 5587 896 5644 licen·

947 3124 1050 3193 judicio
1064 3125 1178 3179 existere
1193 3124 1227 3179 de
1242 3131 1394 3193 perpetrata
1404 3124 1542 3193 iniquitate
1552 3129 1707 3196 cognoscet,
1719 3128 1748 3177 ct

950 3222 1158 3277 asseratissimo
1173 3236 1286 3291 corporo
1314 3236 1345 3275 ac
1372 3220 1503 3291 sanguine
1531 3221 1579 3275 Dei
1594 3227 1621 3274 et
1635 3217 1743 3275 Domini

950 3312 1136 3383 Redemptoris
1151 3311 1237 3366 nostri
1252 3310 1313 3365 lesu
1339 3309 1436 3365 Christi
1464 3308 1552 3364 aliene
1579 3307 1634 3376 fiat,
1664 3315 1745 3379 atqua

949 3410 977 3464 in
1004 3416 1125 3465 extremo
1154 3408 1278 3463 examine
1305 3405 1432 3461 districtae
1464 3405 1560 3462 ultioni
1588 3405 1739 3476 subjaceat.

950 3499 1058 3554 Cunctis
1072 3506 1161 3553 autem
1190 3498 1279 3552 eidem
1307 3495 1368 3551 loco
1392 3495 1455 3564 jura
1469 3511 1516 3550 sna
1530 3494 1698 3551 servantibus
1711 3494 1747 3549 sit

950 3614 1004 3670 pax
1032 3597 1141 3654 Domini
1170 3596 1252 3651 nostri
1274 3596 1337 3649 lesu
1357 3593 1464 3661 Christi,
1492 3600 1623 3663 quatenus
1649 3600 1676 3646 et
1703 3592 1746 3647 hic

950 3688 1065 3743 huntam
1081 3687 1159 3742 hona
1174 3683 1287 3740 notionis
1308 3683 1459 3755 percipiant
1471 3689 1498 3736 et
1511 3682 1583 3753 apud
1597 3680 1745 3736 districtum

946 3776 1067 3847 judicem
1095 3774 1207 3843 praemia
1234 3781 1342 3828 aeterua
1370 3772 1444 3843 pacis
1471 3770 1619 3827 inveniant.
1648 3772 1744 3839 Amen,

949 3881 1038 3931 amen,
1055 3879 1149 3918 emen.

984 3989 1044 4061 Ego
1060 3985 1229 4042 Innocentius
1244 3983 1389 4041 Catholicae
1407 3983 1537 4039 Ecclesia
1551 3983 1694 4055 episcopus
1707 3997 1745 4037 sa.

985 4087 1043 4159 ligo
1058 4083 1207 4141 Guillemus
1220 4082 1399 4137 Praenestinus
1412 4079 1556 4148 episcopus
1569 4095 1610 4133 ss.

986 4183 1044 4256 Ego
1058 4182 1183 4239 Ulbertus
1195 4180 1335 4251 presbyter
1361 4175 1464 4233 cardiu.
1488 4174 1600 4230 titulis.
1616 4173 1745 4230 Clemen-

949 4273 983 4327 tis
996 4289 1034 4326 ss.

911 4371 937 4433 D
988 4371 1047 4442 Ego
1072 4370 1156 4424 lucas
1183 4366 1322 4437 presbyter
1348 4362 1491 4420 cardinalis
1519 4361 1559 4418 tit.
1587 4361 1747 4417 Sanctomm

949 4459 1061 4516 ioannis
1074 4465 1100 4512 et
1114 4457 1189 4512 Pauli
1205 4474 1241 4511 sa.

986 4558 1044 4629 Ego
1059 4557 1195 4612 Romanus
1209 4553 1338 4610 diaeonus
1365 4551 1441 4608 card.
1475 4550 1581 4607 Sancta
1607 4547 1698 4606 hieria
1718 4549 1748 4605 in

950 4646 1057 4702 Porticu
1071 4661 1107 4699 ss.

985 4745 1045 4816 ligo
1060 4743 1208 4817 Gregorius
1221 4742 1351 4798 diaconus
1378 4740 1451 4796 card.
1484 4741 1642 4796 Sanctorum
1657 4736 1746 4809 Sergii

950 4841 977 4890 et
992 4833 1137 4889 Bacchias.

984 4933 1045 5005 ligo
1059 4931 1148 4987 Guido
1162 4929 1291 4985 diaconus
1318 4927 1391 4982 card.
1421 4926 1580 4981 Sanctorum
1600 4925 1705 4980 Cosmoe
1718 4930 1746 4979 et

950 5020 1076 5076 Damiaui
1089 5037 1124 5074 ss.

983 5120 1042 5191 Ego
1057 5118 1145 5174 Guido
1160 5118 1290 5173 diaconus
1300 5114 1374 5170 card.
1390 5113 1418 5170 S.
1431 5114 1522 5170 llariae
1536 5113 1562 5167 in
1574 5113 1624 5170 Via
1634 5115 1699 5170 Lata
1708 5130 1744 5170 ss.

984 5218 1042 5292 Ego
1056 5216 1133 5273 Oddo
1149 5216 1278 5271 diaconus
1292 5214 1369 5270 card.
1388 5213 1478 5269 Sancti
1489 5212 1589 5285 Georgi
1602 5212 1636 5267 ad
1648 5211 1744 5267 Velum

949 5311 1065 5363 Aureum
1081 5324 1119 5362 ss.

985 5411 1081 5465 Datum
1097 5409 1194 5464 aniae
1210 5424 1258 5478 per
1275 5425 1385 5465 insenum
1412 5408 1546 5480 aymerici
1573 5414 1673 5464 sanctae
1687 5408 1744 5463 llo·

951 5515 1038 5554 manac
1052 5499 1177 5554 Ecclesiae
1192 5498 1299 5553 diaconi
1322 5499 1465 5554 cardinalis
1488 5506 1513 5553 et
1535 5496 1698 5564 cancellarii,
1714 5512 1745 5553 ιιι

952 5587 1085 5643 Kalendas
1113 5587 1289 5658 Septembris,
1319 5587 1463 5644 indictione
1487 5602 1526 5655 xi,
1552 5586 1745 5641 lncarnetionis
