3750 6000
58 266 63 277 .
165 222 281 283 2⁹5·

789 224 994 285 Innocentis
1013 229 1037 286 tt
1058 231 1164 289 PAPAE.
1763 246 1815 301 iic

160 346 277 417 justitia,
294 353 321 401 el
335 360 416 401 cuttu
441 360 529 417 aqnae,
554 352 581 400 θῑ
599 345 756 403 mOlessdino
784 364 845 404 cum
872 348 960 420 pista·
975 353 1002 413 A
1017 370 1071 411 nou
1087 356 1270 415 satisfactione
1298 374 1422 434 congrua
1446 361 1643 431 emendaverit,
1673 368 1816 437 potestatis

165 446 232 492 tura.
247 436 338 490 hltare
353 434 387 489 de
402 433 487 498 Gons,
505 443 532 489 et
547 449 673 491 mansum
688 434 828 503 Fulcaudi,
846 443 873 493 et
887 453 960 492 man·
1016 443 1181 518 honorisque
1197 448 1238 502 sui
1252 448 1384 522 dignitate
1403 460 1504 522 careat,
1520 467 1650 524 reamque
1673 469 1702 510 se
1719 454 1815 512 divino

165 540 224 580 sum
240 523 403 579 Robertide
423 522 581 590 corbineio,
612 524 703 579 villam
728 524 762 580 de
787 524 960 597 Singli,cum
1011 531 1117 600 jndicio
1132 535 1247 591 existere
1262 536 1295 592 dc
1311 547 1467 609 perpetrata
1491 540 1630 611 iniquitate
1652 554 1813 614 cognoseat,

164 614 253 668 launna
268 620 294 668 et
305 610 410 680 justitia
426 619 451 666 ct
472 612 549 666 omni
572 611 756 669 dominatione
781 630 860 686 quarn
877 614 903 668 in
928 630 961 669 ea
1016 627 1043 675 et
1057 636 1073 675 a
1087 624 1274 681 sacratissimo
1290 641 1406 698 corpore
1418 642 1449 685 ac
1461 629 1595 702 sanguine
1607 629 1656 686 Dei
1667 639 1694 686 et
1707 632 1813 686 Domini

164 703 242 774 lingo
252 699 549 771 comesilegisletensis
560 708 692 758 tenuerat.
702 701 846 757 Dimidium
857 709 960 774 partem
1014 708 1205 782 Redemptoris
1221 715 1305 770 nostri
1319 715 1385 770 iesu
1401 716 1502 772 Christi
1518 718 1607 774 aliena
1623 719 1679 785 hat,
1689 727 1770 792 alque
1785 721 1811 775 in

164 789 315 847 mOlefldissi
329 789 363 844 <10
379 788 958 862 00090110Cssffllel'l'iibidemllffl'lississlti
1015 804 1134 855 extremo
1150 802 1274 858 examine
1290 803 1419 860 districts
1443 805 1538 861 ultioni
1561 806 1710 876 subjaceat.
1736 809 1811 864 cun·

163 878 291 934 allodium
308 876 430 949 lingonis
446 876 479 930 de
504 876 612 932 cirelio.
639 877 756 933 Terram
778 895 838 950 quae
860 878 960 935 dicitur
1013 886 1062 940 ctis
1075 896 1165 944 autern
1178 890 1267 945 eidem
1282 891 1343 948 loco
1355 891 1420 961 jura
1444 909 1495 949 sua
1516 895 1689 951 servantibus
1709 896 1743 951 ait
1759 913 1810 967 pas

162 983 240 1023 mons
255 965 362 1039 Reguli,
378 974 404 1020 θῑ
417 980 526 1020 Omnem
543 973 644 1021 terram
657 974 683 1021 el
699 967 798 1024 silvam
815 983 875 1040 quae
892 976 959 1023 esta
1013 973 1123 1030 Domini
1138 979 1222 1034 nostri
1237 980 1302 1036 lesu
1318 980 1429 1048 christi,
1445 990 1580 1055 quatenus
1595 992 1621 1039 et
1636 984 1680 1041 hio
1693 983 1809 1041 fructum

162 1056 248 1114 rivulo
264 1054 344 1110 canis
360 1054 451 1126 Spinae
479 1070 540 1126 quse
566 1053 687 1110 decurrit
710 1055 745 1110 ad
774 1056 876 1112 vallem
899 1057 958 1112 hlo—
1013 1062 1091 1119 bonae
1104 1066 1219 1122 actionis
1234 1068 1395 1140 percipiant,
1407 1078 1435 1125 et
1447 1071 1809 1142 apnddistrictumJudicem

162 1143 252 1211 rendi,
286 1159 370 1214 usqne
410 1142 445 1197 ad
483 1141 580 1198 silvam
620 1143 828 1216 archiepiscopi,
860 1160 958 1202 versus
1012 1153 1126 1223 praemia
1142 1162 1252 1211 aeternae
1267 1157 1342 1228 pacis
1354 1157 1503 1217 inveniant.
1520 1161 1617 1217 Arnen.

160 1233 261 1298 Remis,
278 1230 313 1286 ab
330 1232 444 1302 lingone
468 1231 606 1303 quondam
633 1233 761 1289 Trecensi
783 1233 882 1290 comite
902 1249 957 1289 nro
1048 1241 1109 1315 Ego
1140 1243 1313 1301 innocentius
1355 1247 1501 1305 cnnnnnnae
1541 1249 1672 1306 Ennpesnae
1703 1251 1809 1322 091500.

160 1321 277 1377 naslerio
292 1328 385 1375 vestro
399 1319 537 1386 collatam,
554 1335 616 1375 curn
637 1320 736 1389 banno,
757 1321 862 1393 justitia
877 1337 957 1378 cursu

159 1425 246 1481 aqum,
258 1416 283 1465 et
298 1407 424 1464 omnibns
438 1407 682 1465 consuetudinibus
693 1424 761 1481 quas
777 1409 849 1466 idern
864 1425 957 1467 comes

160 1498 259 1554 ibidem
276 1500 413 1553 tenuerat.
433 1497 507 1552 Duas
531 1503 625 1568 partes
645 1497 759 1554 decimae
780 1498 815 1554 de
829 1499 956 1555 omnibus

158 1587 240 1642 terris
254 1585 288 1641 ad
303 1595 422 1641 montem
436 1584 532 1657 Reguli
543 1586 752 1656 pertinentibus,
764 1595 852 1642 terras
863 1588 953 1652 etiam,

1030 1345 1061 1384 us
1077 1347 1115 1386 ss.

1012 1344 1028 1401 p
1047 1419 1106 1492 ligo
1122 1419 1268 1477 Wilelmns
1285 1424 1468 1482 Praenestinos
1484 1425 1628 1499 episcopus
1643 1443 1682 1483 ss.

1046 1508 1106 1581 Ego
1121 1509 1320 1568 Theodevvinns
1335 1513 1443 1569 Sancte
1457 1513 1560 1571 ilnlinae
1575 1516 1721 1588 episcopus
1736 1533 1774 1572 ss.

1046 1594 1106 1668 Ego
1121 1596 1210 1654 Guido
1226 1598 1374 1656 Tiburtina
1388 1602 1533 1674 episcopus
1548 1620 1586 1659 ss.

158 1692 219 1748 quae
247 1675 343 1731 iceles
370 1672 556 1744 appellantur;
585 1673 758 1730 molendinos
783 1675 953 1732 llelbertide
969 1705 994 1765 B
1045 1684 1105 1751 Ego
1120 1685 1266 1742 Anselmus
1279 1689 1424 1760 presbyter
1438 1690 1584 1746 cardinalis
1599 1710 1640 1748 ss.

157 1764 352 1819 ilalmericurte
368 1778 429 1819 oum
445 1770 519 1817 terra
543 1761 577 1817 ad
599 1763 674 1834 ipsos
696 1764 864 1834 pertinente;
882 1764 952 1820 allo-

156 1853 230 1909 dium
243 1867 322 1908 secns
337 1851 462 1907 eamdem
477 1850 579 1919 villam,
602 1851 783 1924 quadraginta
804 1851 952 1921 jornalium

156 1942 183 1998 in
208 1941 364 2014 episcopatu
392 1938 575 1994 laudemensi
598 1939 672 2010 apud
691 1938 801 1995 iliboldi
821 1950 950 1998 montem.

66 2068 70 2075 -
157 2032 265 2092 curtem
279 2045 364 2084 urnam
389 2044 451 2084 cum
471 2026 598 2082 domibus
613 2027 646 2082 ed
667 2044 725 2082 eam
742 2028 950 2101 pertinentibus,

155 2122 182 2176 ei
197 2117 301 2175 duobus
316 2115 464 2186 viridariis,
481 2123 507 2171 et
530 2115 565 2170 de
591 2115 707 2171 culturis
730 2117 818 2172 eidem
833 2119 951 2175 'castello

154 2207 303 2280 proximis;
319 2213 419 2262 terram
433 2203 565 2259 arabilem
591 2204 637 2259 uni
657 2220 792 2261 carruccae
816 2205 952 2263 sufficien-

154 2306 219 2365 tem,
235 2303 261 2352 et
276 2294 384 2351 tertiam
399 2299 503 2365 partem
519 2293 606 2365 pratri
621 2293 734 2350 castello
749 2294 909 2365 adjacentis.
920 2296 950 2350 ln

152 2385 310 2457 episcopatu
336 2381 559 2449 cathalaunensi,
588 2381 672 2438 altare
689 2382 782 2440 Sancti
806 2384 901 2439 llilarii
916 2386 949 2442 de

152 2474 256 2539 buxito,
279 2488 341 2529 curn
356 2470 460 2541 capella
483 2470 584 2526 ibidem
608 2470 768 2542 pertinente,
786 2487 846 2543 qum
866 2481 907 2527 est
922 2473 949 2527 in

151 2561 255 2618 honore
269 2566 370 2615 sanctae
393 2557 533 2630 genitricis
556 2556 649 2613 llariae
671 2566 697 2614 et
725 2558 796 2613 beati
821 2558 947 2627 Nicaei,

152 2651 238 2707 altare
253 2650 287 2706 de
310 2646 375 2703 villa
399 2662 460 2718 quse
478 2660 563 2719 cappa
584 2646 703 2717 dicitur;
719 2645 805 2704 altare
823 2648 859 2704 de
880 2648 948 2705 villa

153 2739 245 2797 Sancti
260 2736 366 2800 Besoli;
382 2735 470 2791 altare
485 2735 519 2791 de
533 2735 635 2791 domno
649 2736 773 2792 llartino.
791 2736 821 2790 ln
836 2737 946 2809 episco-

150 2837 214 2902 patu
241 2825 395 2889 leodiensi,
421 2824 506 2880 altare
534 2824 568 2880 de
597 2823 777 2891 liorelineis;
807 2825 893 2883 altare
912 2826 947 2884 dc

151 2916 286 2986 §cosella
319 2913 404 2969 altare
448 2913 555 2969 Sanotm
586 2914 678 2969 hieriae
709 2913 879 2986 blagdalenae
911 2916 945 2972 de

150 3008 266 3076 cymaco
279 3018 340 3060 cum
353 3001 521 3074 appendiciis
536 3001 602 3058 suis.
620 3003 775 3058 claustrum
791 3019 899 3076 quoqne
917 3015 944 3061 et

150 3094 308 3152 suburbium
323 3092 395 3163 quod
411 3090 484 3147 circa
498 3092 692 3147 monasterium
709 3099 759 3158 est,
777 3100 803 3148 et
813 3093 944 3164 adipsum

149 3184 274 3258 pertinet,
292 3183 325 3237 ab
340 3180 413 3237 omni
440 3180 580 3237 erectione
603 3180 720 3236 liberum
744 3196 805 3237 csse
820 3181 944 3238 decerni-

148 3290 220 3340 mus,
237 3279 265 3329 ut
288 3271 315 3327 in
344 3271 384 3326 eis
414 3268 504 3325 nullus
533 3268 630 3325 audeat
658 3269 765 3341 aliquas
787 3271 944 3327 exactiones

147 3363 288 3436 imponere
304 3379 311 3428 ς
328 3359 377 3416 sed
392 3368 448 3414 tam
465 3366 492 3414 tu
508 3373 589 3430 qnam
603 3373 776 3416 successores
791 3359 839 3427 tui,
857 3361 944 3432 quiin

149 3452 246 3511 eodem
259 3449 321 3506 loco
336 3463 388 3520 pro
398 3456 522 3519 tempore
533 3446 632 3502 inerint
641 3447 683 3502 vel
693 3446 736 3503 cni
747 3447 800 3519 ipsi
810 3464 945 3521 praecepa·

148 3541 211 3608 rint,
228 3546 255 3595 et
271 3536 482 3595 consuetudines
499 3550 567 3607 quas
582 3536 654 3590 idern
672 3536 865 3592 coenobiumin
876 3538 943 3609 ipsis

147 3627 277 3684 habuisse
289 3623 470 3698 cognoscitur,
489 3624 574 3679 libere
591 3624 670 3680 robis
694 3623 774 3680 liceat
790 3626 941 3697 possidere,

147 3717 273 3776 videlicet
287 3714 450 3788 portagium,
467 3713 611 3786 rotagium,
630 3712 824 3787 thelonagium,
841 3715 943 3772 modia·

146 3808 231 3882 gium,
247 3804 401 3877 lioragium,
426 3817 487 3860 cum
513 3802 605 3859 banno
632 3808 659 3858 et
678 3801 782 3872 justitia
790 3844 937 3859 .....

146 3896 324 3954 Probibcmns
330 3933 461 3949 .....
481 3901 508 3948 ut
523 3891 587 3947 nulli
607 3907 727 3965 unquam
748 3893 941 3950 monachorum

144 3995 207 4060 post
223 3984 323 4042 iactam
332 4023 462 4038 .....
488 3979 698 4054 professionem,
724 3981 828 4056 absque
856 3982 941 4039 libera

144 4075 251 4132 abbatis
266 4082 292 4130 et
312 4071 424 4128 iratrnm
448 4070 569 4138 licentia,
599 4070 794 4127 monasterium
821 4078 940 4128 vestrum

143 4163 311 4238 relinquere,
327 4170 352 4218 et
367 4159 401 4217 ad
416 4160 499 4216 alium
515 4159 603 4216 locum
623 4159 701 4216 liceat
716 4161 894 4232 pertransire.
912 4162 941 4219 Si

143 4271 219 4322 vero,
236 4252 309 4326 quod
324 4251 405 4318 absit,
419 4251 471 4306 hoc
487 4249 574 4322 ipsum
590 4247 699 4304 evenire
714 4249 940 4322 contigerit,post

144 4343 290 4403 secundam
320 4348 346 4396 et
373 4337 479 4395 tertiam
504 4336 617 4393 fratrum
646 4352 756 4393 suornm
784 4338 937 4395 commoni-

1046 1772 1104 1843 ligo
1119 1773 1262 1830 Liniredus
1277 1776 1421 1849 presbyter
1442 1778 1591 1836 cardinalis
1606 1798 1643 1835 ss.

1043 1860 1101 1933 Ego
1127 1862 1214 1919 Lucas
1242 1865 1386 1937 presbyter
1414 1867 1519 1924 cardin.
1551 1869 1619 1923 tituli
1648 1877 1804 1925 sanctorum

1006 1947 1117 2004 ioannis
1132 1956 1158 2005 et
1175 1950 1250 2007 Pauli
1265 1969 1303 2008 ss.

1041 2038 1101 2110 Ego
1128 2038 1279 2112 Gregorius
1306 2042 1439 2100 diaconus
1467 2044 1614 2101 cardinalis
1647 2052 1804 2104 sanctorum

1005 2124 1095 2199 Sergii
1110 2134 1137 2182 et
1152 2127 1250 2186 Bacchi
1265 2146 1303 2185 ss.

1039 2227 1098 2298 Ego
1109 2227 1425 2303 crisogonusdiaconus
1436 2233 1584 2290 cardinalis
1596 2236 1702 2292 Sanclae
1714 2237 1804 2291 hiarino

1003 2313 1031 2370 in
1045 2316 1152 2374 Portica
1168 2335 1205 2374 ss.

1038 2419 1107 2475 Data
1123 2420 1191 2477 Pisis
1205 2438 1375 2494 permenam
1392 2425 1533 2494 himerici,
1547 2427 1654 2484 Sanctae
1668 2427 1803 2484 llomanae

1003 2507 1134 2565 Ecclesiae
1157 2510 1265 2567 diaconi
1289 2513 1437 2569 cardinalis
1452 2521 1479 2569 et
1494 2515 1663 2582 cancellarii,
1683 2531 1711 2571 vr
1738 2517 1803 2572 ldus

1002 2597 1175 2665 Novembris,
1191 2600 1340 2658 indictione
1356 2617 1404 2668 xv,
1421 2603 1619 2660 incarnationis
1645 2603 1802 2661 Dominicae

1001 2699 1074 2743 anno
1094 2688 1176 2742 ,1136
1190 2688 1209 2754 ';
1239 2688 1414 2761 pontificatus
1442 2693 1621 2750 verodomni
1650 2694 1800 2750 innocentii

999 2789 1078 2847 papae
1093 2776 1208 2834 secundi
1223 2793 1295 2835 anno
1315 2795 1367 2834 vu.

1333 2931 1468 2987 ccxcvi.

959 3053 984 3115 C
1001 3051 1246 3111 carthusiensium
1263 3056 1436 3113 hostis-Dei
1446 3059 1476 3111 iu
1487 3057 1600 3114 diaecesi
1612 3059 1741 3115 nonense·
1752 3059 1795 3113 in-

1211 3137 1395 3193 stitutionem
1412 3136 1577 3205 confirmat.

1226 3260 1315 3329 (Anno
1330 3259 1410 3327 1136,
1426 3259 1497 3316 Nou.
1513 3261 1570 3329 23.)

1081 3380 1219 3453 [Manuos.
1235 3383 1395 3456 Metropolis
1410 3383 1569 3453 Remeusis,
1585 3384 1619 3446 ll,
1636 3383 1711 3457 dih]

1033 3505 1220 3560 innocensms
1249 3506 1404 3577 episcopus,
1437 3521 1534 3562 servus
1561 3519 1706 3563 servornm
1734 3506 1794 3572 Dei,

998 3592 1104 3650 dilectis
1118 3593 1246 3649 iratribus
1268 3594 1296 3649 in
1318 3593 1484 3651 monasterio
1509 3594 1541 3650 S.
1564 3593 1655 3650 blesim
1681 3595 1795 3650 Montis-

997 3681 1047 3738 Dei
1060 3682 1153 3738 divino
1180 3683 1320 3738 iarnulatui
1348 3683 1519 3755 mancipatis,
1535 3691 1589 3738 tarn
1613 3682 1795 3754 praesentibus

996 3786 1076 3842 qnam
1092 3770 1189 3826 lutaris
1198 3771 1226 3826 in
1240 3779 1410 3843 perpetuum.

1032 3860 1072 3915 td
1087 3860 1139 3916 hoo
1153 3859 1314 3916 uniuersalis
1336 3860 1465 3917 Ecclesiae
1479 3874 1546 3917 eura
1570 3859 1680 3917 nobisa
1700 3861 1794 3932 provi-

996 3963 1059 4005 sore
1074 3948 1194 4004 omninm
1210 3949 1344 4006 bonorum
1360 3950 1418 4005 Deo
1442 3949 1593 4006 commissa
1617 3956 1667 4015 est,
1685 3957 1713 4004 nt
1727 3949 1794 4006 reli·

995 4036 1089 4111 giosas
1103 4036 1250 4110 diligamus
1276 4053 1418 4109 personas,
1448 4047 1476 4094 et
1495 4037 1719 4110 beneplacentem
1735 4039 1793 4095 Deo

995 4125 1158 4198 religionem
1182 4125 1341 4182 studeamus
1365 4125 1454 4182 modis
1476 4126 1602 4183 omnibns
1616 4140 1791 4198 pmpagare:

994 4229 1046 4272 nec
1059 4214 1132 4272 enim
1148 4214 1206 4271 Deo
1220 4223 1317 4289 gratus
1331 4215 1477 4288 aliquando
1493 4215 1639 4272 famulatus
1654 4215 1793 4287 impendi-

994 4311 1047 4370 tur,
1063 4303 1115 4359 nisi
1133 4320 1165 4361 er
1182 4305 1273 4362 radice
1288 4305 1430 4362 charitatis
1454 4305 1616 4378 procedens,
1642 4305 1792 4375 apuritste

142 4435 254 4499 tionem,
269 4429 303 4485 ad
318 4427 460 4501 proprium
474 4425 565 4482 locum
580 4424 656 4498 [ΜΠ]
671 4425 792 4496 redierit,
809 4427 902 4483 abbati
911 4436 938 4485 eg
954 4409 981 4475 D
997 4399 1138 4472 religionis
1166 4400 1246 4458 luerit
1274 4408 1461 4458 conservatus.
1491 4401 1619 4473 ideoque,
1645 4399 1738 4457 dilecti
1764 4401 1792 4455 in

141 4520 270 4578 iratribus
284 4517 342 4573 suis
357 4532 418 4572 eum
427 4513 617 4582 interdicendi,
629 4513 672 4571 vel
682 4517 937 4575 excommunicandi

142 4608 319 4669 concedimus
334 4604 497 4662 facultatem.

177 4707 249 4766 Nulli
262 4719 328 4778 ergo
343 4704 482 4760 hominum
492 4701 572 4760 liceat
581 4703 653 4759 idem
666 4703 822 4761 coenobium
835 4712 935 4762 temere

140 4805 312 4881 perturbare,
328 4811 373 4859 aut
389 4803 448 4871 eius
462 4800 653 4873 possessiones
666 4801 786 4869 auterre,
802 4801 847 4858 vel
860 4802 936 4859 abla-

138 4914 181 4964 tas
195 4902 463 4969 retinere,minuere,
474 4916 525 4957 seu
535 4898 700 4972 quibuslibet
710 4899 933 4974 modislatigare,

139 5005 188 5061 sed
203 5005 306 5075 integra
320 5008 516 5057 conserventur
526 4999 619 5056 omnia
632 5014 740 5068 eorum,
760 5015 810 5071 pro
820 5015 935 5073 quorum

138 5098 339 5174 gubernatione
352 5106 379 5153 et
392 5097 588 5152 sustentatione
602 5100 824 5163 concessissent,
841 5097 935 5153 usibus

138 5193 303 5254 omnimodis
328 5191 477 5262 protutura,
519 5191 596 5247 salvs
627 5191 756 5247 nimirum
785 5191 933 5250 dioecesani

137 5295 258 5368 episcopi
287 5291 420 5350 canonica
445 5291 548 5361 justitia
576 5299 604 5347 et
628 5294 793 5349 reverentia.
823 5294 851 5351 Si
880 5312 933 5368 qna

136 5393 220 5465 igitur
233 5388 419 5449 ecclesiastica
433 5389 606 5446 secularisve
621 5406 750 5464 persons,
766 5392 838 5450 banc
851 5397 932 5466 pegi-

135 5504 198 5544 nam
214 5497 311 5545 nostrae
325 5486 524 5545 constitutionis
539 5487 639 5555 sciens,
653 5499 744 5546 contra
760 5504 819 5546 earn
830 5497 931 5550 temere

134 5586 231 5644 venire
246 5587 398 5656 tentaverit,
428 5584 549 5642 seeundo
567 5587 680 5644 tertiove
711 5590 887 5660 commonita,
906 5591 928 5647 si

990 4489 1107 4546 Domino
1122 4489 1180 4557 biii,
1197 4489 1297 4547 restris
1307 4490 1392 4560 justis
1415 4489 1558 4546 desideriis
1578 4489 1727 4546 clementer
1741 4505 1790 4546 an-

990 4579 1107 4646 nuimus,
1123 4587 1150 4634 et
1177 4579 1264 4635 beata
1290 4579 1340 4634 Dei
1372 4578 1514 4652 genitricis
1533 4577 1745 4645 monasterium,
1761 4580 1789 4633 in

991 4680 1044 4738 qao
1060 4667 1151 4723 divino
1169 4666 1271 4724 vacatis
1294 4666 1417 4735 seruitio,
1433 4665 1591 4737 apostolicae
1610 4666 1685 4723 sedis
1704 4667 1788 4738 privi-

989 4754 1062 4828 legio
1072 4754 1283 4823 communimus,
1300 4755 1327 4811 in
1342 4755 1436 4827 primis
1449 4754 1585 4828 siquidem
1600 4759 1787 4812 statuentesut

989 4845 1058 4902 ordo
1072 4845 1249 4912 monasticus,
1264 4845 1309 4918 qui
1325 4845 1478 4902 secundum
1495 4858 1620 4900 normam
1634 4851 1663 4900 et
1675 4843 1786 4901 institu-

989 4934 1089 4991 tionem
1120 4933 1232 4991 lratmm
1260 4933 1504 4997 carthusiensium,
1534 4935 1562 4989 in
1595 4933 1693 4990 eodem
1725 4933 1787 4991 loco

991 5024 1114 5080 noscitur
1128 5023 1275 5088 institutas,
1292 5025 1432 5095 perpetuis
1447 5021 1545 5078 tuturis
1557 5022 1724 5094 temporibus
1731 5022 1788 5077 ibi-

990 5112 1053 5169 dem
1067 5110 1295 5183 irrefragabiliter
1308 5111 1480 5169 observetur.
1500 5111 1647 5168 Sensimus
1660 5111 1743 5168 etiem
1757 5120 1785 5168 nt

988 5199 1056 5257 nulli
1083 5201 1194 5257 omnino
1222 5199 1303 5257 liceat
1329 5200 1454 5257 ordinent
1485 5199 1723 5257 carthusiensium
1756 5202 1785 5256 in

987 5297 1086 5355 eodem
1100 5297 1266 5354 monasterio
1280 5297 1427 5354 stabilitum
1441 5295 1783 5371 intringere,minnerevel

986 5402 1102 5460 matare,
1118 5401 1146 5450 et
1158 5392 1311 5451 libertatem
1326 5409 1409 5467 quarn
1421 5393 1573 5465 carthusia,
1585 5391 1691 5450 seilicet
1704 5401 1783 5465 caput

985 5490 1065 5562 hujus
1080 5489 1194 5558 ordinis,
1203 5490 1295 5563 hebet,
1305 5499 1424 5549 vestrum
1439 5491 1595 5549 coenobium
1607 5488 1782 5547 nihilominus

984 5587 1113 5658 obtineat,
1129 5605 1180 5646 ntus
1194 5588 1273 5648 alicui
1288 5604 1349 5648 eam
1362 5589 1444 5649 liceat
1458 5587 1592 5647 ullatenus
1607 5587 1724 5646 uiolae.
1743 5586 1778 5645 Ut
