3750 6000
92 208 134 265 til
693 205 866 265 nutstotn·
886 208 931 264 ΕΤ
949 209 1163 269 entittnotn.
1687 224 1742 283 162

91 336 171 405 pratis
186 348 220 389 ac
243 333 304 390 sine
328 334 462 407 pravitate
479 334 596 392 volucrit
612 332 734 390 exibere.
760 328 886 400 Alioquin
901 334 929 393 A
944 335 992 385 trus
1008 332 1179 388 tielernlentlo
1196 335 1302 391 erctiori
1312 336 1599 399 debeamnscltarilala
1608 344 1734 420 diligere,

91 437 136 493 pro
150 422 311 479 eorumdem
328 431 568 480 sacramentorum
579 422 752 492 susceptione
767 416 890 473 Cattrcli-
944 435 1011 491 qnas
1027 420 1105 476 beato
1133 422 1213 477 Petro
1225 429 1252 478 et
1266 433 1369 481 sancte
1396 428 1524 485 llcmanae
1539 432 1736 494 Ecclesiaenon

94 527 160 579 curn,
177 528 258 583 quem
274 511 418 568 volueritis
434 513 593 585 episcopum
600 508 770 580 adeatis,qni
784 515 891 578 aposto-
943 518 983 564 est
994 508 1104 564 dehinm
1120 510 1266 581 specialius
1281 514 1431 571 adhaerere.
1449 518 1568 590 Dignum
1583 537 1701 596 namque
1711 534 1737 582 et

94 599 151 654 ¹50ae
165 600 241 656 “dis
255 600 339 655 sullus
353 601 529 668 ³⁰010tilblt's
546 601 617 673 (llffld
629 598 791 670 P⁰³¹l¹¹³¹1¹l2
803 594 890 650 indul·
942 606 1057 661 honeste
1081 608 1247 663 conveniens
1262 626 1323 665 esse
1338 614 1513 684 cognoscitur
1529 625 1557 671 nt
1573 619 1618 689 qui
1632 621 1666 675 ad
1680 621 1736 679 Ec·

94 704 168 768 qest.
189 696 314 752 Obennte
329 714 396 754 vero
407 696 710 768 tennncejnsdemloci
724 694 831 759 abbate,
843 691 890 748 vel
943 693 1089 750 clesierum
1107 697 1230 769 regimen
1244 700 1377 770 assumpti
1390 718 1494 768 snmus,
1510 720 1603 760 earnm
1618 708 1703 777 quieti
1712 719 1740 768 et

94 792 199 841 tuorum
218 783 342 858 quolibet
370 803 571 853 successomm,
598 786 688 843 nullus
706 784 747 840 ibi
770 782 891 853 qnalibet
943 782 1049 839 utilitati
1079 784 1234 852 salubriter,
1263 789 1409 845 auxiliante
1438 792 1563 864 Domino,
1595 797 1739 866 providere

96 873 281 944 subreptionis
296 874 398 929 astutia
422 891 470 931 seu
485 874 612 930 violentia
625 876 813 946 praeponatur,
837 865 890 924 nisi
944 886 1081 928 curemus.
1098 873 1229 942 Proinde,
1245 875 1344 933 dilecte
1358 877 1385 932 in
1397 879 1513 936 Domino
1527 880 1565 936 iili
1579 883 1739 956 ildeprande

96 976 173 1033 qoem
189 961 289 1018 iratres
314 963 612 1029 eommuniconsensn,
636 961 800 1018 cellratrnm
829 975 891 1030 pars
943 959 1023 1025 abba,
1044 961 1098 1016 tuis
1115 962 1322 1019 rationabilibus
1332 967 1739 1045 postulationibusbenignitate

92 1049 195 1106 consilii
223 1049 341 1105 sanioris
367 1053 517 1108 secundnm
534 1051 582 1107 Dei
595 1051 730 1115 timorem,
761 1056 788 1104 et
816 1046 889 1102 beati
943 1049 1035 1104 debita
1058 1049 1183 1105 duximus
1198 1053 1371 1109 annuendum
1395 1056 1653 1117 etNonantulanum
1667 1065 1739 1120 beati

93 1137 230 1194 Benedicti
260 1139 389 1212 regulam
406 1139 551 1212 elegerint.
566 1138 746 1195 Decernimus
766 1150 834 1208 erpo
861 1141 891 1188 nt
943 1135 1065 1192 Silvestri
1080 1141 1285 1206 monasterium,
1302 1142 1346 1197 cni
1363 1142 1480 1200 Domino
1494 1155 1738 1221 anctorepraeesse

90 1234 154 1290 nulli
169 1235 282 1291 omnino
298 1237 438 1292 hominum
454 1236 495 1291 las
509 1237 543 1294 sit
557 1236 783 1308 praenominatum
798 1247 890 1289 coenn·
942 1232 1126 1307 dignosceris,
1142 1238 1215 1309 quod
1230 1240 1322 1311 ntique
1337 1242 1372 1296 ab
1382 1242 1487 1300 hstnlio
1494 1245 1737 1319 Langobardorum

89 1323 158 1378 bium
187 1333 293 1380 temere
323 1327 500 1396 perturbare,
529 1335 574 1380 ant
609 1325 670 1396 ejus
701 1322 890 1395 possessiones
942 1338 1019 1394 rege,
1047 1326 1168 1394 ejusdem
1183 1327 1236 1383 loci
1259 1328 1410 1397 fundatore,
1428 1332 1506 1388 beato
1524 1336 1601 1392 Petro
1616 1338 1737 1396 oblatum

89 1421 204 1490 anlerre,
221 1421 264 1479 vel
280 1422 386 1478 ablatas
402 1423 532 1489 retinere,
543 1423 678 1487 minuere,
695 1430 740 1476 ant
754 1419 890 1491 aliquibus
942 1418 992 1466 esi·
1010 1412 1047 1468 od
1063 1416 1203 1485 exemplat·
1217 1417 1447 1486 predecessomm
1470 1430 1625 1481 nostrorum
1650 1426 1737 1487 seticis

90 1510 283 1567 vexationibus
300 1510 424 1583 fatigare,
442 1513 490 1567 sed
506 1512 716 1584 omninintegre
728 1523 892 1566 conserven·
941 1501 1082 1557 memOtiae
1110 1504 1218 1571 Leonis.
1241 1504 1399 1574 Alexandri,
1427 1510 1565 1567 Paschelis
1578 1523 1604 1568 et
1625 1515 1735 1588 calixti,

88 1606 130 1654 tnr
141 1615 241 1655 eorum
259 1616 311 1672 pro
321 1616 437 1672 qnorum
448 1601 678 1672 gubernationeet
692 1596 889 1654 sustentatione
941 1588 1129 1645 Romanorum
1145 1591 1314 1663 willihelm,
1330 1597 1487 1666 &potiolicae
1506 1600 1579 1656 sedis
1594 1604 1736 1678 privilegio

87 1702 220 1743 concessa
236 1696 300 1743 sunt
315 1689 409 1744 usibus
418 1690 583 1746 omnimodis
601 1688 751 1761 profutura.
764 1685 925 1761 lldjudi-13
942 1679 1151 1735 communimus.
1169 1680 1611 1761 Statuimusonimutquaecunqne
1621 1694 1734 1763 praedia,

87 1776 159 1832 ciram
175 1787 274 1832 autern
300 1786 437 1848 perceptus
464 1778 546 1848 hujus
574 1794 591 1834 a
618 1778 738 1833 Romana
764 1774 887 1832 Ecclesia

87 1863 221 1920 libertatis
236 1880 339 1921 eureos
353 1866 425 1922 duos
441 1868 585 1938 quotannis
599 1863 773 1922 lateranensi
788 1862 888 1935 palatio

87 1963 264 2035 persolvetis.
291 1964 321 2020 Si
336 1965 399 2035 quis
413 1965 498 2036 igitur
511 1965 677 2036 patriarcha,
699 1963 887 2034 archicpisco-

86 2066 145 2122 pus,
153 2052 316 2124 episcopus,
329 2059 376 2108 ant
386 2053 571 2111 ecclesiastica
579 2052 751 2109 saecularisve
759 2065 885 2123 persone,

86 2139 112 2194 in
136 2139 267 2196 futurum
293 2142 364 2197 hanc
394 2151 496 2198 nostra
524 2140 728 2198 constitutionis
759 2140 886 2212 paginam

88 2228 189 2296 edens,
206 2238 306 2284 contra
321 2239 489 2287 eamtemere
503 2227 887 2296 veniretentarerit,secundo

88 2320 203 2374 tertiove
230 2319 407 2386 commonita,
435 2320 457 2374 si
482 2335 536 2375 non
558 2318 741 2376 satisfactione
764 2331 887 2390 congrua

90 2416 287 2483 emendaverit,
317 2417 458 2488 potestatis
489 2417 655 2489 honorisque
687 2416 729 2472 sui
755 2415 886 2488 dignitate

88 2513 188 2573 careat,
202 2521 336 2577 reamque
357 2522 387 2562 se
398 2506 490 2562 divino
502 2506 605 2575 jndicio
622 2506 741 2561 existere
768 2505 802 2560 de
819 2520 885 2574 per-

89 2603 189 2666 petrata
205 2584 349 2666 iniquitate
364 2603 524 2666 cognoscat,
534 2594 887 2665 etasnuctissimocorpore

89 2688 114 2738 et
127 2683 263 2754 sangnine
280 2683 328 2739 Dei
348 2691 374 2738 et
384 2683 493 2739 Domini
514 2684 598 2739 nostri
613 2682 805 2755 Redemptoris
819 2683 886 2736 lesu

92 2769 184 2826 Christi
215 2770 307 2827 eliens
348 2769 406 2839 liat,
447 2780 529 2844 atque
552 2772 580 2826 in
608 2782 730 2828 extremo
759 2770 885 2826 examine

91 2857 218 2915 districte
233 2858 329 2915 ultioni
344 2860 480 2929 sujaceat.
496 2859 606 2914 Cunctis
621 2868 710 2914 antem
720 2858 808 2913 eidem
824 2857 885 2914 loco

93 2969 137 3010 sna
159 2956 223 3024 jura
253 2955 426 3010 servantibus
450 2955 484 3009 sit
499 2971 548 3025 pax
580 2954 687 3011 Domini
709 2953 793 3009 nostri
820 2955 885 3008 lesu

941 1779 1535 1849 quascunquepossessionessenbonaidem
1545 1790 1737 1848 monasterinm

940 1862 1189 1934 impresentiarum
1214 1868 1287 1936 juste
1314 1878 1341 1925 ct
1364 1870 1485 1944 legitime
1504 1876 1635 1946 possidet,
1660 1877 1737 1938 firma

941 1951 999 2018 tibi,
1018 1952 1126 2026 tuisque
1141 1958 1349 2013 successoribus
1374 1967 1401 2014 et
1416 1960 1520 2018 illibata
1548 1978 1736 2039 permaneant,

940 2039 967 2094 in
984 2041 1084 2112 quihus
1098 2042 1157 2098 haec
1171 2045 1289 2116 propriis
1299 2048 1454 2105 nominibus
1467 2050 1621 2110 adnotanda
1629 2056 1738 2130 sanun·

940 2137 1030 2207 pimus
1050 2139 1160 2210 :ipsum
1180 2141 1310 2198 videlicet
1337 2146 1479 2202 castellum
1506 2150 1735 2225 Nonantnlannm,

940 2225 1082 2282 castellum
1100 2228 1195 2294 Vetus,
1212 2231 1351 2286 Caliacum
1370 2234 1567 2304 Cathiniennm,
1584 2241 1734 2313 Fananum,

941 2314 1084 2385 Lixannm,
1103 2315 1270 2388 Sclopinnm,
1282 2319 1439 2388 Samouum,
1458 2324 1629 2396 campilium,
1646 2332 1731 2388 blara-

939 2417 1016 2469 nnm,
1034 2405 1142 2459 Pratum
1157 2405 1296 2472 Albinum,
1312 2411 1508 2466 monasterium
1524 2414 1631 2473 Sanctae
1644 2419 1737 2479 nucia

940 2504 1003 2547 cnm
1018 2492 1145 2548 ecclesiis
1173 2502 1201 2548 ct
1219 2496 1388 2566 pertinentiis
1404 2500 1471 2566 suis,
1500 2503 1643 2562 ecclesiam
1668 2509 1736 2566 San·

941 2589 1069 2646 ctissimae
1088 2590 1230 2647 Trinitatis
1253 2593 1410 2665 deSavino,
1426 2598 1620 2668 llnnzolinum,
1646 2606 1736 2663 Rava-

939 2676 1016 2745 Iium,
1035 2677 1226 2746 llasteltinum,
1248 2680 1374 2738 Sanctam
1399 2686 1515 2742 hieriam
1529 2689 1563 2745 de
1591 2690 1734 2764 Grnmolo,

941 2764 1117 2836 spinalberti,
1135 2768 1280 2837 Solarium,
1299 2771 1441 2841 Roncalia,
1457 2776 1651 2850 Cameranam,
1667 2782 1736 2840 Cur·

940 2862 986 2919 tile
997 2864 1115 2931 Siccam,
1132 2868 1274 2923 castellnm
1290 2869 1422 2938 Pollacci,
1438 2872 1610 2945 Trecentnla,
1627 2882 1735 2939 Bonde-

939 2967 1013 3020 num,
1026 2954 1187 3023 Negariam,
1208 2956 1349 3012 castellnm
1357 2960 1734 3029 Cellam,etllarzaliamcum

94 3042 202 3109 Christi,
220 3053 356 3115 quatenus
370 3052 398 3100 et
412 3043 585 3099 hiclructum
601 3044 679 3098 bonae
693 3042 807 3098 actionis
819 3059 884 3113 per·
901 3041 1111 3118 cpcrtinentiis
1130 3059 1239 3099 corum.
1274 3046 1410 3103 Praeterea
1437 3051 1576 3106 castellum
1612 3055 1733 3126 Cellulae,

96 3130 189 3202 cipiunt
204 3139 232 3187 et
246 3132 319 3203 apud
340 3131 491 3187 districtum
506 3132 630 3188 iudicem
652 3131 764 3203 praemia
778 3139 886 3187 aeternae

96 3228 165 3298 pacis
177 3228 330 3285 inveniant.
342 3230 445 3296 Amen,
461 3245 552 3296 amen,
568 3245 658 3286 amen.

124 3317 183 3390 liqo
200 3318 378 3375 innocentius
389 3317 539 3375 Catholicae
546 3317 884 3389 Ecclesiaeepiscopusss.

125 3406 185 3480 Ego
200 3405 360 3463 Gnalterins
375 3405 403 3462 S.
419 3406 586 3463 Ravennatis
602 3406 826 3478 archiepiscopus
840 3421 881 3460 ss.

126 3495 181 3567 logo
196 3494 361 3552 Gnillelmns
376 3495 559 3551 Praenestinus
573 3496 718 3567 episcopus
732 3511 775 3550 ss.

125 3583 182 3658 ligo
197 3584 335 3642 Romanus
349 3584 422 3641 diac.
437 3585 514 3642 card.
531 3585 560 3641 S.
576 3584 668 3641 llariae
682 3585 709 3639 in
725 3583 828 3640 Porticu
839 3599 880 3638 ss.

127 3672 183 3746 lige
198 3673 350 3746 Gregorius
365 3673 436 3730 diac.
451 3674 528 3730 card.
545 3672 693 3746 SSSerqii
705 3671 884 3728 etBacchiss.

126 3761 180 3833 liqc
197 3761 279 3819 Oddo
294 3762 364 3817 diac.
382 3762 462 3818 card.
479 3761 511 3817 S.
531 3761 644 3834 Georgii
658 3761 694 3816 ad
708 3760 814 3817 Vallum
828 3763 884 3815 llu-

96 3865 166 3906 renm
181 3866 223 3906 ss.

126 3947 221 4005 hatum
246 3947 409 4005 Nonantnlae
427 3963 477 4020 per
498 3962 609 4004 menum
632 3946 760 4004 himerici
784 3951 885 4004 sanctae

97 4035 217 4094 bnans
240 4037 373 4094 Ecclesiae
387 4037 460 4092 diac.
479 4037 559 4093 card.
587 4044 613 4093 et
641 4034 775 4102 cancell.,
791 4036 885 4093 Nonas

98 4132 230 4202 Octobris,
246 4132 394 4190 indictione
409 4132 524 4201 decima,
540 4132 739 4189 incarnationis
759 4132 884 4187 Domini-

98 4235 131 4276 ee
143 4237 215 4278 anno
229 4222 375 4278 millesimo
384 4222 535 4278 centesimo
543 4221 684 4293 trigesimo
694 4219 784 4288 tertio,
796 4219 887 4292 ponti·

97 4307 183 4367 ieatns
197 4326 265 4368 uero
280 4310 374 4367 domni
388 4311 539 4367 iunocentii
555 4311 579 4365 ll
593 4326 673 4383 papae
687 4325 760 4366 enno
775 4327 818 4364 nr.

440 4409 529 4464 CXX.

98 4507 253 4566 sumserit
281 4507 480 4564 Nonantolnni
495 4507 681 4578 possessiones
695 4508 725 4561 cl
740 4505 888 4577 privileqtu

404 4595 569 4665 confirmat.

317 4693 410 4762 (Anno
427 4692 505 4759 naa,
521 4690 583 4748 Oct.
599 4690 656 4753 tat

188 4782 359 4856 illustrent,
376 4781 471 4852 luliq.
485 4781 562 4847 ltol,
577 4787 598 4834 t.
615 4779 647 4846 V,
663 4795 693 4850 p.
713 4777 793 4850 iis]

128 4881 318 4937 lrueocnnrtns
345 4879 502 4949 episcopus,
530 4893 628 4933 servus
656 4890 798 4932 servorum
825 4875 885 4937 Dei.

95 4967 192 5026 diecto
205 4968 233 5024 in
250 4966 360 5024 Christo
376 4964 432 5022 lilio
447 4969 624 5021 lennenxnno
638 4964 821 5020 Nonantnlani
832 4979 888 5019 mc

94 5057 203 5115 nutent
221 5055 328 5127 abbati,
354 5056 470 5128 ejusque
497 5053 700 5112 successoribus
725 5052 888 5126 regulariter

93 5151 128 5210 ibi
138 5152 296 5211 viventibus
309 5151 337 5207 in
350 5155 524 5225 perpetuum,
539 5151 655 5207 salutem
670 5155 697 5205 et
712 5147 889 5221 apostolicam

92 5242 321 5300 benedictionem.

124 5332 193 5389 Cnm
215 5329 345 5387 omnibns
359 5327 491 5384 Ecclesiis
514 5335 540 5384 el
554 5324 749 5384 ecclesiasticis
763 5324 888 5398 personis

90 5418 229 5478 debitores
251 5435 284 5476 ex
299 5416 458 5490 apostolicae
477 5415 722 5474 sedissuctoritate
741 5430 774 5471 ac
800 5414 887 5469 benc·

89 5510 208 5568 solemia
229 5508 393 5574 existamus,
409 5504 464 5562 illis
479 5514 569 5562 umen
583 5504 725 5562 ardentius
740 5501 888 5575 providere

87 5614 140 5657 nos
153 5598 295 5666 mevenit,
309 5603 341 5653 ut
352 5610 413 5666 eas,
425 5609 441 5651 a
455 5609 600 5666 pratorum
615 5594 757 5653 homiuum
766 5591 886 5650 incursi·

941 3139 1043 3185 curtem
1053 3130 1180 3203 Rugusae,
1201 3134 1342 3190 castellnm
1356 3137 1505 3192 Theodnldi
1533 3155 1595 3195 cum
1609 3145 1736 3202 omnibus

941 3217 1049 3284 alodiis,
1067 3236 1128 3291 qum
1144 3221 1241 3293 inipso
1256 3224 1383 3279 comitatu
1398 3224 1565 3282 Ferrariensi
1580 3230 1736 3290 Bonilacins

940 3306 1064 3363 marchio
1090 3309 1224 3380 acquisita
1246 3311 1379 3381 possedit,
1409 3322 1501 3370 restro
1527 3315 1735 3390 inperpetuum

940 3397 1109 3452 monasterio
1138 3397 1416 3473 confirmamusque
1442 3402 1579 3461 comitisse
1599 3406 1736 3468 diethildis

940 3492 974 3549 de
989 3494 1137 3563 oblatione,
1150 3514 1231 3570 qnam
1244 3497 1344 3555 Sancto
1359 3500 1441 3556 Petro
1450 3509 1477 3557 et
1491 3503 1622 3562 Romanae
1635 3507 1735 3567 Eccle-

940 3580 988 3637 siae
1003 3582 1130 3652 dederet,
1147 3585 1226 3640 tobis
1247 3603 1334 3658 nuper
1348 3588 1461 3646 dedisse
1481 3595 1668 3665 cognoscitur,
1683 3599 1735 3654 sub

940 3684 1025 3727 certsn
1040 3672 1144 3728 scilicet
1161 3675 1329 3731 uniusaurei
1344 3691 1443 3745 annno,
1454 3678 1736 3756 incivitatePapiensi

939 3758 1085 3815 ecclesiam
1114 3761 1206 3817 Sancti
1230 3761 1344 3834 Quirini,
1367 3765 1394 3821 in
1410 3767 1566 3825 Placentina
1589 3773 1735 3832 ecclesiam

940 3854 1032 3910 Sancti
1061 3856 1194 3926 Silvestri,
1224 3860 1251 3913 iu
1276 3861 1434 3920 llcnticello
1466 3867 1611 3924 ecclesiam
1640 3871 1734 3931 Sancti
1831 3922 1834 3926 .

939 3942 1063 4013 Georgii,
1076 3944 1103 3999 in
1118 3945 1253 4002 Cremona
1265 3949 1412 4005 ecclesiam
1429 3953 1524 4009 Sancti
1538 3956 1673 4026 silvestri,
1683 3977 1733 4019 ec·

938 4031 1049 4088 clesiarn
1072 4034 1178 4090 Sanctae
1201 4035 1305 4106 Crucis,
1336 4047 1363 4094 et
1377 4040 1521 4097 ecclesiam
1536 4046 1626 4101 Sancti
1648 4049 1735 4107 Bene·

939 4121 1012 4187 dicti,
1034 4122 1061 4177 in
1087 4122 1230 4178 Parmensi
1255 4124 1401 4181 ecclesiam
1426 4128 1520 4186 Sancti
1543 4131 1677 4204 Silvestri,
1705 4138 1733 4194 in

940 4209 1074 4267 suburbio
1104 4210 1232 4269 Vicentiae
1252 4214 1395 4270 ecclesiam
1421 4218 1515 4274 Sancti
1542 4220 1676 4290 silvestri,
1705 4226 1733 4283 iu

939 4297 1082 4354 Libertina
1096 4301 1240 4356 ecclesiam
1256 4304 1351 4360 Sancti
1367 4305 1500 4374 Silvestri,
1515 4309 1541 4363 in
1559 4310 1736 4373 Montesilinae

898 4410 924 4472 1)
940 4397 1085 4454 ecclesiam
1113 4400 1207 4456 Sancti
1233 4402 1354 4458 Dariielis
1378 4420 1441 4460 cnm
1458 4409 1585 4465 omnibus
1599 4411 1632 4465 ed
1647 4413 1735 4484 ipsam

941 4487 1156 4559 pertinentibus,
1168 4488 1196 4543 in
1210 4491 1351 4546 Tarvisina
1374 4493 1483 4551 civitate
1496 4498 1644 4556 ecclesiam
1663 4501 1735 4559 Sen-

941 4582 992 4632 ctae
1007 4576 1106 4642 llariae,
1124 4585 1149 4631 et
1165 4577 1270 4634 Sanctae
1286 4579 1399 4637 Fuschae
1413 4598 1476 4639 cnm
1491 4583 1629 4659 libertate,
1650 4592 1738 4664 capel·

940 4663 985 4730 lis,
1006 4672 1032 4718 et
1052 4665 1179 4720 omnibns
1206 4667 1241 4721 ad
1269 4683 1331 4723 eum
1359 4672 1571 4740 pertinentibus.
1590 4677 1662 4735 Sane
1686 4696 1738 4738 nec

940 4752 1087 4809 llutinensi
1100 4754 1221 4824 omnino,
1232 4770 1285 4813 nec
1294 4757 1376 4812 alicui
1390 4759 1517 4831 cuiqnam
1532 4765 1735 4837 episcoporum,

940 4849 983 4906 vel
1000 4850 1165 4924 principum,
1189 4854 1328 4910 autalicni
1352 4855 1555 4927 ecclesiasticae,
1579 4864 1738 4926 saecnlarive

941 4955 1065 5010 personae
1080 4941 1161 4997 liceat
1173 4942 1334 5013 supradicto
1346 4947 1526 5015 morrasterio,
1542 4959 1589 5005 ent
1604 4953 1663 5021 ejus
1677 4957 1738 5013 cel·

941 5027 976 5083 lis
993 5028 1035 5084 rel
1050 5030 1184 5096 ecclesiis,
1202 5030 1316 5103 aliisque
1339 5033 1560 5104 possessionibus
1587 5055 1738 5113 vexamen

943 5125 1054 5189 inlerre.
1071 5128 1229 5185 exactiones
1244 5127 1395 5201 imponere,
1411 5131 1549 5203 placitum,
1574 5138 1636 5199 sive
1652 5142 1738 5201 collo·

944 5216 1048 5289 qninm,
1058 5226 1157 5287 praeter
1170 5217 1277 5272 abbatis
1297 5234 1330 5275 ac
1345 5219 1457 5279 lratrrnn
1472 5225 1647 5299 voluntatem,
1663 5231 1738 5289 indi-

943 5321 1006 5361 cere
1022 5305 1065 5360 vel
1080 5312 1183 5361 tenere.
1201 5305 1330 5363 Ohennte
1345 5326 1411 5367 vero
1422 5321 1449 5368 te
1462 5329 1534 5372 nnnc
1547 5317 1669 5385 eiusdem
1684 5321 1738 5379 loci

942 5393 1050 5459 abbate,
1067 5394 1110 5450 uel
1126 5400 1233 5449 tuorum
1247 5396 1366 5467 quolibet
1381 5416 1589 5473 successorum,
1601 5407 1738 5467 nullusibi

942 5490 1062 5562 qnalibet
1076 5491 1261 5563 subreptionis
1271 5495 1369 5551 astutia
1385 5499 1577 5560 suaviolentia
1600 5521 1738 5579 propona-

943 5595 997 5660 tur,
1009 5588 1062 5645 nisi
1075 5605 1157 5662 quem
1176 5591 1274 5648 iratres
1299 5596 1595 5674 communiconsensn,
1620 5605 1665 5663 vel
1676 5605 1737 5665 irs·
