3750 6000
96 203 175 266 tros
489 197 771 262 santonensis
795 197 829 257 a.
853 182 992 259 anatra
1011 195 1049 255 ta
1074 192 1178 258 unas
1201 196 1419 260 suusstocv.
1727 205 1806 264 tres

95 340 259 415 gloriticarc
282 353 386 396 nemea
403 351 490 395 suum
510 336 599 393 etiam
615 334 755 393 inusitata
768 333 918 390 miraculo.
935 331 963 398 A
978 333 1067 389 milas
1082 333 1217 390 conlecta
1241 332 1450 400 multitudinis,
1471 337 1541 390 tuac
1557 349 1622 390 vero
1638 333 1736 392 rabies
1753 351 1800 392 ar-

96 431 174 499 Papa
190 428 378 486 Innocentius
401 424 437 482 ab
462 425 567 483 amulo
583 439 635 482 sua
650 428 743 481 Roma
757 421 868 495 pulsus,
885 421 920 478 ab
977 420 1073 478 dentis
1083 420 1230 478 charitatis
1242 424 1270 478 ct
1280 422 1375 478 rabies
1386 421 1560 480 insanientis
1571 422 1687 493 pictatis
1698 439 1800 495 pross-

96 517 229 575 ecclesiis
244 516 399 590 cisalpinis
416 519 443 572 et
459 515 577 588 regibus
592 519 622 570 et
638 510 821 586 principibus
836 515 919 567 terre
975 510 1076 580 quitur
1090 510 1256 580 abeuntem,
1267 519 1294 566 at
1311 511 1420 583 rumpit
1435 527 1500 569 aera
1511 516 1540 569 et
1554 520 1685 586 penetrat
1700 513 1799 586 ipsum

96 606 258 664 honorifice
273 610 438 678 susceptus,
454 604 663 661 monasterium
675 600 776 658 Sancti
790 597 922 657 Medardl
978 600 1081 656 emtum
1097 604 1125 657 et
1139 600 1306 656 violentiam
1323 601 1432 673 irrogat
1446 599 1503 674 ipsi
1518 601 1587 671 Deo,
1604 603 1722 675 qualem
1737 619 1801 677 per·

97 691 921 768 Suessioaensisquodesttraaslluviumsitum,recens
977 690 1051 747 terra
1080 687 1182 758 voluit,
1215 694 1243 746 et
1266 692 1418 760 extorquet
1445 689 1481 746 ab
1510 707 1544 747 ao
1570 691 1800 749 miscricordiam

97 784 292 851 dedicaverat,
315 784 350 839 ad
376 799 465 855 quam
491 780 705 838 solemnitatem
730 777 804 835 tanti
821 775 921 851 populi
976 796 1064 853 quam
1081 797 1140 836 non
1160 779 1268 836 invitus
1289 780 1455 852 prestabat.
1477 780 1648 839 Introducta
1666 781 1756 855 igitur
1770 781 1800 838 ia

98 875 261 948 frequentia
278 880 464 943 convenerat,
480 875 556 946 quod
570 874 653 930 lacile
668 871 742 928 edici
756 887 812 927 uon
829 872 923 943 potest
976 867 1138 940 ecelesiam,
1170 875 1284 941 quanta
1307 867 1408 925 laudes
1432 872 1460 925 et
1487 870 1646 943 gratiarum
1670 870 1801 928 actiones

97 971 155 1022 tam
179 963 273 1037 gratia
298 962 506 1033 Dedicationis,
528 978 617 1035 quam
635 966 668 1018 ut
690 965 756 1019 vota
775 965 804 1017 st
822 975 921 1031 preces
977 957 1096 1015 redditas
1112 958 1172 1014 sint
1186 957 1244 1014 Deo
1265 963 1295 1014 et
1308 956 1442 1030 gloriosae
1463 958 1514 1015 Dei
1536 958 1669 1029 genitrici
1690 957 1799 1027 Maria,

97 1055 189 1113 beata
201 1054 330 1128 Virginis
342 1054 392 1111 Dei
409 1053 559 1127 genitricis
570 1052 664 1110 Maria
677 1052 707 1108 in
718 1049 841 1108 ecelesia
856 1051 921 1122 ejus
976 1052 1075 1121 utpote
1090 1050 1166 1120 qued
1187 1048 1334 1108 inellabils
1350 1057 1393 1107 est
1408 1047 1481 1105 edici
1496 1065 1556 1106 nou
1571 1053 1674 1122 potest.

97 1145 304 1217 PONOVVPQV·
321 1143 422 1199 Adfuit
442 1141 518 1198 intel
531 1145 649 1199 ⁰ae20f⁰⁸
664 1141 798 1214 quedam
816 1137 921 1195 muli&
1036 1148 1137 1206 xxttt.
1155 1151 1191 1206 ile
1205 1152 1301 1220 tristato
1317 1153 1394 1206 atero
1408 1149 1534 1205 mulieris
1547 1152 1644 1206 sanato
1656 1150 1734 1219 sestis

96 1233 132 1290 de
147 1250 218 1305 pago
236 1231 434 1300 laudunensi,
452 1230 480 1286 id
497 1234 541 1288 est
557 1231 592 1287 de
608 1234 703 1286 castro
719 1230 797 1301 qued
813 1227 922 1284 dieitur
1292 1220 1483 1277 Paschaiibas.

96 1321 286 1380 Itumiaiacus
300 1319 922 1393 (demipontqaaesuorumnonimmemor
1011 1321 1095 1392 Apud
1120 1323 1249 1376 castrum
1279 1319 1357 1392 quod
1384 1317 1493 1390 Nigella
1516 1317 1614 1391 (Necte)
1639 1318 1746 1375 dicitur
1769 1318 1800 1375 in

96 1416 294 1485 pcccatorum,
306 1426 373 1468 eum
389 1410 454 1466 aliis
470 1408 679 1465 monasterium
695 1407 783 1464 beata
798 1407 920 1478 virginis
974 1410 1197 1467 viromandensi
1214 1425 1287 1483 pago
1303 1409 1403 1480 situm,
1420 1408 1526 1467 mulier
1541 1409 1673 1484 quadam
1688 1410 1762 1467 uteri
1773 1414 1801 1468 et

97 1501 232 1574 ingressa
247 1500 406 1573 precessit3
430 1512 496 1556 cum
519 1514 585 1554 acce
606 1497 713 1553 virtute
728 1493 867 1553 invisibili
883 1496 919 1552 ab
975 1498 1369 1556 membrorumtensanimia
1381 1499 1530 1555 inflatione
1541 1499 1625 1555 anxia
1636 1499 1798 1557 laborabat.

98 1590 232 1663 ingressu
249 1593 373 1656 arcetur,
394 1592 423 1644 et
442 1587 488 1644 bis
503 1591 605 1659 terque
624 1590 728 1644 conata
750 1584 855 1641 lortius
874 1600 919 1640 re·
975 1587 1049 1644 Huic
1064 1589 1133 1644 dum
1151 1587 1195 1644 vir
1209 1589 1271 1660 ejas
1290 1587 1434 1645 accelerat
1454 1603 1537 1660 opem
1553 1588 1627 1644 terra
1642 1603 1693 1661 per
1708 1589 1801 1644 medi·

96 1677 236 1750 pallitur;
252 1679 380 1734 admista
402 1675 581 1733 multitudini
597 1675 667 1732 dum
682 1674 816 1747 improbe
831 1690 862 1730 se
877 1672 922 1729 in·
940 1673 962 1740 B
978 1693 1038 1744 cos,
1054 1677 1108 1735 hoc
1124 1681 1157 1735 ut
1178 1677 1299 1751 longum
1322 1676 1483 1751 prestolari
1507 1675 1556 1733 illa
1572 1692 1657 1750 posse
1673 1676 1798 1751 negavit,

97 1769 182 1840 gerit,
198 1766 379 1825 tantumdem
401 1764 532 1839 proiecit.
558 1769 638 1822 lunc
657 1779 724 1821 vero
740 1762 838 1820 divino
854 1778 919 1835 per·
976 1771 1004 1824 et
1018 1771 1140 1839 urgente
1152 1765 1287 1824 violentia
1299 1766 1392 1823 morbi
1403 1781 1509 1839 equum
1522 1765 1579 1822 sibi
1590 1782 1678 1841 quam
1694 1766 1800 1825 festiae

97 1862 220 1930 urgente
233 1857 358 1930 judicio,
381 1873 414 1914 eo
436 1855 514 1927 quod
536 1871 664 1929 presens
683 1854 795 1912 vexatio
809 1853 922 1911 intelle·
976 1855 1132 1929 preparari
1157 1856 1297 1927 deposcit,
1314 1856 1400 1929 plena
1415 1856 1471 1911 fida
1491 1856 1550 1927 jam
1567 1871 1748 1929 presumens
1763 1856 1800 1912 de

97 1954 175 2004 ctum
190 1948 278 2003 dabat
302 1945 427 2011 auditui,
452 1945 571 2000 tandem
593 1960 656 2001 saro
677 1948 835 2001 accusante
850 1959 921 2000 cen·
976 1945 1070 2002 salute
1084 1945 1135 2002 Dei
1148 1945 1264 2011 matris,
1280 1945 1306 2001 si
1322 1948 1482 2001 mereretur
1496 1943 1599 2001 limina
1619 1947 1799 2019 contingere.

96 2035 229 2104 scientia,
245 2039 342 2091 reatus
353 2033 398 2090 sui
414 2033 617 2107 magnitudine
629 2037 777 2091 commota
787 2037 847 2090 toto
858 2047 921 2089 cor·
975 2032 1214 2106 Proiectaitaque
1225 2041 1269 2092 est
1280 2035 1314 2090 ad
1326 2034 1427 2090 urbam
1437 2034 1642 2090 suessonicam
1654 2049 1714 2089 una
1732 2048 1799 2091 cum

96 2141 167 2197 pore
183 2131 306 2182 tremere
328 2128 356 2182 et
381 2123 522 2181 membris
545 2124 613 2180 totis
638 2139 695 2194 pra
711 2123 801 2179 nimio
817 2137 923 2196 pavere
976 2125 1038 2182 viro
1063 2139 1135 2192 suo;
1161 2125 1285 2181 deducta
1310 2123 1400 2197 igitur
1422 2138 1517 2194 usque
1541 2122 1576 2179 ad
1602 2123 1691 2180 altare
1708 2121 1801 2181 Beata

98 2214 191 2271 vexari
208 2214 304 2286 eoepit.
318 2215 392 2269 Tum
408 2217 553 2285 prostrata
569 2213 598 2267 in
616 2212 719 2268 taciem
740 2228 862 2268 manum
879 2210 921 2267 di·
976 2213 1106 2288 Virginis
1131 2230 1237 2270 manus
1258 2228 1360 2284 graves
1383 2229 1443 2286 prta
1467 2211 1569 2269 timore
1584 2227 1799 2286 superponens,

95 2303 155 2360 vini
175 2303 281 2376 judieii
305 2318 393 2375 super
418 2317 449 2358 se
473 2301 612 2367 sentiens,
628 2300 723 2374 magis
747 2300 923 2359 clamoribus
977 2303 1346 2376 annulumadigitoquem
1359 2301 1494 2358 uullavis
1506 2305 1678 2373 extorquere
1689 2304 1801 2374 poterat

98 2392 349 2450 circumstantium
365 2407 450 2465 opem
466 2395 495 2447 et
506 2407 604 2462 preces
620 2392 654 2447 ad
666 2391 759 2447 Deum
771 2408 823 2463 pra
839 2407 870 2447 se
881 2390 924 2447 in·
977 2393 1042 2451 elici
1054 2394 1217 2451 lidalrasus
1228 2392 1526 2465 elllagitabatdicens:
1538 2390 1801 2462 «Dulcisllomina,

97 2488 209 2540 stanter
224 2481 404 2539 obsecrabat.
426 2481 514 2537 Adest
529 2480 666 2537 sacerdos
689 2481 847 2537 advocatus
872 2479 922 2555 qai
978 2483 1092 2542 educite
1108 2482 1188 2540 hune
1203 2481 1346 2538 annulum
1363 2479 1483 2553 adigtto
1498 2496 1561 2537 mae
1572 2481 1801 2538 atvastersritas

98 2573 196 2628 misse
207 2570 385 2628 celebrande
394 2571 459 2641 J'am
472 2573 591 2642 paratus
602 2570 706 2626 luerat.
718 2569 822 2650 Festus
833 2568 924 2642 igitur
1012 2573 1094 2640 Quod
1107 2587 1173 2628 mox
1183 2571 1225 2627 ita
1236 2572 1343 2627 iactum
1354 2574 1409 2628 est.
1422 2572 1444 2626 Α
1456 2568 1561 2643 quinta
1570 2585 1639 2643 ergo
1651 2568 1721 2626 teria
1735 2585 1800 2642 quas

97 2662 192 2721 allicio
208 2666 236 2718 et
254 2666 331 2718 veste
342 2659 515 2717 sacerdotali
527 2676 584 2734 qua
596 2659 718 2717 indutus
728 2664 800 2726 erat,
817 2658 923 2715 mulie·
978 2665 1022 2718 est
1038 2666 1105 2718 ante
1117 2660 1239 2729 Pascha,
1251 2661 1392 2717 sustinuit
1405 2664 1550 2716 tumerem
1563 2658 1648 2729 uteri,
1660 2675 1718 2731 quo
1729 2674 1801 2732 pene

96 2768 157 2809 rem
175 2751 313 2808 miseram
324 2750 474 2822 jacentem
488 2749 583 2821 erigit,
600 2752 627 2806 et
642 2750 709 2805 data
726 2766 813 2805 manu
829 2747 924 2804 turbis
978 2750 1176 2823 rumpebatur,
1196 2750 1375 2822 usquedum
1391 2748 1517 2805 transito
1528 2748 1660 2819 eiusdem
1678 2746 1741 2804 testi
1757 2747 1803 2804 dia

95 2840 315 2914 impellentibus
329 2840 358 2895 in
374 2837 529 2896 ecclesiam
546 2837 682 2894 inducere
698 2841 799 2894 tentat.
816 2837 871 2894 Sed
890 2843 920 2892 ut
977 2842 1006 2894 et
1020 2842 1105 2894 noete
1127 2838 1285 2895 subsecuta
1305 2835 1453 2894 dormiens
1475 2836 1601 2909 perlecta
1620 2838 1724 2891 sanata
1744 2838 1799 2892 eet.

95 2929 160 3002 ipsa
175 2934 275 3003 postea
291 2928 403 2992 retulit,
419 2932 500 2985 tanto
517 2928 647 3000 pondere
662 2928 860 3000 gravabantur
873 2941 921 2998 pe·
975 2926 1103 2984 Excussa
1119 2943 1186 2999 ergo
1202 2930 1230 2984 et
1254 2925 1365 2983 nullam
1391 2925 1512 2982 omnino
1526 2924 1712 2996 gravedinem
1727 2938 1796 2979 seu-

94 3020 145 3076 des
160 3020 235 3091 ejus,
260 3023 292 3077 ut
306 3035 419 3076 massas
441 3016 594 3091 plumbeas
616 3016 672 3073 sibi
693 3016 825 3090 alligatas
841 3016 918 3073 asti·
935 2994 956 3063 C
974 3016 1050 3073 tiens
1070 3016 1233 3088 prorumpit
1256 3014 1406 3072 salestina
1429 3015 1463 3071 ad
1487 3013 1589 3071 altare.
1612 3014 1650 3068 tt
1669 3011 1713 3067 vir
1735 3012 1799 3083 ejus

93 3114 197 3166 maret.
212 3107 291 3165 Nihil
307 3109 406 3180 itaque
421 3106 552 3180 proiecit,
569 3110 619 3163 aut
634 3105 749 3179 proprio
764 3105 919 3163 conamine
973 3105 1083 3162 excitus
1100 3120 1235 3162 asomno
1250 3109 1278 3160 et
1292 3104 1429 3160 turbatus
1440 3121 1446 3159 ι
1458 3126 1472 3155 a
1485 3104 1559 3174 Quo,
1571 3101 1680 3175 iuquit,
1693 3100 1800 3158 misera

93 3205 141 3253 sut
156 3196 326 3254 sacerdotali
334 3197 496 3270 juvamine,
507 3212 559 3253 seu
575 3194 701 3253 violento
713 3193 847 3268 populari
864 3193 918 3249 im·
973 3195 1089 3267 proruis
1101 3194 1162 3266 J'am
1176 3193 1365 3249 maritarat»
1378 3223 1413 3233 -
1429 3210 1440 3241 ι
1454 3191 1528 3259 Non,
1540 3191 1636 3262 inquit
1651 3188 1711 3260 illa,
1729 3190 1800 3262 quis

94 3285 199 3359 pulsu:
226 3286 387 3342 ducebatur
410 3286 593 3342 dextrorsum
624 3291 672 3341 aut
701 3283 917 3349 sinistrorsum,
969 3285 1032 3356 jam
1055 3283 1245 3358 pergratiam
1269 3282 1321 3340 Dei
1344 3286 1373 3338 ct
1396 3281 1532 3353 pietatem
1559 3281 1647 3336 beata
1671 3279 1798 3352 Virginis

91 3380 120 3431 et
135 3375 260 3432 liberum
281 3382 311 3429 ut
326 3373 421 3430 canteri
443 3390 628 3448 progressum
650 3372 789 3441 habebat,
803 3373 918 3446 ingredi
972 3373 1092 3431 omnino
1107 3372 1231 3430 liberata
1247 3388 1325 3441 sum,
1341 3378 1369 3427 et
1389 3369 1463 3426 nihil
1478 3368 1587 3425 doloris
1602 3373 1630 3424 et
1646 3367 1796 3439 praeteritae

91 3480 159 3522 vero
173 3463 323 3520 ecclesiam
340 3464 467 3536 paranti,
484 3463 640 3521 violentius
659 3462 704 3519 vis
718 3479 825 3520 arcana
838 3461 918 3519 obsi·
972 3461 1155 3520 infirmitatis
1168 3460 1271 3536 patior.
1284 3483 1298 3512 ιι
1315 3460 1404 3531 Cujus
1414 3474 1481 3532 erge
1493 3457 1574 3531 prius
1585 3457 1724 3529 egritudo
1735 3459 1797 3514 erat

94 3554 197 3610 stabat.
214 3554 374 3610 Tancvera
390 3554 502 3610 clamer
516 3552 614 3626 populi
629 3552 783 3622 attollitur,
796 3552 918 3610 etdolor
972 3553 1136 3623 notissima,
1157 3551 1187 3608 in
1209 3550 1288 3608 brevi
1314 3550 1427 3607 sanitas
1452 3549 1526 3605 lacta
1549 3555 1592 3605 cst
1616 3545 1749 3606 celebris.
1769 3547 1797 3602 et

92 3645 120 3699 et
132 3642 265 3714 lacryma
279 3641 480 3698 multitudinis
491 3658 546 3699 sua
557 3649 673 3713 peecata
683 3640 917 3713 suumquejudi·
971 3641 1137 3714 percrebuit
1152 3642 1227 3712 apud
1241 3654 1345 3697 omnes
1358 3637 1430 3711 quid
1445 3636 1708 3709 impresentiarum
1724 3650 1794 3706 ope-

92 3730 169 3787 cium
192 3733 222 3787 in
243 3730 295 3786 illa
316 3730 435 3788 mrrlisrc
456 3731 708 3803 congemiscentis.
734 3729 807 3795 Quid
828 3731 918 3803 ergo?
971 3732 1107 3786 natusest
1119 3728 1270 3785 Dominus.
1281 3731 1374 3800 Super
1388 3725 1443 3782 hoc
1454 3725 1528 3781 data
1546 3723 1727 3781 suntlaudcs
1739 3727 1795 3780 ileo

93 3822 167 3890 Quid
183 3820 263 3878 aliud
275 3823 404 3879 restabat
415 3821 473 3879 nisi
488 3821 617 3877 divinam
628 3821 732 3878 taciem
744 3836 794 3894 per
809 3821 918 3878 ennias·
971 3824 1000 3875 et
1014 3820 1106 3875 beatas
1120 3815 1234 3889 Virgini
1250 3814 1332 3872 Matri
1347 3813 1454 3871 Christi
1469 3814 1545 3884 ejus,
1561 3816 1589 3869 et
1599 3812 1740 3885 ampliata
1752 3815 1796 3868 cst

92 3911 203 3967 sionem
220 3909 347 3983 placare,
362 3917 390 3967 et
404 3909 447 3966 sic
464 3908 694 3966 misericordiam
705 3911 769 3980 ejus
785 3908 916 3967 securius
972 3907 1072 3965 latitia
1092 3906 1172 3964 iestis
1189 3904 1386 3977 paschalibus.

94 3999 272 4071 imploraret
287 3997 385 4055 Voluit
406 4015 474 4073 ergo
495 3999 627 4057 cantitari
650 4000 744 4056 eidam
760 4000 913 4071 sacerdoti,
1008 4007 1108 4065 xxiv,
1125 4008 1163 4062 op
1176 4005 1292 4079 infirmo
1306 4022 1354 4079 per
1369 4020 1466 4078 panem
1477 4012 1575 4062 sanata
1589 4006 1640 4076 qni
1653 4019 1760 4061 soccum

92 4096 118 4145 et
131 4104 186 4160 quo
198 4087 311 4160 judicio
322 4090 358 4144 sit
369 4094 469 4145 actum
485 4089 628 4145 incertum
642 4088 793 4160 habemus,
810 4099 839 4146 ut
852 4088 916 4163 ipsa
1314 4077 1457 4152 ‘elfwal-

92 4176 199 4245 aiebat,
215 4176 295 4234 nullo
316 4178 400 4235 modo
421 4177 522 4251 potuit.
543 4177 643 4236 Dolore
654 4182 682 4236 et
697 4178 800 4236 timore
814 4195 915 4252 perur·
1008 4180 1112 4250 Dieile,
1124 4178 1232 4251 inquit,
1250 4179 1329 4250 justo
1347 4178 1417 4252 quia
1430 4178 1512 4245 hene,
1524 4176 1591 4250 quio
1603 4177 1728 4233 tractum
1743 4172 1796 4230 ad·

92 4270 190 4339 gente,
205 4266 298 4323 voluit
313 4273 430 4340 peecata
445 4284 496 4323 sua
512 4267 693 4338 proclamare
707 4267 737 4323 iu
753 4267 915 4341 publicam,
972 4268 1167 4326 inventionum
1183 4284 1303 4326 suarum
1315 4268 1457 4326 comedet.
1469 4269 1567 4324 iustus
1577 4272 1675 4323 autem
1688 4279 1722 4321 aa
1736 4263 1795 4318 sads

92 4355 144 4411 sed
160 4355 306 4426 prohibita
330 4360 384 4414 est.
400 4358 547 4414 Advocato
570 4361 667 4414 autem
683 4357 739 4414 alio
754 4359 916 4428 sacerdote,
931 4315 956 4380 D
970 4364 1016 4416 ast
1030 4365 1059 4416 et
1070 4361 1172 4433 justus
1189 4376 1223 4418 ex
1241 4359 1297 4415 lida
1314 4358 1383 4416 vlvit
1399 4359 1488 4430 (Rom.
1504 4357 1545 4430 r);
1561 4356 1713 4413 attractus
1728 4352 1797 4409 ssdei

93 4461 184 4516 quam
201 4446 298 4501 verius
313 4450 341 4501 at
355 4445 501 4502 sincerius
516 4448 619 4518 patuit,
641 4445 779 4504 nimirum
795 4453 826 4504 ut
841 4463 916 4521 epus
969 4449 1084 4522 justitia
1098 4454 1152 4508 est.
1168 4449 1231 4507 Non
1247 4453 1293 4506 est
1308 4448 1422 4506 tructus
1438 4448 1560 4521 justitie
1577 4445 1635 4504 nisi
1652 4461 1686 4502 aa
1699 4443 1798 4501 radice

92 4537 153 4590 erat
167 4534 194 4591 ci
208 4550 272 4606 quea
287 4550 336 4606 per
356 4536 506 4592 veritatem
525 4535 640 4594 veritati
662 4537 912 4608 reconciliabatur,
972 4539 1052 4609 fidei,
1064 4544 1274 4614 argumentosa
1289 4540 1361 4596 tides
1377 4539 1529 4611 estitaque
1541 4537 1577 4593 ad
1589 4535 1797 4594 inveniendum

91 4638 159 4677 cum
174 4623 286 4696 gemitu
302 4627 330 4679 et
345 4624 445 4680 dolare
459 4624 594 4682 contessa
605 4628 659 4681 est.
676 4625 804 4699 Regabat
818 4641 913 4683 sacer·
971 4634 1004 4687 ut
1019 4632 1197 4688 truetttteara
1222 4631 1324 4703 possit.
1341 4630 1405 4687 Non
1421 4643 1490 4701 ergo
1504 4627 1667 4684 sufficiebat
1682 4623 1797 4699 populis

92 4710 186 4768 dotent
212 4719 242 4768 ut
266 4712 382 4784 publice
409 4712 543 4783 ediceret,
569 4718 602 4770 ut
626 4717 707 4771 tanto
735 4720 865 4787 parceret
888 4716 914 4773 el
972 4719 1157 4777 lldalibusad
1172 4715 1798 4792 remediaexposcendaadirelocambaates

92 4801 181 4871 Deus,
198 4810 305 4876 quanto
326 4803 508 4861 confessione
522 4807 551 4861 et
565 4804 728 4877 ignominia
742 4820 793 4877 pro
809 4806 914 4864 timore
971 4808 1084 4883 Virgini
1101 4809 1242 4879 dicatam,
1253 4809 1282 4865 in
1297 4825 1356 4880 qao
1369 4807 1510 4866 beneficia
1520 4809 1656 4880 prestare
1670 4801 1795 4874 solebat,

91 4893 155 4964 ejus
183 4892 420 4965 pertunderetur,
446 4892 497 4950 sad
524 4892 572 4950 illa
598 4892 776 4951 moderatius
798 4894 916 4954 intuens
971 4897 1128 4971 sedeloci
1145 4898 1181 4954 de
1195 4899 1315 4954 remotis
1327 4897 1459 4969 partibus
1473 4911 1504 4954 se
1518 4893 1633 4953 facilem
1646 4907 1797 4950 recursum

90 4983 259 5055 suppressit,
274 4986 303 5038 et
318 4981 610 5056 dixitqaaibijussa
626 4987 707 5040 sunt.
725 4983 916 5043 Absolutione
971 4987 1041 5045 illuc
1065 4988 1174 5046 habere
1197 4988 1402 5061 desperabant,
1429 4985 1542 5060 aliquid
1565 4981 1737 5042 memoriale
1760 4981 1797 5040 ds

91 5071 190 5144 itaque
201 5075 345 5145 percepta,
367 5078 467 5130 renata
487 5078 515 5128 et
529 5076 678 5142 renovata,
695 5072 843 5146 supplices
857 5091 917 5133 ma·
971 5078 1070 5136 eadem
1086 5076 1209 5136 ecclesis
1223 5075 1306 5151 ligni,
1327 5076 1372 5134 val
1387 5080 1483 5146 terrae,
1500 5075 1543 5132 vel
1564 5071 1649 5147 panis
1664 5070 1715 5144 qui
1730 5085 1797 5129 soc·

90 5177 147 5218 nus
162 5162 280 5233 pertusa
293 5161 429 5234 lacrymis
444 5160 480 5219 ad
494 5161 597 5219 turbas
608 5162 834 5222 circumstantes
848 5182 916 5237 pro·
971 5182 1038 5225 cum
1050 5166 1141 5224 besta
1155 5167 1286 5241 Virginis
1310 5164 1482 5239 contigerat,
1498 5163 1585 5222 stiam
1602 5168 1667 5234 post
1679 5163 1797 5233 accepta

88 5250 207 5307 tendere
220 5249 317 5323 caepit,
329 5256 360 5307 ut
372 5267 434 5324 que
446 5251 506 5309 suis
517 5250 678 5323 dillldebat,
690 5267 792 5312 aarum
804 5252 916 5314 meritis
969 5256 1100 5314 remedia
1109 5272 1210 5314 secum
1221 5256 1356 5314 revehere
1365 5256 1595 5314 consueverant:
1606 5268 1664 5326 quo
1675 5248 1798 5310 tutiores

84 5341 253 5411 juvaretur;
270 5339 403 5398 obsecrat
417 5341 598 5400 abbatissam
610 5342 665 5400 loci
681 5345 794 5416 adessa,
806 5361 870 5420 que
885 5347 915 5402 et
969 5345 1037 5404 lacti
1048 5346 1195 5420 prasidio,
1208 5347 1354 5404 adversam
1368 5361 1427 5404 noa
1438 5345 1576 5403 timerent
1584 5341 1797 5400 valetudinem.

87 5427 190 5496 adluit,
206 5431 235 5484 et
251 5427 320 5486 data
340 5445 430 5488 manu
445 5447 480 5489 ex
495 5447 552 5507 qua
575 5431 661 5506 cepit
679 5447 744 5492 eam
759 5434 911 5503 deducere,
971 5435 1022 5494 liat
1035 5434 1127 5510 igitar
1148 5435 1231 5494 locus
1252 5442 1379 5494 castrum
1404 5433 1573 5510 batpalmas
1591 5432 1797 5506 (bapeaumes),

87 5519 158 5599 tuuc
172 5533 240 5578 vero
256 5515 367 5579 clamor
382 5520 494 5598 ingens,
510 5524 580 5580 tunc
593 5536 663 5581 vero
677 5521 812 5597 lacryma
824 5529 853 5584 et
867 5541 915 5600 ga·
970 5524 1053 5583 locus
1069 5528 1165 5585 summ
1182 5524 1230 5584 illa
1246 5523 1459 5600 latgniacurtis
1474 5523 1662 5597 (lagnicourt)
1677 5517 1798 5583 dicitur,
