3750 6000
11 5632 131 5693 ‘sun

8 5756 22 5805 t:

46 212 99 266 ³2⁹
654 210 830 269 EPISTOLAE
849 211 893 268 ET
913 211 1111 269 euthimii
1645 218 1698 273 330

47 334 168 392 factione
181 350 304 410 congma
317 335 511 405 emendaverit,
523 335 666 408 potestatis
679 337 848 409 honorisque
861 337 889 399 Α
903 336 942 393 ita
955 335 1018 393 iecit
1031 350 1193 408 prosperum
1208 336 1260 393 iter
1273 341 1409 404 nostrum,
1424 344 1452 393 ut
1467 337 1502 392 ab
1527 336 1594 394 urbe
1608 338 1697 396 Roma

49 423 92 479 ani
105 423 240 498 dignitate
254 432 357 494 careat,
374 440 504 498 reamque
518 441 548 480 ae
564 423 658 481 divino
671 424 776 495 iudicio
790 425 848 481 exi·
903 441 991 498 usque
1004 426 1129 493 barrum,
1146 425 1189 481 vix
1203 425 1293 498 aliqua
1307 426 1403 483 civitas
1417 432 1577 483 castrumve
1592 443 1700 484 reman-

49 521 127 568 atere
140 511 178 570 de
192 517 350 585 perpetrata
364 513 504 586 iniquitate
519 522 678 586 cognoscat.
686 519 714 570 et
728 529 747 569 s
760 529 852 571 sacra·
904 514 971 570 serit
985 514 1058 587 quod
1073 514 1153 570 beato
1174 515 1254 571 Petro
1273 524 1301 570 et
1315 514 1395 571 nobis
1409 514 1561 584 subjectum
1580 523 1608 573 et
1630 516 1700 574 obe-

50 600 325 675 tissimocorporeao
335 603 470 676 sangulne
480 601 589 659 Domini
599 602 648 659 Dei
658 601 854 674 Redemptnris
904 600 985 657 diens
998 617 1052 658 non
1062 601 1170 658 existat.
1186 601 1249 666 Qua
1267 601 1294 657 in
1313 618 1345 659 re
1362 602 1516 677 gaudemus
1530 602 1630 661 divinae
1639 620 1702 661 ms-

51 690 138 747 uostri
166 691 233 747 lesu
251 691 353 747 christi
380 690 547 758 alienafiat,
576 700 656 764 atque
674 691 703 747 in
730 699 852 748 extremo
906 706 958 746 nus
968 690 1077 760 antiqua
1088 705 1234 748 eoruscare
1244 690 1386 756 miraculo,
1397 691 1463 747 dum
1473 698 1568 748 saneta
1577 692 1705 751 Ecclesia

52 786 182 844 examine
197 787 328 845 districtae
347 786 444 844 ultioni
459 787 615 860 subjaceat.
635 787 747 845 Cunctis
761 797 851 844 autem
907 793 1012 860 quanto
1026 787 1144 860 amplius
1159 788 1211 845 sub
1225 789 1325 846 malleo
1353 789 1533 847 tribulationis
1548 791 1623 849 tundi
1639 808 1706 851 con·

52 876 145 933 eidem
160 876 290 933 esanohio
303 892 355 933 aua
365 877 431 947 jura
444 877 616 933 servantibus
628 878 662 933 sit
676 893 728 950 pax
743 874 853 933 Domini
907 877 1026 948 spicitur,
1039 885 1113 933 tanto
1128 878 1209 934 altius
1232 878 1458 953 sublevatur1ol.
1477 880 1662 956 sublimaturl,
1677 890 1706 939 et

52 966 143 1022 nostri
158 967 223 1022 Jesn
238 965 350 1031 Christi,
370 975 506 1038 quatenns
525 975 552 1023 et
580 966 623 1024 lrio
641 967 758 1023 lructum
773 967 853 1022 bonae
906 980 983 1022 more
996 975 1157 1034 aromatum,
1179 982 1234 1040 quo
1262 967 1350 1041 magis
1370 968 1536 1025 verberibus
1554 970 1652 1026 teritur
1669 987 1704 1028 eo

52 1055 169 1112 actionis
184 1054 343 1126 percipiant,
360 1054 635 1125 etapuddistrictum
647 1055 765 1125 judicem
781 1071 853 1127 prae·
903 1052 985 1110 latius
1000 1055 1177 1112 odoramenta
1191 1057 1334 1113 suavitatis
1369 1055 1498 1114 effundit.
1530 1059 1565 1115 tit
1591 1058 1704 1132 quidem

53 1146 107 1202 mia
120 1154 232 1201 aeternae
246 1144 322 1215 pacis
336 1144 487 1202 inveniant.
501 1147 600 1214 Amen,
615 1160 706 1211 amen,
720 1160 814 1201 amen.
906 1143 1027 1214 optabile
1053 1144 1135 1200 nobis
1154 1153 1211 1201 erat
1239 1144 1273 1212 ai.
1301 1146 1530 1219 quemadmodum
1556 1147 1640 1223 nobis
1655 1146 1710 1222 per

88 1244 132 1313 (S.
147 1245 190 1316 p.)
205 1242 264 1315 Ego
278 1240 452 1299 Innocentius
477 1242 624 1300 Catholicae
647 1241 776 1300 Ecclesia
792 1240 854 1314 epi·
908 1239 1015 1297 litteras
1041 1241 1178 1308 indicasti,
1206 1258 1332 1314 personae
1361 1251 1414 1300 tuae
1428 1257 1573 1316 possemus
1600 1246 1707 1306 habere

55 1349 169 1405 scopus.
575 1334 616 1403 (D.
633 1333 677 1403 V.)
909 1330 1090 1401 praesentiam,
1111 1338 1140 1387 ut
1154 1330 1197 1387 rel
1211 1332 1252 1389 sio
1265 1331 1374 1388 labores
1403 1332 1496 1389 nostri
1507 1331 1598 1390 diurni
1626 1343 1708 1408 etque

90 1425 153 1496 Ego
169 1421 259 1478 Guido
273 1419 406 1479 diaconus
420 1420 567 1478 cardinalia
582 1420 674 1478 Sancti
689 1419 814 1477 Adriani.
910 1418 1035 1474 nocturni
1047 1419 1173 1476 veterent
1185 1420 1245 1476 Deo
1258 1419 1375 1492 propitio
1393 1419 1529 1495 mitigari.
1554 1422 1611 1480 Sed
1639 1440 1712 1496 quo-

91 1513 192 1568 Datum
200 1511 263 1567 Dari
274 1526 440 1583 permauuru
448 1509 689 1582 bucaeprcsbyteri
697 1508 855 1575 cardinalis,
910 1506 985 1562 niam
1000 1507 1089 1564 aestivi
1102 1507 1227 1565 ferroras
1241 1515 1269 1564 et
1291 1509 1367 1565 sams
1386 1509 1575 1582 intemperies,
1604 1527 1712 1571 necnon

57 1602 167 1675 agentis
182 1602 271 1658 vicem
283 1600 386 1656 domini
396 1599 532 1666 himerici,
548 1608 651 1657 sanctae
661 1599 791 1655 Romanae
802 1598 857 1654 Ec·
910 1594 1046 1669 fragilitas
1073 1597 1270 1668 completionis
1298 1604 1350 1655 tuas
1368 1596 1396 1654 id
1424 1598 1537 1655 minime
1564 1600 1713 1672 patiuntur,

57 1694 152 1752 clesiae
168 1689 277 1747 diaconi
292 1689 440 1746 cardinalis
455 1698 482 1744 et
495 1688 701 1755 cancellarii,1t
716 1685 859 1758 haidulfi,
873 1687 900 1749 Β
914 1685 1072 1741 charitatem
1087 1693 1161 1742 tuam
1175 1686 1318 1742 hortamur
1331 1686 1358 1742 in
1375 1686 1493 1744 Domino
1507 1695 1653 1759 qnatenus,
1670 1690 1715 1754 his

56 1782 206 1839 indictione
231 1795 283 1847 xv,
301 1778 499 1835 lncsmationis
518 1777 667 1834 Dominicae
681 1791 754 1832 auno
775 1776 856 1842 illi,
911 1773 1030 1839 omissis,
1041 1789 1169 1830 unacum
1179 1790 1259 1832 sacro
1271 1773 1395 1842 Cluuinc,
1405 1774 1534 1850 collegio,
1544 1778 1716 1836 orationibus

55 1870 234 1946 pontificatus
251 1876 343 1925 autern
362 1867 465 1923 domini
483 1866 633 1923 Innocentii
647 1880 727 1938 papae
741 1866 766 1920 ll
784 1877 858 1921 anno
911 1861 1050 1919 consuetis
1063 1862 1186 1927 insistas,
1207 1870 1238 1918 ut
1253 1864 1450 1938 benignitatem
1472 1881 1555 1938 qnam
1584 1867 1717 1926 Conditor

57 1980 113 2019 vm,
912 1959 1007 2007 noster
1021 1951 1107 2008 voluit
1122 1952 1202 2008 nobis
1216 1952 1350 2010 hactenus
1375 1954 1521 2022 exhibere,
1548 1954 1624 2013 felici
1646 1971 1717 2014 con-

376 2054 544 2115 cccxiix.
914 2047 1097 2104 summatione
1112 2046 1235 2118 perliciat
1250 2061 1257 2102 :
1277 2054 1305 2104 et
1318 2047 1430 2105 diutinis
1453 2049 1594 2108 laboribus
1607 2067 1720 2124 sponsae

80 2161 119 2218 pe
133 2158 297 2217 „permira
310 2156 403 2213 gem
417 2153 564 2211 cmm,
576 2152 677 2209 simon
690 2150 831 2223 geppan,
913 2143 968 2191 tuae
992 2144 1074 2207 atque
1089 2134 1238 2191 Christiani
1248 2136 1352 2207 populi,
1373 2137 1428 2193 sub
1436 2137 1508 2212 jugo
1520 2139 1593 2196 illius
1607 2141 1715 2213 tyranni

294 2256 383 2325 (guno
399 2251 477 2317 1137ι
492 2252 549 2306 ιω,
569 2247 627 2315 gg)
916 2223 1002 2280 Siculi
1017 2224 1155 2291 macerati,
1167 2224 1268 2281 restris
1283 2225 1436 2282 etaliorum
1451 2227 1643 2301 relim'oacrum
1659 2247 1721 2302 pre-

59 2358 113 2432 [Dg
128 2353 271 2419 nomm,
285 2351 448 2409 Canum„
462 2349 502 2405 g„
517 2345 765 2419 guingggpume'
779 2358 807 2415 p·
824 2339 863 2414 ⁵·]
919 2312 997 2369 cibus
1010 2312 1166 2379 inclinatus,
1180 2313 1236 2382 iam
1253 2329 1329 2372 nunc
1343 2323 1468 2386 optatum
1485 2314 1566 2374 haam
1582 2318 1718 2391 imponat.

95 2449 293 2503 mmmm
307 2442 465 2512 episcopm,
478 2453 576 2493 smus
590 2450 732 2493 servorum
743 2432 805 2499 Dei,
820 2447 866 2487 w
918 2399 1150 2501 Quoduprolecto¹
1167 2402 1296 2502 sicntde
1313 2403 1400 2475 ipsius
1419 2404 1521 2475 pietate
1546 2406 1722 2480 confidimns,

62 2541 230 2602 nembilibus
245 2538 377 2594 iratribus
390 2530 575 2608 Flaccianum]
589 2529 702 2602 Tyrensi
724 2525 865 2598 archiepi·
919 2490 1050 2547 'emer
1063 2491 1309 2548 ⁰⁰⁰⁸¹¹¹¹¹m⁰b¹¹⁰f·
1326 2493 1368 2549 ¹³⁸
1380 2501 1481 2550 ‘W’
1495 2494 1639 2566 melltlm
1654 2511 1727 2554 θοῦ-

63 2649 160 2708 wopo’
181 2626 307 2703 101li
327 2622 489 2690 monensi,
507 2619 679 2694 nmmo]
698 2614 864 2682 Sidoniam,
919 2587 1032 2636 uentum
1047 2595 1097 2678 per
1114 2588 1140 2637 te
1155 2581 1184 2636 in
1198 2581 1317 2637 Domino
1331 2582 1494 2683 solemnica,
1514 2599 1565 2640 nos
1583 2592 1612 2640 et
1625 2583 1727 2642 intres

63 2724 220 2797 Biamuruo
235 2713 388 2773 berithensi
401 2709 570 2785 [episeopisl
591 2705 720 2778 ‘rurensis
735 2702 867 2761 Ecclesiae
918 2678 1031 2726 '¹⁰⁸²‘oe
1059 2678 1124 2736 ‘¹¹¹³’
1166 2677 1194 2726 οι
1221 2685 1316 2726 mm
1352 2673 1521 2729 ⁰³¹¹⁰¹¹¹b¹¹⁸
1548 2674 1727 2732 mmmm·

64 2807 260 2883 auffrsgsneis,
291 2803 463 2860 salutemet
491 2795 672 2869 apostolicam
695 2793 867 2851 benedictio·
921 2772 995 2813 '¹¹⁰⁸‘
1046 2855 1053 2867 ,
1146 2856 1152 2868 ‚
1199 2856 1206 2870 ,
1341 2856 1348 2870 .
1402 2856 1410 2872 .
1670 2861 1677 2874 ‚

64 2917 124 2957 nem
958 2855 1030 2911 Data
1045 2861 1227 2914 ruterntorro
1245 2857 1689 2935 Potentrensrxrrrllal.hugnsn.

96 2999 175 3055 Tunc
189 2996 218 3051 iu
232 2991 356 3050 Ecclesia
370 2987 479 3046 Domini
491 2986 574 3057 juxta
587 2982 654 3039 illud
669 2979 741 3039 sacri
766 2976 868 3052 eloquii
1241 2970 1411 3028 cccxxxi.

66 3097 106 3145 est
119 3085 245 3146 charitas
259 3081 395 3146 ordinate,
404 3093 467 3136 curn
477 3072 594 3145 subjecti
605 3071 725 3145 prelatis
735 3068 867 3125 obedien·
881 3047 906 3114 C
973 3067 1057 3124 Bulla
1065 3084 1118 3142 pro
1128 3065 1233 3126 didone
1247 3070 1342 3142 primo
1355 3069 1455 3128 cibala
1472 3070 1663 3134 cnstetttonts.

66 3180 130 3234 tiam
144 3186 173 3234 et
183 3172 368 3231 reverentiam
382 3167 520 3229 delerant,
545 3171 572 3219 et
586 3160 692 3234 pmtatt
705 3173 760 3215 uon
773 3164 803 3213 nt
817 3155 870 3213 do-
1149 3166 1239 3237 (Anuo
1256 3168 1336 3235 lidi,
1351 3165 1427 3238 Sept.
1444 3171 1502 3240 20.)

64 3269 201 3323 urinantes
216 3264 244 3318 in
259 3263 345 3326 clero,
360 3258 409 3315 sed
423 3256 514 3327 potius
529 3269 561 3310 aa
575 3257 776 3307 mansuetasse
787 3247 870 3302 bene·
1032 3263 1117 3336 [pagg
1136 3264 1253 3330 cmm„
1276 3264 1322 3332 pv,
1338 3266 1481 3334 pamm„
1497 3283 1524 3338 ρ,
1543 3267 1617 3343 4704

64 3359 141 3414 votos
159 3353 305 3412 exhibent.
328 3349 357 3405 Si
370 3347 444 3404 enim
459 3346 487 3400 in
502 3342 583 3399 rebus
598 3338 777 3397 mulssim
790 3350 870 3393 &lum
958 3352 1161 3419 innocencius,
1177 3368 1275 3409 servus
1294 3370 1437 3411 serrorum
1459 3357 1521 3423 Dei,
1549 3357 1654 3416 dilecto
1668 3357 1725 3419 titio

64 3448 165 3518 cuique
177 3444 225 3513 ius
240 3447 268 3498 et
296 3437 427 3511 plollt'ius
445 3433 516 3490 ⁰⁸¹⁰
535 3428 691 3487 ⁸0rv⁸¹¹d¹¹⁸
712 3433 764 3493 ⁹⁸²,
783 3424 870 3481 multo
922 3442 1031 3496 ninom
1046 3441 1185 3498 abbatis.
1200 3442 1291 3500 hieriae
1305 3444 1341 3500 de
1355 3445 1520 3503 castellione
1535 3447 1650 3521 ejusque
1664 3466 1726 3509 auc

65 3544 157 3619 inagis
176 3542 206 3598 in
225 3533 419 3596 ecclesiasticis
447 3527 674 3602 dispositionibus
696 3523 772 3581 nulls
787 3521 871 3579 debet
922 3528 1091 3596 sessoribus,
1108 3538 1163 3588 etc.

66 3632 160 3692 induci
174 3626 313 3688 conlusio.
329 3624 414 3693 liuius
428 3620 467 3677 rei
481 3617 581 3692 gratia,
612 3613 808 3673 fraternitatem
823 3625 871 3666 ve·
958 3617 1037 3686 Quod
1051 3634 1102 3689 per
1120 3619 1287 3690 aspirantem
1301 3623 1430 3696 gratiam.
1445 3624 1546 3685 dilecte
1559 3628 1587 3684 in
1606 3630 1725 3690 Domino

66 3733 152 3780 stram
168 3720 348 3776 exhortamur
361 3711 389 3767 in
404 3709 521 3766 Domino
542 3715 569 3763 et
581 3703 733 3776 apostolica
745 3697 868 3756 auetori-
922 3702 960 3760 lili
975 3706 1044 3762 Aldu
1058 3707 1156 3775 abbas,
1172 3707 1200 3763 in
1217 3710 1250 3765 Β.
1264 3710 1313 3766 Dei
1329 3711 1477 3771 Genitricis
1491 3718 1608 3775 ecelesia
1622 3722 1726 3779 consti·

66 3822 122 3870 tate
151 3804 311 3866 mmdmio
337 3798 512 3874 praecipimut
544 3802 680 3868 quatenus
715 3785 869 3848 venerabili
921 3800 1003 3864 tutus,
1029 3794 1110 3851 nobis
1124 3804 1197 3851 extat
1224 3806 1377 3870 acceptum,
1397 3802 1471 3859 unde
1493 3804 1575 3862 etism
1603 3810 1725 3867 eharita-

65 3908 142 3968 iratri
154 3912 254 3964 nostro
268 3899 419 3964 willelmo,
447 3891 675 3965 ierosolymitano
693 3886 868 3961 patrimonia,
920 3897 975 3947 tem
996 3899 1069 3949 tuam
1083 3892 1211 3949 duximus
1229 3897 1471 3966 commonendam,
1494 3908 1524 3956 ut
1551 3919 1630 3960 more
1658 3906 1723 3963 boni

65 4000 187 4057 debitam
207 3988 387 4049 reuerentiam
407 3980 570 4049 exhibeatis,
597 3979 753 4051 ipsumque,
786 3983 869 4047 prout
920 3980 1050 4052 agricolae
1077 3981 1253 4039 commissam
1282 3984 1332 4040 tibi
1353 3988 1460 4043 vineam
1489 3991 1589 4047 summi
1618 3995 1722 4064 patris·

66 4098 170 4145 uncum
185 4082 277 4139 sirum
300 4076 392 4142 decet,
408 4072 509 4145 pariter
532 4071 668 4126 honorare
681 4064 781 4123 curetis
797 4080 804 4129 ;
821 4078 868 4138 qut
920 4068 1038 4126 familias
1053 4069 1199 4143 diligenter
1216 4071 1353 4143 excolere,
1366 4090 1483 4148 esmque
1494 4079 1654 4149 proriribus
1665 4097 1724 4140 me.

66 4178 137 4235 enim
151 4173 214 4230 eliis
228 4185 260 4227 se
277 4167 355 4223 norit
378 4159 555 4236 prepositum
583 4171 656 4224 esse,
671 4169 727 4211 non
754 4152 867 4227 indigne
919 4157 1021 4215 liorare
1036 4158 1187 4216 contendas
1204 4177 1211 4215 ε
1227 4159 1291 4234 quia
1306 4178 1372 4220 vero
1386 4164 1578 4225 exhortatione
1606 4170 1721 4229 conire-

66 4267 138 4324 lerre
152 4262 238 4320 debet
251 4256 307 4315 sibi
321 4254 403 4310 abum
417 4267 481 4308 esse
495 4247 651 4320 praelatum.
918 4250 992 4300 trum
1018 4254 1176 4303 nostrorum
1205 4246 1334 4306 Guilenoi
1371 4251 1507 4324 quondam
1536 4253 1719 4328 Lingonensia

99 4357 202 4412 Datum
231 4349 261 4404 in
288 4340 430 4402 territorio
458 4334 635 4407 Potentiensi,
662 4348 698 4390 xa
726 4330 866 4390 Kalendas
919 4334 1041 4407 episcopi
1051 4342 1080 4392 et
1089 4336 1221 4392 bernardi
1232 4336 1460 4397 clarevallensis
1472 4341 1579 4401 abbatis
1590 4355 1633 4403 est
1643 4346 1717 4407 inb.

66 4440 196 4520 Augusti,
879 4412 906 4475 l)
919 4423 1011 4480 llariae
1022 4424 1140 4482 ecclesia
1147 4424 1312 4494 institutum,
1324 4436 1351 4483 ut
1363 4429 1530 4488 obeuntibus
1539 4434 1721 4495 secularibus

388 4533 545 4596 gcpxxx,
922 4512 1046 4582 ejusdem
1059 4513 1113 4572 loci
1127 4514 1275 4584 canonicis,
1304 4517 1415 4573 nonnisi
1445 4520 1586 4593 regulares
1614 4525 1721 4584 sabati.

183 4638 233 4698 M
247 4638 367 4695 mm„
380 4627 509 4686 actuum
526 4619 753 4680 crggpwemm,
923 4608 1041 4671 tuentur,
1051 4601 1170 4674 idipsum
1184 4603 1362 4661 nihilominus
1374 4613 1486 4679 gratum
1501 4608 1644 4681 babemus,
1660 4622 1721 4672 ste·

303 4725 395 4795 (mo
409 4717 491 4781 4135,
503 4711 560 4768 Μ,
578 4707 638 4773 gg)
921 4697 1032 4747 tuentes
1044 4699 1074 4748 ut
1086 4690 1282 4749 decedentibus
1297 4693 1476 4751 secularibus
1489 4699 1642 4772 canonicis,
1674 4704 1722 4776 qui

249 4808 396 4888 [mmm.
416 4801 556 4866 cmm„
570 4814 599 4870 p·
615 4796 696 4866 iub]
921 4779 1156 4851 inpresentiarum
1171 4779 1243 4852 apud
1254 4795 1305 4837 voa
1315 4796 1378 4838 esse
1402 4793 1562 4856 noscuntur,
1576 4789 1665 4847 nullus
1679 4793 1722 4850 eis

91 4900 696 4976 mmmepiecopuspervuaseruorum
705 4880 868 4951 Dei,dilectc
921 4876 1132 4951 nisiregularem
1140 4880 1223 4934 vitam
1231 4877 1372 4950 professus
1382 4879 1529 4938 canonicus
1539 4884 1719 4963 subrogetur.

70 4964 125 5064 filii,
136 5007 232 5060 mo
241 4991 333 5052 abbati
345 4979 574 5049 Cluniaccusium
592 4974 744 5032 salutemet
753 4980 868 5046 aposto·
921 4975 1064 5033 Sensimus
1077 4981 1156 5034 etiam
1170 4984 1200 5033 ut
1218 4990 1397 5051 qamsouuque
1424 4981 1615 5052 possessiones
1642 4987 1717 5047 idem

69 5097 150 5153 nm
163 5081 399 5147 benedictionem·
921 5064 1000 5123 locus
1012 5065 1094 5123 bodie
1107 5065 1236 5123 muouice
1250 5065 1384 5138 possidet,
1399 5074 1447 5124 aut
1461 5068 1632 5142 inposterum
1647 5091 1720 5135 con·

103 5186 195 5255 Super·
221 5167 404 5232 sollicitudine
422 5168 505 5236 etque
523 5154 665 5232 diligentia
691 5167 774 5228 quam
801 5164 868 5223 eid!
920 5162 1049 5221 cessione
1063 5162 1230 5236 pontificum,
1250 5161 1396 5238 largitione
1410 5179 1509 5240 regum
1523 5175 1550 5224 et
1564 5169 1719 5247 principum

70 5291 121 5333 nm
134 5279 164 5330 et
176 5264 253 5326 besti
276 5257 350 5318 Petri
362 5251 473 5327 negotia
488 5257 515 5306 te
529 5246 662 5304 exhibere
674 5239 866 5316 ⁰08⁰⁰l5¹¹¹⁰⁸2
921 5258 1022 5333 poterit
1047 5258 1173 5331 adipisci,
1202 5258 1280 5316 timna
1308 5256 1357 5316 tibi
1372 5259 1483 5335 tuisque
1511 5273 1719 5333 suecessoribus

69 5353 251 5435 omnipotenti
269 5351 329 5408 Deo
346 5352 375 5402 ιι
399 5351 453 5399 tuae
467 5334 607 5396 deuotioni
625 5331 734 5432 gratias.
748 5329 867 5431 agimus.
921 5362 1113 5430 permaneam·
1128 5355 1203 5413 Nuffi
1214 5372 1290 5430 emo,
1304 5364 1358 5415 030·

70 5450 234 5551 ΨΜ
245 5440 332 5539 mu?
344 5427 565 5529 mmmm-⁰⁹⁰⁸
578 5421 681 5523 Ista-⁰¹3
690 5423 881 5520 mmm
958 5474 1017 5546 Ego
1030 5469 1205 5528 innocentius
1219 5469 1350 5531 Ecclesisa
1364 5472 1513 5535 Catholicae
1527 5479 1683 5560 spiscopus,

71 5550 97 5601 a
104 5541 173 5600 m
185 5532 403 5603 daphnem
412 5519 501 5593 plebia
508 5530 576 5571 auu.
587 5511 727 5582 Quaetram
736 5516 772 5565 ιιι
782 5507 869 5564 nobie

142 5618 328 5701 mm
339 5611 469 5688 mos
481 5610 527 5663 est
538 5598 758 5660 misericordiam
772 5611 864 5656 snam.
958 5590 1019 5665 ligo
1032 5589 1128 5663 Drogo
1141 5585 1276 5646 Ostiensis
1290 5587 1448 5664 episcopus.

235 5718 366 5787 arms.
380 5701 556 5775 mxxix.
1572 5696 1608 5765 ιι
