3750 6000
60 196 138 258 1573
532 196 586 258 DE
606 194 742 260 GESTIS
764 190 920 259 eubule.
940 194 1054 257 suut.
1079 227 1116 243 -
1138 194 1214 257 LlB.
1238 195 1291 256 lll.
1702 210 1786 266 ,1571

60 328 250 385 sanctissima
276 328 469 387 circumvenit
497 334 568 387 arte.
593 330 666 387 Nam
695 331 772 404 quod
801 332 886 388 sedes
900 330 1110 405 Acerraptelra
1126 346 1219 402 usqae
1235 331 1268 387 ad
1285 330 1451 387 hancdiem
1464 334 1606 387 damnum
1622 347 1679 387 non
1695 347 1764 386 sen·
1864 372 1869 388 .

59 417 235 490 episcopalis
258 417 357 474 Sancti
378 418 454 474 Petri
470 419 670 476 famulabatur
684 419 798 487 honori,
813 419 888 476 alte·
940 419 1003 487 tiat,
1026 420 1141 476 Domini
1168 424 1328 476 reservetur
1351 419 1658 476 examinittincecssit
1684 420 1709 474 ei
1734 419 1764 474 in
1843 470 1849 489 ,

59 524 120 563 ram
136 509 163 562 in
181 508 283 564 eodem
300 509 476 579 caemeterio,
491 510 521 564 in
537 509 687 581 genitricis
702 511 753 566 liei
769 510 887 567 nomine
942 514 1066 582 utraque
1087 512 1155 566 sede
1181 509 1330 581 ridulphus
1345 526 1379 564 ex
1394 508 1497 564 abbate
1511 509 1681 578 burchensi,
1699 526 1766 564 san·

59 599 127 654 iecit
141 598 445 665 ecclesiam,ubidurn
458 600 618 656 monachos
634 601 779 673 posuisset
793 600 885 656 liben·
942 607 1016 664 ctus,
1044 604 1077 655 ut
1106 599 1268 672 perhibent,
1292 599 1337 653 vir
1365 603 1393 653 et
1416 600 1602 654 reverendus.
1627 598 1687 671 Ipsi
1714 614 1764 670 pra

59 687 119 743 tius
133 703 201 744 cum
223 688 265 743 eis
286 691 456 757 conuersari,
474 689 647 746 familiarius
668 690 766 746 diuina
790 690 886 746 officia
941 690 1091 745 sanctitate
1106 689 1275 759 ignoscitur,
1288 690 1363 760 quod
1375 693 1477 743 contra
1488 685 1602 758 regulas
1618 702 1763 743 canonum

58 791 200 833 exercere.
217 778 299 841 Quod
326 777 425 832 videns
452 778 589 850 populus,
606 778 656 850 qui
678 778 887 836 benedictioni·
941 777 1015 833 duas
1034 779 1118 833 sedes
1138 777 1274 844 tenuerit,
1292 778 1366 847 quod
1383 775 1494 832 scilicet
1514 792 1571 832 non
1592 777 1646 833 hec
1670 777 1765 831 ambi·

59 867 115 921 bus
137 877 194 922 tam
219 867 347 936 religiosi
375 866 504 940 episcopi
528 884 625 926 carere
650 870 732 925 netas
758 868 886 923 immane
940 865 1028 934 tione,
1055 867 1105 923 sed
1130 867 1303 922 necessitate
1328 866 1450 921 lecerit:
1475 866 1607 923 Wlstanc
1632 881 1689 921 nun
1715 866 1766 931 ita,
1810 879 1814 883 ·

59 956 187 1024 duceret,
203 958 300 1012 omnis
322 972 355 1011 ec
376 973 538 1012 accurrere.
560 958 604 1013 lta
629 958 726 1014 clerici
743 958 772 1013 iu
789 957 885 1013 medic
941 957 992 1027 qui
1004 953 1769 1028 sanctitatcdiscrepabatethabitulacetAldulphus

58 1043 163 1113 relicti,
179 1045 347 1101 maluerunt
371 1046 582 1103 monachorum
603 1054 711 1103 restem
728 1047 885 1118 suscipere,
941 1044 1110 1115 Wigorniae,
1127 1045 1213 1100 etiam
1230 1044 1407 1100 Floriacensi
1423 1044 1600 1100 monasterio
1616 1060 1667 1115 pro
1683 1043 1768 1114 copia

59 1149 145 1204 quam
172 1134 228 1189 sibi
255 1133 419 1205 dispendia,
436 1133 513 1207 plebi
539 1135 664 1192 ludibrio
690 1152 764 1192 esse.
789 1136 828 1191 Ex
852 1152 885 1191 ec
940 1133 1367 1206 xeniorum,quibusOswaldi
1385 1133 1618 1190 munificentiam
1634 1132 1765 1189 aemulari
1870 1134 1872 1139 '

59 1227 188 1294 tempore
204 1223 281 1278 dedit
295 1221 391 1278 locum
402 1223 532 1293 Janitrici
544 1224 607 1280 cmii
621 1225 670 1295 [at.
680 1225 811 1295 genitrici
823 1224 885 1297 Dei]
940 1225 1056 1296 satagit,
1074 1224 1288 1296 predicandus.

58 1311 185 1383 claviger
210 1311 339 1385 paradisi
355 1311 885 1384 pulchrcintercoelicclasccmmer·
976 1315 1044 1369 Post
1068 1315 1234 1371 Wlstanum
1261 1313 1359 1369 sedem
1388 1314 1600 1370 Eboracensem
1629 1313 1765 1383 illiricus,

58 1401 113 1468 cio,
139 1400 199 1457 celo
224 1401 312 1471 bone,
334 1400 539 1473 hujuscemodi
564 1403 692 1460 rumoris
716 1420 785 1459 aura
810 1403 885 1459 mul·
941 1403 1176 1474 wigorniensem
1194 1403 1316 1458 Lelsius.
1334 1401 1458 1458 illiricus
1483 1406 1613 1474 tempore
1636 1403 1722 1458 Gnuti
1739 1408 1768 1459 ct
1827 1406 1830 1411 '

57 1495 119 1545 tam
142 1490 279 1546 Oswaldo
304 1491 463 1547 amicitiam
489 1493 564 1562 apud
589 1508 684 1564 regern
707 1492 885 1548 conflavitet
939 1493 1115 1549 llardccauti
1139 1492 1203 1559 luit,
1230 1492 1415 1562 habeturque
1439 1493 1468 1546 in
1494 1491 1549 1547 hoc
1573 1490 1765 1562 detestabilis,
1848 1488 1855 1497 “

58 1593 201 1649 proceres.
230 1578 289 1633 llex
322 1580 444 1634 consilio
473 1580 616 1636 Dunstani
644 1585 798 1637 vacuatum
826 1582 885 1652 epi·
940 1580 1316 1652 quodHardecnatusejus
1337 1578 1767 1635 consiliolratrissuiHnrcldi

58 1684 146 1739 scopo
163 1668 324 1723 Eboracum
340 1668 400 1724 viro
416 1669 556 1740 impleuit,
572 1670 621 1742 qui
637 1671 801 1726 barbariem
817 1687 885 1742 gen·
900 1673 924 1739 Β
939 1673 1078 1727 cadavera
1093 1672 1208 1727 delesse
1224 1675 1311 1742 caput
1327 1671 1466 1735 truncari,
1483 1675 1511 1726 et
1530 1670 1631 1727 infami
1657 1674 1766 1727 morta-

58 1759 96 1814 tis
122 1757 267 1812 moderari
284 1774 334 1829 pro
357 1759 479 1830 antiquo
503 1761 638 1817 convictu
662 1760 749 1830 probe
774 1766 884 1819 nosset.
940 1759 1018 1816 libus
1034 1760 1165 1833 exemplo
1180 1762 1212 1816 in
1227 1761 1399 1815 'lomensem
1416 1760 1516 1831 projici
1529 1760 1629 1830 jussit.
1645 1759 1721 1823 Quin
1737 1763 1767 1817 et
1868 1814 1874 1821 ,

58 1849 115 1905 Nec
131 1853 228 1904 tamen
244 1848 442 1920 Wigorniensi
457 1851 518 1907 sedi
534 1850 701 1905 renuntiare
723 1851 884 1921 permissae
940 1850 1198 1922 wigorniensibus
1221 1866 1270 1920 pro
1295 1848 1411 1921 repulso
1431 1850 1597 1921 episcopata
1623 1851 1766 1917 intensus,
1852 1856 1856 1873 ¹

58 1941 113 2006 ost,
131 1954 167 1994 ne
183 1937 394 1994 monachorum
419 1955 520 1995 recens
544 1939 688 1995 habitatio
714 1939 813 1996 altoris
837 1940 882 1996 sui
940 1945 1041 1995 auctor
1065 1939 1247 1995 hardecnuto
1272 1938 1335 2007 latit,
1363 1944 1394 1994 ut
1418 1939 1496 2009 quod
1520 1939 1562 1994 illi
1588 1939 1765 2011 pertinacius

59 2027 267 2084 destitueretur
295 2025 437 2096 iumento,
466 2029 622 2100 optimates
656 2029 797 2085 submissi
822 2028 884 2084 viro
938 2030 1120 2087 exactoribus
1144 2029 1291 2098 regiorum
1314 2028 1499 2101 vectigalium
1521 2027 1766 2095 obstiterant,ur-
1850 2098 1854 2109 Ι

58 2131 133 2184 esse,
158 2117 289 2173 certatim
322 2119 522 2191 possessiones
547 2118 581 2172 ad
608 2118 796 2188 monasteria,
821 2135 885 2190 que
940 2123 1004 2175 bern
1020 2119 1200 2186 incenderet,
1218 2119 1348 2174 fortunas
1363 2117 1468 2175 ciuium
1485 2117 1648 2175 abraderet.

59 2209 298 2277 ncnexstabant,
320 2207 479 2276 lundande,
500 2208 535 2262 ad
560 2221 592 2262 ea
616 2224 678 2277 qua
708 2207 884 2274 deciderant,
976 2206 1766 2279 bilricollinaius.llliqucqueadredussuffectusest,
1859 2200 1867 2215 ¹

58 2295 237 2352 sublevanda
252 2297 364 2354 offerre.
386 2296 426 2351 Dc
442 2296 561 2367 quihus,
576 2312 641 2351 curn
657 2312 688 2352 se
704 2295 785 2352 locus
800 2295 885 2351 cbtu·
941 2301 1010 2354 ante
1021 2314 1055 2352 ex
1068 2298 1208 2354 monacho
1218 2296 1415 2353 wintoniensi
1425 2296 1642 2368 Wigorniensis
1657 2297 1767 2370 episeo·
1782 2342 1787 2355 .

57 2384 132 2455 ierit,
146 2391 290 2457 quantum
306 2390 470 2458 competere
481 2384 635 2451 videbitur,
648 2385 753 2441 dicam.
766 2384 885 2440 Preter·
941 2404 995 2460 pus
1009 2407 1016 2458 ;
1032 2389 1082 2459 qui
1099 2386 1283 2459 simplicitati
1299 2386 1433 2442 Edwardi
1445 2385 1581 2451 illudens,
1594 2403 1766 2460 moremque
1861 2446 1865 2455 ,

58 2491 92 2529 ea
113 2474 217 2531 litteris
237 2476 413 2533 excellentes
436 2476 512 2531 viros
536 2476 565 2531 in
591 2474 727 2547 Angliam
751 2479 885 2530 evocatos
941 2482 1158 2534 antecessorum
1171 2476 1261 2545 magis
1273 2475 1762 2548 pecuniaquamrationeallegans,

58 2566 263 2622 manillcenter
274 2584 377 2623 curare
390 2583 426 2623 ne
438 2566 488 2622 illo
501 2568 576 2622 benc
588 2565 737 2621 fraudaret
748 2565 886 2637 patriam,
941 2566 1766 2640 archiepiscopatumEboraconsemnonintermiseapricri

59 2655 121 2710 sine
155 2671 211 2726 quo
234 2660 337 2712 cetera
362 2656 437 2712 bona
461 2672 534 2727 pene
550 2655 622 2710 mihi
639 2655 772 2710 ridentur
787 2654 887 2712 inania
941 2658 1009 2713 sede
1032 2657 1172 2729 suscepit.
1189 2657 1394 2729 Dispositnque
1420 2655 1498 2726 apud
1520 2672 1617 2729 regem
1643 2657 1765 2714 consilio

60 2761 184 2814 quornm
196 2760 273 2801 anus
283 2746 339 2801 luit
350 2744 642 2812 Abbo,l¹loriscensis
652 2744 822 2812 monachus,
835 2744 885 2817 qui
941 2747 1063 2803 Romam
1072 2744 1765 2819 pertenditcomitatusduchuselectisspisccpis,

60 2833 184 2889 multam
207 2835 334 2890 scientias
359 2835 468 2907 irugern
493 2834 887 2907 Angliainvexit,quipas-
939 2833 1764 2903 GiscnsWellensi‚etWaltercberelordensi,necnun
1870 2902 1874 2909 ἱ

60 2923 171 2979 sionem
185 2924 332 2980 Edmundi
344 2925 488 2997 martyris,
498 2926 621 2996 jubente
632 2926 778 2981 liunstano
789 2923 883 2980 archi·
899 2967 920 3034 c
939 2931 967 2981 et
981 2925 1101 2981 'Festino
1112 2922 1675 2980 comiteNarthanimbrorurn.Comitem
1683 2922 1765 2980 Nico·

59 3013 206 3085 episcopo,
221 3013 395 3084 plenitudini
411 3015 571 3071 litterarum
593 3015 707 3084 adjecit.
725 3017 750 3070 ls
765 3016 883 3070 domurn
941 3016 1005 3072 laus
1016 3015 1223 3088 papagratiose
1236 3013 1376 3086 suscepit,
1387 3015 1489 3069 etcum
1502 3012 1529 3067 in
1542 3013 1663 3082 synodo,
1674 3028 1764 3085 quam

60 3117 193 3158 reversus
208 3112 316 3175 postea,
329 3108 357 3159 et
371 3104 478 3160 ibidem
494 3105 584 3160 abbas
601 3104 790 3170 constitutus,
807 3120 888 3160 seve·
941 3113 1040 3161 contra
1055 3104 1237 3162 simoniacos
1261 3107 1406 3175 coegerat,
1422 3101 1477 3158 sibi
1496 3101 1615 3157 alaterc
1636 3101 1766 3159 assidere

59 3191 136 3247 ritati
153 3190 303 3263 religionis
317 3193 436 3250 sedulus
451 3195 579 3250 exstitit:
592 3211 679 3266 quem
691 3210 801 3250 morem
817 3210 886 3250 cum
941 3195 1017 3250 lecit.
1031 3194 1166 3251 Giscnem
1179 3192 1382 3249 ctWalterum
1393 3191 1451 3246 voti
1463 3199 1611 3262 computes
1627 3190 1765 3260 reddidit,

58 3279 88 3335 in
104 3281 175 3337 cella
191 3283 318 3352 quadam
334 3285 458 3340 caenobii
474 3283 675 3349 Florincensis,
687 3301 750 3355 qua
765 3284 794 3340 in
809 3286 888 3341 Was-
940 3285 988 3355 qui
1002 3288 1166 3340 essentncn
1177 3295 1388 3353 usquequaque
1398 3280 1617 3335 contemnenda
1629 3279 1766 3348 scientie,
1800 3312 1804 3319 ·

59 3369 144 3424 conia
159 3370 250 3440 posita
261 3370 403 3444 hodieque
419 3373 454 3428 ad
472 3371 604 3444 regulam
621 3373 738 3440 dicitur,
755 3389 887 3430 exercere
940 3379 968 3431 et
994 3373 1105 3429 nullius
1131 3372 1224 3427 notati
1250 3370 1411 3441 ignominia
1438 3368 1581 3424 Simonis.
1607 3368 1766 3424 aldredum

60 3460 257 3527 contenderet,
275 3476 332 3515 non
357 3460 422 3515 tulit
448 3461 615 3526 wasconia,
640 3463 690 3517 sed
715 3461 816 3519 lancea
841 3479 888 3520 ex·
940 3468 1044 3536 suapte
1055 3458 1432 3534 responsioneculpabilam
1445 3458 1598 3529 utrobique
1610 3462 1768 3528 repertum.

61 3548 222 3602 aninratum
235 3548 350 3619 superis
363 3549 558 3605 transmisere.
570 3552 604 3605 At
615 3549 773 3607 Oswaldus
784 3551 887 3607 multis
940 3555 1020 3608 omni
1046 3553 1156 3608 honere
1172 3566 1291 3606 severus
1307 3547 1485 3620 exspoliavit.
1504 3549 1547 3604 lta
1562 3546 1707 3603 differenti
1723 3546 1765 3602 ci·

61 3638 146 3690 annis
164 3636 277 3707 utrique
293 3637 443 3692 sufficiens
457 3638 648 3708 episcopatui,
661 3639 754 3709 magis
769 3640 805 3695 ad
821 3639 888 3694 Wi-
940 3641 1015 3697 lectu
1026 3656 1092 3698 cnm
1102 3640 1333 3711 regrederentur,
1344 3637 1516 3707 unaparitcr
1526 3648 1767 3692 erumnaomnes

62 3725 195 3796 garciam
209 3726 371 3781 ventitabat
384 3743 389 3780 :
402 3727 563 3798 supervixit
573 3727 704 3798 quinque
714 3729 799 3783 annis
810 3728 888 3784 Dun-
940 3726 1077 3783 involvit:
1094 3742 1160 3780 nam
1178 3725 1364 3794 praedonibus
1378 3722 1562 3791 irruentibus,
1575 3726 1678 3791 preter
1692 3723 1765 3777 sim·

63 3815 271 3882 stano,decem
288 3814 486 3872 Ethelwaldc:
502 3819 673 3888 tantamque
689 3819 733 3872 sui
758 3817 887 3874 admira·
942 3815 1032 3887 plicas
1059 3818 1153 3871 vestes
1180 3812 1345 3884 exspoliatis
1371 3811 1519 3877 omnibns,
1545 3810 1582 3866 ad
1612 3826 1767 3866 nummum

63 3904 172 3960 tionem
189 3904 298 3977 Anglia
315 3905 447 3976 praebuit,
458 3909 489 3961 ut
500 3905 581 3961 solus
595 3922 645 3961 eos
661 3906 795 3962 exhihere
810 3907 888 3964 vide·
943 3906 991 3977 [nt.
1003 3903 1173 3974 minimum]
1185 3902 1293 3970 valens,
1302 3900 1472 3974 corporibus
1483 3904 1582 3956 tamen
1594 3899 1702 3971 illaesis,
1714 3899 1770 3957 Rc·

63 3999 151 4062 retur,
182 3996 353 4051 auctoritate
382 3995 477 4064 illurn,
502 3995 632 4051 eltlcacia
661 3997 762 4064 istum,
788 3998 889 4053 ambos
942 3990 1771 4064 mamreingere.Haecealamitaspeperitrlldredcrecu·

63 4083 269 4140 sanetimcnia.
301 4084 395 4140 Pridie
424 4100 512 4156 quam
541 4085 702 4150 excederet,
730 4085 888 4158 Wigornim
945 4079 1771 4157 parandorumoceasicnemhonorum'lostinusqucque

63 4187 114 4242 pro
131 4171 243 4228 loribus
258 4176 368 4241 astans,
383 4172 433 4228 diu
449 4173 583 4245 suspexit
597 4172 705 4229 coelnm
728 4172 891 4230 laetabiliter
945 4175 1083 4246 gravibus
1093 4173 1247 4230 verborum
1258 4168 1444 4227 contumeliis
1452 4168 1772 4242 apostolicumaggres·

64 4258 274 4333 illacrymatus.
287 4263 549 4320 percunctantibus
562 4264 612 4336 qui
624 4264 756 4331 aderant,
769 4265 839 4336 quid
851 4265 892 4321 ita
908 4270 930 4336 Ι)
947 4281 995 4319 sus
1021 4264 1050 4318 in
1075 4259 1246 4318 sententiam
1274 4259 1330 4316 sibi
1359 4257 1494 4330 placitam
1520 4256 1643 4324 reduxit,
1667 4274 1769 4329 parum

64 4350 274 4406 irreverberato
290 4349 401 4406 lumine
413 4358 582 4424 aspectaret,
594 4353 744 4423 respondit
756 4370 762 4407 :
776 4354 893 4411 «Sinite
949 4353 1136 4410 metuendam
1148 4367 1164 4406 a
1174 4347 1344 4421 longinquis
1355 4347 1491 4420 gentibus
1502 4347 1565 4416 eius
1576 4346 1773 4403 exeommuni-

65 4454 121 4504 rne,
140 4440 241 4494 iratres
268 4440 411 4511 respicere
434 4458 491 4511 quo
517 4443 636 4498 intendo
659 4458 794 4514 pergere:
812 4442 893 4498 velox
948 4445 1102 4511 cntionem,
1115 4456 1201 4513 quam
1217 4437 1374 4510 propinqui
1385 4435 1542 4492 latrunculi
1552 4436 1728 4501 deriderent,
1741 4435 1772 4494 ia

65 4532 110 4581 est
134 4528 275 4597 depositio
300 4530 430 4599 corperis
456 4531 512 4584 mei
529 4535 558 4585 et
573 4536 689 4602 tempus
705 4531 892 4588 resolutionis
947 4530 1094 4604 supplices
1118 4530 1196 4585 enim
1221 4529 1325 4595 lurera,
1341 4525 1370 4581 in
1392 4525 1515 4582 rebelles
1540 4540 1640 4597 parum
1668 4523 1771 4594 valere,

66 4631 136 4670 meae
148 4615 246 4671 instat.
260 4617 378 4672 »Mirati
390 4618 609 4690 suntilli,quod
622 4635 675 4675 nec
690 4629 754 4675 ante
764 4621 891 4692 aliquam
948 4626 999 4676 aut
1013 4635 1066 4675 sua
1083 4619 1139 4675 sibi
1154 4634 1204 4689 per
1219 4619 1284 4688 ejus
1308 4615 1510 4672 auctoritatem
1535 4614 1692 4682 reddenda,
1709 4630 1771 4686 qua

65 4705 264 4775 suspicionem
280 4707 447 4776 aegrotantis
462 4707 601 4774 dedisset,
614 4708 665 4764 sed
681 4707 798 4781 largiori
815 4726 892 4767 curre
947 4726 996 4782 per
1011 4710 1076 4780 ejus
1092 4706 1319 4763 fraudulentiam
1334 4708 1479 4759 constaret
1495 4702 1623 4759 amissa:
1641 4704 1772 4759 laturum

65 4795 195 4865 corporis
206 4794 387 4852 indulsisset.
400 4797 466 4864 Sed,
477 4802 591 4868 postero
602 4798 659 4867 die,
671 4815 737 4854 curn
748 4816 800 4870 pro
812 4818 892 4859 more
948 4803 980 4855 ut
995 4798 1056 4854 haee
1069 4813 1118 4853 rex
1129 4796 1287 4867 Anglornm
1299 4792 1422 4848 audiens
1433 4793 1576 4848 tributum
1590 4791 1683 4847 sancti
1695 4791 1773 4848 Petri

66 4884 132 4940 lotis
146 4900 306 4956 pauperum
334 4886 460 4957 pedibus
488 4887 596 4943 diceret
622 4887 763 4959 hymnum
778 4906 784 4943 ε
801 4889 892 4947 Gloria
947 4881 1771 4952 meritoNicolacsubtraheret,senondefuturumrerum

65 4975 154 5042 Patri,
170 4983 198 5030 et
212 4974 294 5045 Filio,
312 4983 338 5030 ct
353 4976 477 5045 Spiritui
496 4985 607 5039 sancto:
622 4976 651 5031 in
677 4977 740 5048 ipsa
762 4979 892 5050 genufle-
947 4978 1062 5036 ueritati
1080 4977 1296 5050 exaggeranda.
1313 4975 1373 5032 Hoc
1397 4973 1545 5031 minarum
1571 4967 1693 5025 fulmina
1716 4969 1774 5026 ltc-

65 5062 151 5118 xione
175 5063 255 5119 vitali
280 5064 385 5136 spiritu
410 5065 540 5135 privatus
564 5073 615 5121 cst.
631 5066 894 5127 Tuncinecclesia
948 5069 1026 5124 mani
1051 5066 1143 5124 territi
1168 5082 1273 5139 papam
1303 5066 1453 5132 flexerunt,
1477 5066 1510 5119 ut
1534 5058 1659 5115 aldredo
1682 5058 1776 5115 archi·

68 5153 158 5206 Beata
175 5152 273 5209 illaria
286 5152 427 5224 sepultus,
443 5157 509 5225 post
524 5155 678 5211 duodecim
694 5172 787 5212 annos
800 5158 894 5230 signis
949 5157 1149 5229 episcopatum
1167 5158 1297 5212 redderet
1309 5159 1337 5211 et
1348 5154 1469 5227 pallium
1482 5170 1489 5208 :
1501 5165 1566 5208 esse
1575 5149 1698 5222 implum
1709 5148 1734 5204 si
1744 5152 1775 5205 et

67 5239 206 5296 divinitas
235 5243 358 5300 ostensis
382 5261 398 5299 n
423 5251 500 5299 terra
523 5243 617 5300 elatus
645 5248 699 5301 est.
725 5245 798 5314 Quid
823 5265 894 5305 sane
948 5245 1103 5320 inglorius,
1128 5249 1156 5301 et
1179 5248 1307 5301 vastatus
1328 5242 1507 5315 repatriaret,
1529 5238 1597 5295 lecit
1620 5237 1679 5308 ille,
1696 5239 1775 5308 quod

69 5326 202 5383 miraculi
240 5333 289 5398 sit,
318 5333 397 5403 quod
426 5339 484 5389 toto
524 5351 645 5406 corpore
680 5332 709 5389 in
746 5336 893 5407 pulverem
949 5335 1087 5393 monebat
1103 5334 1187 5400 ratio,
1203 5333 1258 5388 hac
1276 5331 1480 5388 moderationis
1505 5328 1579 5384 libra
1599 5325 1720 5397 adjecta,
1742 5329 1774 5381 ut

69 5421 231 5488 assumpto,
253 5419 329 5476 stola
352 5422 553 5491 sacerdotalis,
575 5440 634 5496 qua
655 5424 747 5480 tuerat
771 5427 895 5485 amictus
949 5424 1146 5498 Wigorniensi
1163 5422 1225 5479 sedi
1243 5422 1377 5494 proprias
1400 5419 1521 5476 antistes
1535 5416 1692 5482 accederet,
1708 5415 1773 5471 sbi·
