3750 6000
51 254 128 315 rara
520 255 572 316 on
593 254 731 319 caseis
752 256 909 321 rouvre.
933 257 1046 320 anet.
1070 290 1108 303 -
1130 258 1204 320 tta.
1226 257 1266 318 tt.
1673 260 1752 323 retr
1831 282 1834 289 ·
1866 220 1871 307 Ϊ

49 385 166 454 clauda,
183 402 236 443 neo
251 386 322 443 adso
343 386 423 443 lama
447 385 583 445 obscura.
600 390 632 446 ln
648 388 703 447 boo
722 389 812 462 igitur
827 397 910 462 seg
928 407 995 448 rum
1010 390 1484 462 nausee.Hoosancimpetratum
1496 392 1530 448 iri
1542 408 1621 465 rogo,
1632 393 1747 465 nequis

48 474 872 550 oundolibro,eoumerabonominaepiscoporumOrien·
925 481 999 537 mibi
1012 485 1106 538 vertat
1121 481 1202 547 vitio,
1218 480 1296 552 qnod
1319 480 1464 552 quadem,
1480 497 1542 552 qun
1557 481 1632 540 aliae
1655 483 1750 556 posui,

49 564 354 632 taliumSexonum,et
364 564 558 622 Orientalium
570 567 744 639 anglorum,
756 568 875 641 illisque
929 569 987 626 buc
1002 569 1105 627 iisdem
1120 569 1216 626 verbis
1230 572 1259 626 et
1269 570 1422 626 sententiis
1434 569 1582 627 transtuli.
1598 572 1680 637 Quod
1695 571 1753 629 soi·

49 654 175 711 subdam
190 655 377 727 episcopatus
388 671 491 712 omnes
501 655 717 713 westsaxonia.
730 663 785 715 Neo
797 675 875 730 prar-
929 659 998 716 licet
1013 660 1078 717 ideo
1094 659 1160 726 leci,
1181 663 1214 716 ut
1227 659 1318 716 series
1333 676 1430 716 rerum
1447 676 1506 717 non
1520 660 1639 718 aliunde
1654 666 1753 733 peten-

49 743 244 816 tergredietur
257 760 329 801 cura
344 761 409 801 mea
432 761 620 817 quascunque
636 745 701 803 novi
722 746 753 803 in
768 747 874 804 horum
930 750 1033 806 darum
1051 748 1203 821 pulchrius
1214 765 1270 806 uno
1281 748 1343 807 loco
1354 753 1509 818 constaret,
1521 749 1586 806 etsi
1601 751 1672 822 qnid
1683 749 1753 807 alibi

48 835 271 907 episcopatuum
292 834 410 892 dioecesi
432 835 574 897 abbatias.
598 840 775 910 sanctosque
790 838 819 893 in
835 837 877 895 eie
930 839 1081 895 commode
1096 838 1167 905 dixi,
1186 855 1244 896 non
1268 838 1316 895 bic
1330 855 1378 896 me
1400 838 1586 897 commodius
1605 839 1753 897 uicturum

50 923 877 1000 requiescentes,breviterqueomniadigerens,quantum
931 943 1016 1000 posse
1031 927 1139 1002 putavi.

48 1018 149 1084 potere
164 1013 314 1073 consulam
330 1013 532 1073 studiosorum
545 1015 657 1073 notitia
670 1020 699 1073 et
715 1015 878 1074 fastidioso·

786 1234 1007 1257 ..ιι-Ἀ

618 1368 807 1464 LIBER
841 1366 1181 1464 SECUNDUS.

608 1605 653 1660 tta
674 1603 855 1663 EPISCOPIS
875 1601 1197 1663 auabotttttttstetts

87 1913 171 1970 Hand
184 1912 270 1985 longe
281 1912 378 1970 altola
387 1913 472 1986 quasi
483 1930 536 1970 xxv
549 1912 693 1972 milliariis
703 1917 749 1972 est
760 1914 876 1972 Lundo·
894 1921 918 1987 Β
933 1917 995 1971 tum
1012 1929 1080 1986 ergo
1096 1931 1149 1972 neo
1159 1917 1389 1974 consecrationis
1399 1917 1570 1991 mysterium
1587 1917 1755 1990 repetitum,

51 2000 102 2056 nia
112 2000 213 2059 civitas
225 1999 342 2068 nobilis,
352 2002 570 2074 opimaoivinm
581 2002 873 2075 divitiis,oonstipeta
927 2019 1016 2075 quem
1043 2004 1201 2075 perlectam
1227 2009 1427 2063 monstrarent
1448 2006 1576 2063 candela
1600 2009 1756 2078 parietem

52 2090 265 2160 negotiatorum
282 2106 317 2145 ex
332 2090 413 2146 omni
424 2094 512 2160 terre,
528 2098 555 2146 et
571 2092 694 2148 maxime
708 2107 743 2149 ex
757 2091 876 2149 Germa·
932 2091 1087 2148 ecclesiam
1103 2108 1242 2159 accense,
1259 2111 1360 2151 oruces
1374 2095 1467 2163 iacta,
1484 2110 1537 2152 nec
1553 2095 1652 2151 minus
1673 2111 1756 2168 aquas

53 2180 102 2234 nia
112 2179 304 2246 venientium,
314 2181 506 2236 commerciis.
516 2178 599 2236 Unde
609 2180 643 2236 tlt
654 2182 877 2251 utcumubique
933 2196 1067 2251 aspersa,
1087 2186 1117 2238 et
1138 2183 1245 2239 sacrati
1269 2183 1326 2239 olai
1341 2182 1412 2239 locis
1434 2182 1543 2240 debitis
1567 2201 1624 2241 non
1653 2184 1757 2242 frivola

52 2269 83 2323 in
99 2267 205 2340 Anglia
219 2268 347 2324 ebaritas
363 2269 413 2342 [nl.
432 2268 547 2340 raritas]
564 2269 735 2326 victualium
751 2286 801 2341 pro
816 2274 877 2327 ete·
932 2270 1063 2339 vestigia.
1091 2269 1183 2328 Cessit
1206 2272 1306 2328 divino
1333 2272 1430 2329 olllcio
1452 2272 1582 2330 bumana
1606 2272 1755 2343 sedulitas,

55 2357 879 2428 riliproventumessiumsit,ibineceesariadistrebaotur
933 2358 1191 2431 pronuntiavitque
1214 2377 1283 2418 voce
1303 2362 1473 2434 prophetica
1494 2363 1633 2420 momenti
1656 2363 1756 2436 magni

54 2452 84 2504 et
109 2453 242 2504 emantur
269 2447 380 2504 minore
405 2464 492 2521 quem
516 2447 596 2517 alibi,
622 2448 666 2506 vel
690 2449 878 2506 vendentium
933 2445 1067 2503 futurum
1079 2450 1341 2519 monasterium,in
1352 2467 1410 2521 quo
1422 2450 1580 2522 Apostolus
1592 2450 1758 2524 pontificale

56 2537 241 2605 compendio,
266 2535 312 2594 vel
336 2538 494 2593 ementium
520 2537 684 2610 dispendio.
707 2538 880 2610 Peregrinae
934 2536 1114 2593 exercuisset
1137 2540 1324 2611 obsequium.
1349 2539 1466 2597 Sensim
1491 2539 1622 2596 vaticinii
1649 2539 1758 2597 veritae

56 2624 166 2680 invehit
191 2640 302 2681 merces
327 2625 453 2682 civitatis
477 2626 589 2683 sinibus
618 2627 749 2683 Tamesis
773 2627 880 2684 lluvius
935 2627 1078 2697 prooessit
1091 2627 1122 2683 in
1138 2629 1279 2695 medium,
1292 2630 1452 2701 praesertim
1468 2633 1599 2702 ternpore
1609 2629 1688 2702 regie
1702 2629 1757 2685 Ed·

57 2713 260 2785 lamneus,qui
271 2714 344 2770 oltra
356 2714 501 2772 urbemad
511 2733 583 2773 cxxx
595 2715 731 2773 milliaria
741 2715 881 2774 fonticulo
934 2715 1029 2771 wardi
1045 2715 1151 2781 ultimi,
1168 2718 1218 2789 qui
1233 2718 1368 2790 ampliori
1389 2719 1598 2776 monachorum
1614 2723 1758 2776 conventu

58 2804 152 2872 tusus,
164 2804 242 2860 ultre
257 2803 325 2876 plus
336 2820 505 2862 nxxnomen
518 2805 638 2877 prolert,
651 2807 728 2878 apud
740 2804 880 2863 Deveram
935 2802 1044 2862 ibidem
1059 2807 1187 2864 adunato
1201 2807 1353 2864 ecclesiam
1371 2808 1573 2866 edificationis
1587 2824 1691 2882 gauere
1706 2825 1760 2866 no·

58 2893 136 2949 enim
153 2891 256 2965 pelago
272 2894 418 2949 conditur.
935 2913 974 2954 vo
989 2896 1066 2954 iecit.
1078 2897 1136 2953 Nec
1147 2896 1245 2954 minus
1255 2896 1307 2954 sed
1320 2897 1411 2953 multo
1421 2897 1509 2955 etiarn
1522 2898 1616 2968 magis
1626 2914 1676 2954 rex
1685 2896 1759 2954 Wil-

96 2981 450 3055 Hioprimusosthedram
462 2985 658 3057 pontificalem
669 2984 882 3043 seditttellitus
936 2985 1761 3059 lielmusextnlitloonmmagnisredditibusprredioram,

60 3071 144 3128 heato
155 3074 316 3144 Augustino
328 3073 534 3131 constituente.
546 3074 673 3131 Mellitos
685 3075 782 3131 Romae
791 3074 883 3131 abbas
938 3077 1016 3151 qnod
1032 3075 1072 3132 ibi
1090 3075 1170 3148 regni
1187 3074 1349 3147 susceperit
1362 3074 1500 3146 insignia.
1512 3075 1695 3132 Consuetudo
1706 3075 1761 3148 igi·

64 3180 122 3219 non
137 3180 203 3219 oum
220 3165 379 3234 Augustino
393 3165 525 3236 angliam
540 3171 669 3234 venenet,
685 3167 736 3223 sed
752 3172 883 3239 postmo·
938 3173 987 3224 tur
997 3165 1075 3236 apud
1085 3170 1227 3236 posteros,
1238 3165 1359 3230 evaluit,
1371 3169 1404 3219 ut
1414 3168 1531 3238 propter
1544 3166 1677 3222 lldvvardi
1689 3162 1762 3220 inibi

64 3253 134 3310 dum
145 3255 179 3309 ad
191 3254 924 3328 praedicatorumsupplementummiseusluerat.c
943 3253 1049 3328 sepulti
1066 3253 1248 3319 memoriam,
1269 3253 1380 3326 regiam
1394 3253 1435 3309 ibi
1456 3254 1604 3325 regnaturi
1618 3253 1764 3325 accipiant

67 3342 228 3414 Episcopus
239 3342 506 3400 ordinetushabuit
519 3344 618 3400 sedam
630 3345 659 3400 in
671 3344 795 3416 apostoli
806 3344 886 3401 Pauli
942 3360 1091 3403 coronam.
1106 3348 1175 3399 Post
1190 3347 1313 3400 mortem
1328 3343 1426 3416 itaque
1442 3343 1597 3400 Ethelberti
1610 3342 1762 3400 etSeberti

68 3431 201 3500 ecclesie,
214 3448 302 3503 quem
315 3431 500 3488 Ethelbertus
515 3449 563 3489 rex
576 3433 684 3490 Cantiae
694 3434 800 3489 fecerat
810 3436 887 3489 Lon·
942 3433 1195 3491 asuroessoribas
1220 3432 1331 3504 regulis
1357 3433 1426 3489 sede
1447 3433 1619 3491 deturbatus
1634 3432 1763 3490 Mellitos

68 3521 172 3577 donia.
189 3521 259 3591 lt'jus
276 3522 354 3577 enim
370 3521 562 3578 inclinabatur
577 3521 701 3594 imperio
715 3538 765 3578 rex
785 3521 886 3578 Orien·
942 3521 1234 3580 aestuariamventt.
1257 3521 1300 3578 lbi
1322 3538 1579 3595 magnocurarnm
1600 3527 1763 3594 rasta,quas
1839 3597 1841 3600 Α

66 3609 171 3666 talium
187 3614 335 3666 Saxonum
350 3609 515 3679 Sebinnus,
529 3611 659 3681 ejusdem
675 3627 710 3667 ex
720 3625 821 3667 sorore
836 3608 887 3667 et·
942 3610 1089 3668 sociorum
1101 3613 1215 3682 pectora
1227 3610 1438 3681 decoquebant,
1446 3616 1596 3683 exceptus,
1609 3612 1764 3682 conjuncto

67 3700 378 3771 eulanepos,adquem
387 3700 888 3773 bondoniaspeotebat.Antiquitas
943 3699 998 3757 sibi
1012 3699 1098 3756 Justo
1112 3698 1269 3756 secessitin
1281 3698 1406 3755 Gelliam
1419 3704 1637 3770 exspectaturus
1652 3700 1675 3754 si
1690 3698 1765 3756 torte

68 3789 146 3845 enim
157 3787 513 3845 Orientalesetanstralas
528 3789 669 3857 Saxones,
685 3794 713 3845 et
727 3786 888 3846 Orientales
941 3794 1109 3861 temporum
1131 3791 1314 3844 serenaretur
1327 3789 1422 3846 turbo.
1444 3789 1647 3844 Verumtamen
1671 3786 1766 3845 adicit

69 3876 153 3949 Angli
183 3876 419 3933 cantuaritarum
448 3877 589 3949 parebant
618 3876 689 3948 regi.
718 3877 798 3942 Quod
823 3875 890 3934 illae
945 3875 1765 3948 divinitatisinstinctus,quioorderegiebtbelbaldiad

69 3965 262 4038 provinciasa
287 3964 455 4034 vortigerno
479 3981 546 4038 rege
561 3965 712 4022 Britonum
732 3966 891 4040 llengistue
945 3965 1124 4022 credendum
1147 3963 1275 4022 emollito
1298 3965 1401 4023 ambos
1423 3969 1536 4022 mature
1559 3965 1711 4033 revocavit,
1736 3967 1766 4022 et

70 4056 182 4128 primus
206 4056 284 4127 apud
313 4054 444 4111 Centiam
479 4071 528 4112 rer
555 4071 612 4111 non
637 4054 724 4124 bello,
749 4056 798 4112 sed
823 4054 890 4112 dolo
946 4052 1766 4127 quidstastuseedempropriemnondillicalteria-

71 4141 255 4198 obtinuisset.
271 4143 340 4199 Post
363 4142 564 4199 litbelberturn
589 4160 655 4200 vero
676 4143 826 4201 australes
841 4144 892 4201 Sa·
945 4144 1041 4201 travit.
1057 4142 1200 4200 ltellitum
1216 4158 1283 4200 vero
1298 4160 1349 4216 pro
1366 4144 1488 4215 penuria
1502 4144 1653 4216 potestatis
1668 4141 1765 4198 litbel·

71 4233 889 4305 xonesOccidentaliumSaxonumditionisubjectisunt.
946 4233 1052 4291 baldus
1074 4233 1226 4289 restituere
1247 4232 1387 4304 nequivit.
1409 4233 1451 4288 lte
1469 4232 1618 4304 aliquanto
1634 4236 1766 4304 tempore

70 4322 176 4379 diteris
190 4322 361 4380 Marciorum
382 4339 464 4393 reges
483 4323 734 4396 principabantur,
756 4325 847 4381 donec
862 4330 891 4383 et
946 4323 1063 4381 honoris
1086 4339 1195 4380 exsors.
1218 4324 1409 4379 Postmodum
1433 4324 1588 4379 Laurentio
1608 4320 1767 4378 decedente

71 4409 124 4466 bos
148 4415 177 4466 et
192 4410 258 4466 illos
279 4411 505 4468 Wsstsaxonum
530 4413 691 4484 occupavit,
716 4421 743 4469 et
767 4415 891 4483 subjecit
946 4411 1183 4484 archiepiscopus
1199 4411 1359 4468 (lectuaria
1376 4412 1469 4468 lactus
1483 4419 1537 4468 est.

71 4499 237 4570 imperium.
256 4500 310 4555 Sed
328 4500 383 4556 ieta
403 4501 559 4571 posteriue.
573 4502 655 4558 Tunc
676 4519 744 4560 vero
764 4504 890 4561 Mellitus
981 4501 1139 4559 Duravitin
1153 4500 1351 4559 Orientalibus
1366 4501 1531 4558 Senonibus
1546 4500 1672 4572 perlldiae
1687 4497 1768 4556 labes

72 4590 128 4644 [leo
142 4593 326 4659 cooperante,
342 4594 372 4645 et
392 4590 548 4646 Ethelberti
570 4592 689 4662 adjutos
711 4592 891 4651 adminiculo
906 4601 929 4667 Β
945 4592 982 4650 ed
996 4596 1130 4663 tempora
1143 4590 1284 4663 Sigeberti
1306 4591 1383 4664 regis
1398 4607 1509 4659 eoram,
1524 4591 1573 4661 qui
1590 4589 1706 4646 hortatu
1722 4605 1767 4645 re·
1812 4596 1820 4611 ⁸

69 4676 298 4733 Christianitatis
321 4678 407 4733 tidem
430 4679 543 4749 egregie
566 4677 596 4735 in
622 4680 772 4751 provincia
791 4699 893 4754 propa·
947 4681 992 4755 gis
1015 4678 1106 4737 Oswii
1132 4677 1428 4736 Northanimbrorum
1457 4696 1474 4735 a
1500 4678 1609 4734 finano
1633 4679 1768 4750 episcopo

70 4766 160 4839 gavit.
175 4763 247 4822 Nam
259 4768 508 4823 etmonasterium
521 4768 696 4826 beatoPetro
707 4770 737 4827 in
753 4770 893 4828 Occidan·
948 4770 1112 4843 baptisatus
1139 4774 1256 4842 gentem
1286 4785 1369 4826 suam
1399 4769 1435 4825 ed
1463 4768 1562 4838 fldem,
1586 4782 1675 4840 quem
1699 4780 1768 4822 cum

72 4855 121 4912 teli
138 4855 262 4913 civitatis
278 4864 358 4928 parta
379 4855 457 4924 iecit,
480 4857 575 4929 ipsius
591 4858 726 4931 apostoli,
743 4863 775 4915 ut
790 4861 891 4929 iertar,
946 4858 1055 4917 Mellito
1069 4859 1251 4930 expulerant,
1262 4859 1436 4931 reduxitper
1448 4855 1767 4931 episcopumCeddum.

75 4947 244 5004 admonitus
265 4946 377 5003 nuntio.
394 4946 448 5014 Qui
462 4950 492 5003 et
510 4963 608 5004 coram
633 4948 714 5005 visas
737 4948 891 5006 ecclesiam
946 4947 973 5005 ls
988 4947 1044 5005 init
1067 4948 1216 5004 secundus
1240 4946 1470 5003 Londinensium
1491 4945 1656 5018 episcopus,
1672 4943 1723 5001 sed
1737 4943 1768 5001 in

72 5051 172 5092 recens
188 5035 293 5092 lacman
311 5052 360 5108 per
381 5051 412 5091 se
428 5034 614 5103 dedicaverit,
634 5039 663 5092 et
678 5052 730 5109 per
748 5037 891 5094 rusticum
945 5036 1187 5093 Nortbenimbria
1200 5037 1274 5108 apud
1293 5035 1439 5108 Lestingei
1456 5036 1665 5092 monesterium
1681 5049 1768 5090 suum

72 5125 207 5196 episcopo
227 5125 351 5181 Xenium
376 5125 591 5197 gratissimum,
615 5127 756 5198 grandem
781 5126 893 5184 scilicet
947 5126 1091 5200 sepultus.
1106 5126 1206 5183 Latius
1220 5127 1315 5183 istain
1332 5127 1556 5198 Bedareperiee,
1572 5125 1621 5197 qui
1646 5131 1677 5181 et
1691 5138 1770 5181 corn·

72 5214 181 5283 piscem
204 5213 401 5272 destinaverit.
428 5216 484 5271 Neo
506 5231 572 5272 vero
596 5216 632 5272 de
654 5215 730 5274 dieto
758 5217 893 5273 dubitare
947 5221 1089 5276 memoret
1099 5218 1227 5274 Ceddam
1245 5217 1360 5274 tratrem
1373 5217 1457 5273 istius
1473 5215 1560 5273 Ceddi
1576 5215 1713 5272 babuisse
1723 5230 1768 5272 ee·

70 5301 172 5369 voluit,
188 5302 238 5373 qoi
253 5302 362 5361 videret
371 5305 494 5378 agrestis
510 5305 653 5363 fatuitatis
668 5306 831 5376 bominem,
842 5304 892 5377 qui
948 5306 1012 5365 dem
1028 5306 1221 5379 episcopalem
1240 5311 1268 5364 et
1284 5305 1464 5379 sepulturam
1480 5305 1510 5361 in
1534 5304 1684 5361 bichlield.
1702 5305 1770 5361 Post

72 5390 891 5462 neccbristianuecsset,dsPetroallerentemnuntium,
947 5395 1141 5466 Sigebertum,
1157 5395 1352 5452 Switbelntus
1377 5397 1466 5452 trater
1489 5396 1555 5467 ejus
1574 5395 1714 5467 regnarit,
1736 5410 1770 5450 eo

69 5481 263 5552 ejusdemque
292 5483 424 5553 corporis
453 5481 641 5552 lineamenta,
672 5499 735 5556 qum
763 5483 893 5542 Mellitos
948 5483 1586 5554 mortuoSigbereetSebbiregnumtenuere
1608 5482 1769 5541 suleleri

70 5574 178 5639 nosset,
195 5584 228 5627 ex
243 5568 353 5640 pictura
370 5571 510 5627 veraciter
528 5573 776 5644 pronuntiantem.
791 5572 894 5630 Credi·
947 5572 1027 5647 regis
1040 5572 1214 5631 Marciorum
1228 5573 1378 5646 regimine.
1394 5573 1479 5632 Sebbi
1493 5573 1611 5632 illibate
1622 5571 1687 5628 fidei
1703 5584 1771 5643 epe-

232 5671 362 5733 Parttot.
385 5669 538 5733 CLXXIX.
1572 5670 1612 5732 te
