3750 6000
819 203 1096 269 inolescerent.

655 493 986 599 EPISTOLAE
1015 495 1178 598 TRES

444 737 513 795 PRO
528 737 706 795 canonica
727 737 931 794 lNNOCENTll
950 736 1153 794 ELECTIONE
1172 738 1391 796 assentirent.

562 915 679 988 (Ernst,
702 914 796 982 donc,
814 916 890 982 xxi,
902 917 964 983 ⁴³2.
980 931 1016 972 ex
1032 915 1126 973 codice
1147 918 1286 983 Udalric.)

483 1246 510 1300 t.

99 1371 297 1429 cnrdtnettan
311 1373 342 1428 ct
354 1371 552 1443 cpiscoporum
566 1368 679 1425 &uotae
700 1369 831 1426 houtueoe
845 1367 899 1422 Ee·

276 1458 373 1515 cletioe
387 1455 425 1513 od
440 1455 721 1529 lothoriumrepem.

132 1557 166 1613 1..
183 1555 288 1612 devina
297 1555 449 1627 inspirante
456 1552 601 1610 clementia
610 1550 900 1610 Eomanorumclaris·

101 1646 168 1702 nmo
183 1645 258 1718 regi,
271 1643 380 1714 justitia
400 1643 494 1716 rigore
507 1641 630 1716 fulgenti,
641 1640 763 1713 episcopi
776 1639 813 1695 N.
828 1647 854 1694 et
862 1639 898 1695 N.

101 1741 126 1791 ct
139 1732 300 1791 cardinales
314 1730 440 1799 Romani,
457 1746 518 1788 cum
530 1731 638 1786 oaeteris
662 1729 801 1794 iratribus,
828 1727 900 1783 salu·

100 1832 152 1880 tem
169 1831 199 1878 et
213 1829 373 1894 perpetuam
388 1820 423 1876 de
443 1818 617 1875 hostibussui
631 1818 787 1876 victoriam.

130 1918 232 1975 Nullus
246 1916 466 1974 Christianorum
482 1916 589 1988 ignora,
609 1914 712 1986 optime
738 1929 796 1982 rex,
826 1911 901 1984 quod

100 2008 222 2064 llomane
251 2004 376 2062 Ecclesia
412 2003 463 2060 Dei
495 2003 664 2059 institutione
689 2010 716 2059 et
743 2011 900 2058 sanctorum

100 2095 210 2151 latrum
234 2093 386 2150 imitatione
404 2100 432 2149 et
461 2092 656 2166 religiosorum
677 2091 798 2147 uirorum
813 2089 901 2146 devo·

101 2190 183 2257 bons,
197 2191 313 2249 domina
326 2191 362 2247 sit
379 2205 434 2246 non
453 2189 546 2255 Urbis,
564 2189 612 2246 sed
628 2188 704 2244 orbis
719 2207 727 2255 ;
742 2196 769 2244 et
784 2203 817 2244 ea
831 2204 897 2246 con·

100 2280 214 2337 mute
242 2287 343 2336 cuncta
369 2293 505 2351 prospere
531 2279 696 2343 consistunt,
724 2292 811 2347 eaque
831 2274 902 2332 deli-

102 2370 191 2427 ciente
204 2376 306 2425 cuncta
320 2367 498 2424 decrescunt.
521 2367 556 2422 Et
576 2367 647 2421 sicut
674 2365 755 2422 altius
784 2364 900 2433 excellit,

102 2459 142 2515 sic
154 2466 304 2514 ventorum
324 2471 358 2513 ac
372 2463 566 2527 tempestatum
581 2453 754 2526 tyrannidem
769 2453 902 2511 luciliusa

103 2563 134 2602 ae
148 2545 256 2616 repellit
271 2563 279 2609 ;
294 2551 322 2600 et
335 2554 437 2618 quanto
452 2559 545 2599 rarum
560 2542 766 2598 mundanarum
794 2541 902 2598 turbine

104 2647 315 2715 mnquamtur,
332 2647 406 2695 tanto
419 2637 537 2695 lucidius
551 2636 726 2709 purificator.
744 2638 835 2694 heatae
848 2637 903 2710 ipi-

103 2738 147 2786 tnr
160 2729 302 2787 memorie
311 2743 384 2800 papa
399 2728 435 2783 E.
462 2726 597 2799 migrante
620 2734 646 2783 et
664 2726 737 2783 viam
765 2726 904 2782 uniuersa

103 2827 186 2876 ωιτη
193 2817 377 2890 ingrediente,
394 2832 445 2871 nos
460 2815 618 2888 episcopiet
627 2814 783 2873 cardinales
793 2813 831 2871 G.
846 2830 906 2871 car-

103 2906 226 2963 dinalem
258 2903 407 2961 diaconum
422 2903 515 2961 Sancti
529 2904 637 2976 Eupoli,
648 2904 739 2961 virum
750 2903 905 2966 honestum,

103 2996 229 3053 moribus
258 2992 454 3065 compositum,
483 2991 543 3048 Deo
578 2993 720 3065 Deumque
747 2991 905 3047 timentibus

105 3096 231 3158 charum,
247 3091 274 3146 in
290 3105 426 3147 summum
441 3087 600 3161 pontificem
614 3089 760 3162 elegimus.
778 3089 806 3145 in
821 3088 908 3146 ecclc-

105 3182 175 3239 siam
196 3181 410 3236 letemnensem
431 3178 616 3248 constipatum
637 3179 755 3234 catervis
781 3177 906 3233 bdelium

106 3269 280 3335 deduximus,
297 3277 325 3324 et
337 3267 367 3323 in
384 3267 451 3324 sede
465 3282 570 3323 summa
584 3267 704 3338 positum
731 3282 783 3323 noa
797 3275 823 3323 et
841 3263 907 3321 inii·

107 3367 164 3423 nita
192 3364 388 3436 religiosorum
411 3362 492 3419 turba
519 3362 730 3419 honoravimus.
762 3362 828 3417 Post
855 3362 907 3418 hoc

107 3456 136 3512 in
149 3453 279 3526 pulsum
294 3451 481 3518 ascendimus,
492 3458 520 3507 et
533 3467 596 3523 qim
613 3467 647 3508 cr
680 3466 757 3507 more
770 3450 831 3522 peri
859 3464 907 3505 so·

115 3544 170 3600 lent
197 3540 401 3612 complerimus
435 3546 462 3597 et
486 3539 579 3595 omnia
610 3539 729 3612 insignia
764 3535 910 3611 pontifica-

110 3630 147 3688 th
164 3632 201 3687 li.
220 3645 309 3703 pape,
334 3627 434 3684 Calirti
461 3642 540 3700 pepe
563 3627 705 3683 Paschalis
733 3641 813 3699 paprs
841 3644 908 3683 suo·

110 3735 225 3792 remque
248 3717 485 3790 predecessorum
518 3716 544 3772 ei
582 3715 737 3771 tribuimus.
767 3715 816 3769 llis
843 3729 908 3770 vero

109 3817 182 3874 circa
195 3816 293 3872 horam
314 3814 425 3870 tertiam
451 3812 501 3868 rite
525 3811 652 3883 peractis,
687 3810 783 3866 Petrus
808 3809 909 3865 Leonis

110 3907 179 3961 hora
191 3911 286 3969 mata,
300 3918 354 3976 qua
366 3903 452 3957 ludas
465 3902 602 3957 Christum
616 3897 763 3966 cruxilicit,
779 3907 807 3955 et
828 3907 907 3954 tene-

110 3994 222 4048 brarum
236 3993 329 4065 caligo
341 3990 475 4047 mnndum
486 3989 607 4058 involat,
620 4004 685 4046 cum
710 3988 769 4045 suis
796 3988 908 4059 conspi-

110 4082 250 4138 ratoribus
282 4089 365 4150 atque
388 4077 601 4152 consangnineis
623 4078 740 4151 aliisque
766 4076 910 4133 manifesto

112 4171 196 4241 pretio
210 4167 366 4233 conductis,
381 4165 526 4224 ecclesiam
556 4165 650 4222 Sancti
674 4165 761 4222 llartii
790 4164 910 4221 turribus

112 4259 224 4314 lratmm
239 4256 432 4327 propinquam,
447 4254 609 4311 festinanter
621 4253 697 4321 adiit,
718 4267 834 4325 cappam
862 4270 911 4308 ru·

113 4346 192 4402 mann
219 4345 381 4400 indecenter
407 4343 508 4410 induit,
548 4341 700 4415 iictitiaqna
736 4340 911 4413 pontificatus

112 4434 229 4505 insignia
256 4432 378 4504 erripuit.
418 4430 550 4503 Sequem
578 4439 668 4487 autem
696 4430 741 4487 die
763 4428 912 4487 ecclesiam

114 4522 186 4579 Eeati
213 4521 289 4577 Petri
320 4519 403 4576 ermis
430 4520 518 4591 petiit,
551 4519 686 4577 machinis
721 4517 911 4587 circumdedit,

115 4624 186 4675 tecta
204 4632 356 4690 murosque
375 4615 465 4690 irepit,
481 4616 636 4674 homicidiis
659 4616 777 4688 peractis
786 4624 813 4672 et
828 4615 912 4673 nimia

115 4707 224 4763 huni
251 4705 395 4779 amunia
430 4704 575 4774 effusione,
606 4705 648 4761 sic
690 4720 753 4761 cum
780 4704 913 4776 improbis

114 4796 301 4868 apstolorum
314 4794 443 4867 principis
460 4795 571 4850 intravit
581 4797 679 4863 panas
704 4791 798 4851 Altera
820 4801 912 4850 antem

912 1243 1070 1315 Aturpiter
1080 1245 1207 1302 recessit.
1226 1244 1451 1318 Depraedationes
1480 1263 1544 1305 vero
1571 1246 1750 1313 οιὼιὶιιιιιι

953 1343 980 1388 ct
990 1332 1127 1405 precipue
1141 1333 1212 1389 beati
1228 1335 1302 1390 Petri
1321 1336 1487 1402 thesaurum,
1504 1351 1584 1408 quem
1607 1334 1750 1409 pontifices

954 1421 1069 1476 Romani
1084 1430 1111 1477 et
1125 1423 1301 1479 secretissimi
1317 1423 1500 1495 imperatores
1531 1423 1589 1480 Deo
1612 1424 1749 1497 beatoque

953 1509 1034 1565 Petro
1048 1509 1243 1567 dedicaverunt
1259 1511 1285 1566 in
1301 1510 1474 1582 lampadibus
1489 1513 1588 1580 aureis,
1605 1512 1749 1582 calicibus,

953 1597 1107 1665 thuribulis,
1124 1598 1308 1667 candelabris,
1324 1599 1501 1675 imaginibus,
1517 1602 1655 1668 crucibus,
1669 1617 1750 1675 pem-

954 1685 1016 1754 mis,
1032 1686 1149 1758 aliisque
1170 1688 1394 1760 vasisprotiosis,
1411 1705 1532 1746 necnon
1552 1699 1579 1745 et
1607 1689 1697 1762 palliis
1724 1696 1751 1746 et

954 1774 1074 1830 vestibus
1089 1776 1186 1832 sericis
1200 1792 1269 1833 noro
1296 1777 1468 1851 gemmisque
1497 1778 1643 1843 contextis,
1672 1777 1750 1833 dire·

954 1861 1059 1919 ctiones
1075 1880 1180 1919 necnon
1196 1874 1223 1920 et
1238 1865 1400 1936 praediorum
1408 1867 1658 1924 ecclesiasticorum
1669 1865 1751 1941 iquo-

955 1952 1085 2018 rationes,
1095 1959 1122 2007 et
1132 1954 1340 2026 peregrinorum
1352 1955 1563 2027 exspoliationes
1571 1963 1680 2029 quantae
1696 1955 1750 2010 sint

954 2040 1003 2112 qui
1032 2040 1143 2096 Eomam
1160 2042 1203 2096 vel
1235 2043 1389 2099 Jerusalem
1417 2051 1563 2115 properant
1596 2052 1697 2101 euntes
1725 2049 1752 2100 et

956 2127 1102 2186 redeuntes
1111 2128 1362 2201 ntiquediiiamant.
1373 2132 1440 2201 Quae
1451 2147 1517 2188 vero
1528 2131 1677 2204 aliaturpia
1690 2131 1751 2203 ipse

956 2217 1053 2290 suique
1062 2218 1211 2289 complices
1226 2228 1323 2292 gerant
1338 2220 1477 2292 regalibus
1492 2219 1605 2275 auribus
1616 2236 1671 2275 non
1686 2227 1750 2277 sunt

956 2313 1115 2370 referenda.
1130 2315 1184 2371 Sed
1200 2333 1249 2386 per
1264 2316 1314 2372 Dei
1328 2318 1448 2386 qratiam
1465 2315 1535 2372 inira
1550 2317 1656 2388 paterni
1682 2317 1752 2372 muri

957 2404 1125 2473 carausium
1140 2403 1243 2460 latitat:
1259 2404 1383 2471 abbates,
1400 2404 1583 2472 marchiones,
1600 2404 1751 2478 principes,

956 2490 1058 2563 aliique
1072 2489 1190 2549 barones
1201 2491 1227 2547 in
1242 2491 1371 2548 auxilium
1387 2491 1536 2549 Catholicae
1550 2502 1579 2548 et
1594 2492 1752 2566 apostolicae

917 2596 943 2656 Β
959 2579 1090 2636 Ecclesiae
1103 2586 1265 2653 properant.
1288 2578 1441 2637 Orientales
1452 2590 1477 2637 at
1489 2579 1680 2639 Occieentales
1696 2583 1754 2638 Ec-

958 2667 1051 2726 clesiae
1061 2668 1221 2739 praedictum
1236 2671 1394 2726 invasorem
1410 2671 1469 2742 pari
1482 2680 1544 2728 voto
1558 2670 1671 2744 parique
1689 2686 1754 2728 con-

959 2773 1043 2812 sensu
1057 2773 1165 2831 unoque
1180 2758 1277 2829 spiritu
1288 2758 1460 2817 anathemate
1479 2761 1673 2828 condemnant,
1699 2760 1753 2816 do-

960 2845 1061 2900 minnm
1092 2860 1155 2903 vero
1197 2847 1384 2905 innocentium
1422 2863 1522 2920 papam
1565 2846 1754 2907 acatholicis

959 2941 1096 2999 Catholice
1107 2943 1220 3012 lectum,
1243 2942 1387 3003 catholice
1397 2952 1598 3015 consecratum,
1615 2945 1684 3002 sicut
1697 2945 1756 3003 uni·

960 3030 1109 3095 verselem,
1120 3040 1225 3102 patrem
1240 3041 1269 3087 et
1284 3032 1359 3088 beati
1384 3032 1456 3089 Petri
1479 3033 1616 3091 uicarium
1652 3033 1755 3111 ample·

959 3127 1080 3186 utuntur,
1095 3129 1268 3189 venerantur,
1297 3121 1408 3194 suisque
1436 3122 1538 3179 nuntiis
1564 3121 1751 3197 frequentant.

961 3205 1040 3277 Quod
1055 3207 1138 3282 igitur
1155 3225 1240 3280 super
1250 3208 1293 3264 his
1304 3207 1439 3266 celsitudo
1454 3218 1556 3277 vestra,
1573 3226 1589 3265 o
1612 3210 1756 3285 gloriosis-

960 3297 1029 3352 sima
1044 3312 1101 3364 rer,
1117 3312 1201 3370 apere
1217 3298 1329 3366 dehent,
1349 3297 1451 3370 regalis
1464 3298 1633 3368 providentis
1656 3299 1758 3372 Spiritu

962 3393 1056 3441 sancto
1084 3400 1217 3442 succensa
1245 3386 1397 3458 provideat.
1423 3386 1575 3458 Accingere
1607 3386 1699 3462 igitur,
1732 3396 1759 3446 et

961 3473 1185 3546 archiepiscopis,
1202 3482 1229 3529 et
1243 3474 1389 3546 episcopis,
1405 3474 1549 3530 abbatibus
1566 3476 1758 3551 religiosisque

962 3563 1037 3628 viris,
1053 3579 1104 3620 nec
1126 3579 1184 3619 non
1202 3570 1231 3620 et
1258 3563 1337 3637 requi
1365 3563 1536 3635 principibus
1568 3565 1649 3624 solito
1681 3582 1759 3625 more

962 3652 989 3707 in
1005 3650 1154 3707 auxillium
1168 3651 1301 3723 principis
1315 3652 1503 3725 apostolorum
1518 3663 1701 3726 properanter
1714 3670 1759 3721 oc·

963 3765 1044 3807 curre
1061 3769 1066 3805 :
1084 3758 1214 3822 quatenus
1228 3750 1351 3807 Ecclesia
1372 3751 1421 3808 Dei
1437 3749 1551 3816 laetetur,
1567 3751 1664 3826 religio
1678 3752 1761 3813 chri·

963 3837 1050 3894 stiana
1064 3836 1235 3912 sublimetur,
1249 3838 1483 3896 schismaticorum
1495 3839 1614 3912 pertidia
1636 3843 1759 3915 compri-

924 3941 949 4007 (2
964 3946 1061 4005 matur,
1071 3936 1355 4007 coronacapitistuia
1378 3953 1445 4010 repe
1453 3937 1559 3995 coelesti
1570 3940 1758 4005 benedicatur.

964 4025 1032 4096 Quae
1051 4040 1119 4081 vero
1134 4025 1178 4082 hic
1192 4025 1292 4082 desunt
1302 4026 1465 4083 venerabilis
1491 4025 1575 4083 irater
1604 4036 1697 4085 noster
1723 4030 1760 4086 G.

964 4112 1133 4188 [Gualterus]
1160 4121 1188 4170 et
1214 4113 1272 4169 Deo
1296 4112 1412 4170 dilectus
1439 4115 1604 4171 Ravennatis
1628 4116 1761 4177 Eccleaite

965 4201 1262 4274 archiepiscopuaviaa
1286 4201 1365 4258 vohis
1389 4216 1457 4260 uoce
1484 4201 1651 4273 clarificabit,
1680 4221 1762 4278 quem

964 4292 1095 4349 attentius
1124 4290 1264 4348 serenitati
1291 4299 1393 4349 vestrm
1420 4294 1652 4359 commendamus,
1679 4303 1707 4351 et
1734 4303 1763 4351 ut

966 4397 1028 4436 eum
1043 4395 1093 4451 pro
1108 4380 1264 4436 reverentia
1277 4380 1350 4436 beati
1366 4378 1440 4437 Petri
1454 4389 1480 4436 et
1508 4380 1590 4438 totius
1612 4381 1763 4442 catholice

965 4469 1097 4527 Ecclesia
1110 4469 1261 4526 honorilice
1275 4469 1405 4536 tractetis,
1423 4484 1561 4540 rogamus.

1345 4568 1381 4622 ΙΙ.

969 4675 1099 4731 duattert
1106 4674 1497 4747 Ravennateneitorchiepisc
1511 4675 1646 4748 upladii.
1664 4677 1769 4735 Partho

966 4763 1166 4836 nopolitumun
1176 4778 1226 4819 reo
1242 4762 1762 4837 llopdehurpememorchiepircopum.

115 4892 280 4948 dium„
297 4890 650 4947 mammemnsem
676 4889 819 4946 eeclesiam
846 4905 912 4961 W,
1003 4867 1158 4923 Venerabili
1174 4867 1285 4923 domino
1300 4869 1336 4922 N.
1369 4877 1470 4924 sanctae
1500 4869 1765 4941 Parthenopolitane

114 4981 194 5043 Μὴ,
209 4978 296 5045 fumo,
312 4979 387 5052 igne,
404 4980 538 5052 „nguine
554 4992 616 5034 mm
630 4978 766 5035 violeum·
795 4978 908 5035 inquit,
968 4965 1099 5022 Ecclesia
1112 4965 1322 5036 archiepiscopo
1341 4965 1379 5020 G.
1399 4974 1502 5021 sancte
1515 4967 1680 5024 Ravennatis
1709 4970 1766 5027 Ec·

116 5068 250 5123 mnu.
263 5066 433 5133 mmmm,
447 5075 546 5137 ΝΜ
561 5065 706 5139 pouq-2351,
723 5066 804 5122 ,edes
819 5066 913 5137 pouq.
966 5054 1059 5112 clesite
1073 5054 1208 5119 minister,
1220 5052 1286 5108 licet
1307 5053 1450 5126 indignus,
1466 5053 1599 5110 calentem
1621 5064 1648 5112 et
1663 5074 1767 5132 perpe·

114 5154 194 5213 licum
208 5155 346 5221 contrivit,
362 5155 513 5211 sacrarium
534 5155 605 5211 beati
629 5155 767 5211 morentii
795 5154 912 5226 aperuit,
966 5143 1079 5203 tutffliss
1095 5143 1203 5199 Chli⁸¹⁰
1217 5141 1407 5197 ἅῑῖθθῑῑθῡθῦῑ·

116 5252 291 5326 wopfim,
307 5251 360 5309 ,iffi
374 5251 432 5309 γῆς.
447 5261 509 5307 gum
531 5252 652 5325 diripuit,
681 5251 716 5308 ud
744 5251 856 5324 propriu
883 5268 914 5311 ,ο
1006 5238 1266 5296 Visissanctissimae
1280 5239 1453 5309 paternitatis
1467 5248 1564 5297 vestra
1584 5239 1680 5300 litteris
1704 5246 1767 5318 qui·

117 5341 273 5415 mugit,
292 5341 577 5413 poefflmufflum,
593 5341 690 5412 inquo
707 5341 834 5398 dominu,
861 5299 1021 5399 „entius
1047 5344 1104 5393 me,
1141 5342 1296 5400 quanquam
1339 5327 1456 5383 invisum
1485 5335 1512 5385 et
1540 5327 1609 5386 lucie
1637 5331 1766 5405 ignotu-

119 5439 176 5489 m
188 5445 259 5503 μμ
271 5430 450 5489 pwmpu.
462 5445 525 5486 oum
540 5428 680 5486 epicope.
694 5428 821 5489 &pluis
846 5429 917 5486 feet.
970 5418 1080 5476 uisitare
1095 5416 1229 5484 voluistis,
1244 5415 1380 5487 plurimun
1389 5415 1418 5472 in
1432 5417 1549 5473 Domino
1562 5419 1652 5491 parisi
1673 5438 1769 5481 sumna

120 5528 211 5598 debat,
227 5527 399 5604 aggreditur.
416 5526 519 5584 Verum
529 5526 665 5600 equitibus
682 5535 710 5585 et
723 5528 802 5601 equis
828 5527 917 5599 pluri.
971 5524 997 5571 et
1010 5513 1202 5586 congratulati,
1219 5530 1300 5586 quem
1316 5513 1368 5571 etsi
1382 5514 1463 5587 longa
1481 5521 1621 5571 terrarum
1650 5521 1735 5591 spatia
1752 5537 1768 5578 a

120 5616 291 5677 unanimi
305 5618 335 5675 in
350 5615 515 5674 confusione
543 5630 603 5672 sare
625 5614 782 5690 ignominie
805 5617 916 5674 domum
971 5612 1050 5670 nobis
1085 5619 1218 5686 separent
1244 5610 1434 5684 corporaliter,
1464 5617 1562 5680 umen,
1591 5630 1653 5686 que
1679 5615 1770 5676 divisa
