3772 6006
533 221 584 282 DE
605 219 743 283 Gestis
763 219 918 284 Posala.
940 221 1060 286 ANGL.
1082 254 1120 269 -
1144 220 1219 285 ttB.
1241 222 1278 284 V.

780 458 921 547 Patts
959 462 1032 550 III.

95 768 176 822 Nunc
191 769 269 838 quia,
295 766 423 822 secunda
445 765 556 836 expleta
580 762 798 834 pollicitatione,
822 777 881 818 non
894 759 923 828 A
938 759 1091 818 insolitum
1115 759 1282 833 reportabat
1304 761 1495 833 triumphum.
1518 765 1618 832 Neque
1637 764 1709 817 tuno
1728 761 1761 834 [t.

58 871 162 926 parum
180 855 388 926 promovimus,
413 858 441 911 et
455 852 540 926 quasi
560 853 619 924 iam
640 852 767 908 medium
784 864 881 922 equor
936 849 1761 923 tamenlconsortiumlaminarumrepudiabat;utcoeteri

60 950 204 1014 tenemus,
222 945 383 1016 majoribus
398 960 469 1015 opus
483 949 526 1000 est
540 943 662 1010 viribus,
680 945 710 998 ut
726 957 785 998 non
801 942 882 1013 inge·
938 940 988 1011 qui
1004 957 1037 997 ex
1055 941 1272 1014 opportunitate
1292 941 1397 999 timent
1417 942 1538 1014 prolabi.
1561 943 1620 998 lmo
1635 959 1701 1000 vero
1718 945 1762 1002 vel

59 1036 99 1089 nii
116 1036 166 1090 aed
193 1034 321 1106 Spiritus
342 1033 435 1090 sancti
457 1032 549 1106 adjuti
573 1031 700 1098 flatibus,
725 1046 825 1086 navem
845 1029 882 1085 sd
938 1030 1071 1086 assidens
1094 1029 1138 1086 vel
1160 1030 1295 1087 cubitans
1319 1030 1450 1104 aliquam
1477 1031 1638 1100 detinebat,
1663 1034 1760 1105 quoad

60 1121 170 1178 silentii
187 1121 270 1179 littus
286 1121 484 1194 impellamus.
501 1121 552 1177 llic
567 1137 638 1178 sace
654 1120 768 1177 lectoris
783 1133 883 1189 exspe·
939 1118 1035 1176 carnis
1058 1123 1223 1191 tepescente
1246 1118 1358 1175 lubrico
1372 1120 1469 1192 quieto
1483 1129 1510 1177 ct
1524 1120 1648 1178 immoto
1664 1122 1763 1178 disce·

61 1211 179 1267 elationi
195 1210 296 1278 deerc;
312 1211 337 1267 si
359 1211 426 1284 quis
443 1215 525 1283 putat
548 1224 595 1267 ms
609 1210 660 1265 illa
675 1226 739 1281 que
755 1208 882 1265 inseram
938 1207 1020 1264 deret
1039 1208 1149 1264 enimc.
1165 1207 1289 1265 Dirideri
1305 1223 1336 1264 se
1351 1208 1465 1264 videtur
1479 1207 1622 1279 diabolus,
1639 1225 1762 1268 cernens
1821 1232 1824 1239 ¹

59 1300 199 1355 miracula
221 1300 339 1371 scriptis
356 1316 390 1356 ex
412 1299 533 1371 antiquo
548 1297 727 1354 testimoniis
742 1296 882 1369 probatu·
939 1297 1136 1353 adherentem
1146 1296 1283 1352 laminam
1292 1298 1446 1369 virumque
1455 1297 1654 1357 aliasavoceto
1664 1299 1763 1357 animo

60 1404 136 1442 rum.
149 1389 215 1457 Sed,
227 1386 359 1459 quamvis
370 1387 421 1444 illa
432 1396 513 1459 parte
523 1388 675 1452 destituar,
688 1386 775 1441 tidem
787 1393 883 1441 tamen
940 1387 1276 1443 insistentemcantando
1286 1386 1762 1447 l’salterio.Veleiaciebatillemu-

59 1478 120 1533 veri
136 1493 236 1532 secura
252 1477 448 1548 promissione
463 1477 602 1546 astringo.
620 1476 712 1531 llrunt
723 1475 800 1530 enim
815 1476 883 1542 ista,
939 1473 1002 1531 lieri
1018 1475 1099 1531 salvo
1110 1475 1232 1547 pudore,
1243 1474 1488 1532 illaesacastitate.
1501 1476 1764 1535 ltesidsbatosrnia
1848 1490 1851 1495 '

61 1581 125 1636 ques
140 1564 278 1620 illaturus
294 1581 372 1630 sum,
388 1563 449 1621 sola
473 1579 535 1636 quae
550 1579 636 1619 vavor
656 1564 688 1634 [t.
709 1560 798 1633 lavor]
815 1561 885 1617 uni·
940 1563 1180 1620 incommodum:
1216 1562 1332 1620 dolebat
1359 1578 1483 1636 nequam
1513 1565 1637 1637 spiritus
1665 1566 1702 1624 de
1730 1580 1763 1625 se
1849 1608 1852 1613 -

60 1654 206 1711 versitatis
221 1655 400 1727 exsequitur,
416 1654 478 1724 jam
498 1653 566 1709 inde
582 1653 618 1708 ab
634 1650 763 1723 antiquis
777 1651 885 1707 ductus
940 1654 1040 1723 agitati
1051 1652 1222 1709 ludibrium.
1234 1652 1507 1710 Assistuntaeritati
1523 1655 1668 1712 dictorum
1687 1670 1765 1713 meo-

59 1743 254 1815 temporibus.
276 1742 368 1797 ltrunt
390 1758 453 1815 qua
478 1741 645 1797 communis
661 1738 884 1812 provincialium
940 1741 1766 1813 rum,quaotumcoelibatusamcremfoverit:Librille
1844 1720 1863 1761 ’ὦ

61 1848 198 1888 assensus
223 1831 363 1899 defendit,
389 1846 438 1902 per
462 1830 615 1887 continuas
634 1830 835 1887 successiones
848 1828 884 1884 ad
940 1829 1106 1902 virginitate
1121 1830 1261 1903 preclari,
1276 1830 1384 1903 quihus
1399 1829 1479 1886 illius
1494 1830 1634 1888 honorem
1650 1833 1765 1901 delinit,

61 1919 885 1992 posterostransmissus.Inseruitealtivinitasmentibus
941 1918 1189 1989 pulchritudinem
1226 1924 1320 1985 ornat,
1353 1919 1599 1989 perseverantiam
1633 1925 1764 1980 coronat.

62 2011 179 2068 homine
206 2011 268 2067 vics
296 2010 469 2079 litterarum,
495 2027 531 2067 ne
550 2010 716 2082 deperirent
743 2006 886 2064 inutiliter
939 2005 1040 2078 Neque
1062 2007 1140 2062 enim
1167 2008 1209 2063 las
1237 2017 1279 2063 est
1303 2007 1379 2064 credi
1404 2013 1539 2065 sanctum
1564 2009 1659 2066 virum
1682 2011 1766 2067 aliter

62 2118 113 2174 per
128 2104 262 2156 sanctum
278 2100 353 2157 lacta
368 2099 548 2156 mirabiliter.
565 2099 628 2155 Non
644 2113 712 2171 ergo
728 2097 817 2153 videri
833 2097 885 2152 de·
900 2065 924 2132 Β
941 2096 1044 2151 lesisse
1059 2111 1147 2167 quam
1169 2097 1278 2163 docuit,
1300 2095 1384 2152 aliter
1398 2096 1505 2154 vixisse
1518 2114 1605 2171 quam
1621 2098 1702 2155 dixit.
1718 2102 1765 2172 tlt,

62 2191 131 2247 bcnt
153 2191 189 2247 de
213 2188 318 2258 nihilo,
345 2207 407 2263 quae
431 2207 482 2262 per
504 2191 660 2247 succiduas
683 2190 885 2262 generationes
940 2192 972 2240 ut
981 2185 1102 2243 assertio
1118 2185 1175 2243 iste
1193 2202 1310 2244 omnem
1332 2186 1488 2243 dubietatis
1498 2189 1767 2260 depreceturcll'eu·

62 2282 99 2338 ab
122 2281 202 2337 omni
226 2280 422 2352 predicentur
446 2279 564 2353 populo.
587 2279 617 2335 Si
644 2279 710 2350 quis
725 2294 791 2335 vero
812 2275 885 2332 mihi
940 2290 1013 2342 mm,
1026 2275 1248 2348 audiquomodo
1259 2275 1434 2347 discipulum
1445 2279 1602 2344 monuerit,
1612 2278 1766 2336 nelusclva
1865 2262 1869 2269 ¹

64 2370 296 2426 succensendum
313 2370 466 2443 opinetur;
484 2371 558 2440 quod
571 2384 630 2425 non
644 2369 705 2424 visa
719 2367 770 2424 sed
785 2366 886 2422 audita
941 2370 1089 2435 poetarum
1113 2365 1245 2421 carmina
1263 2365 1348 2437 legat,
1370 2381 1407 2420 ne
1423 2365 1676 2424 meretricularum
1693 2383 1763 2424 ocn-
1852 2438 1860 2453 ἱ

64 2459 173 2527 acribo,
189 2459 343 2530 preclaros
363 2457 473 2526 Patres,
491 2456 618 2514 illustres
637 2457 753 2526 heroes,
777 2457 827 2528 qui
843 2456 886 2513 le·
940 2454 1029 2509 sortia
1045 2453 1197 2525 inhereat,
1214 2471 1249 2511 ne
1272 2454 1464 2511 delicatarum
1481 2454 1624 2513 lenocinio
1637 2458 1763 2516 vestium
1856 2524 1861 2535 Ι

64 2552 168 2604 cerunt
188 2548 275 2614 idem,
296 2547 404 2602 Lucam
425 2546 455 2602 in
473 2547 637 2619 Evangelio,
662 2546 833 2618 Gregorium
856 2545 885 2601 in
940 2541 1068 2615 vigorem
1085 2543 1192 2599 mentis
1207 2543 1364 2600 effeminet.

66 2638 192 2708 llialcgo,
216 2637 247 2691 in
267 2639 316 2707 jus
335 2637 442 2705 trahat,
469 2637 496 2691 in
519 2637 650 2692 eamdem
672 2635 885 2693 accusationem
976 2653 991 2683 a
1008 2632 1131 2688 Domino
1142 2631 1345 2689 venerabiliter
1355 2631 1504 2706 diligendo
1517 2638 1546 2690 et
1556 2633 1765 2694 delectabiliter
1864 2680 1867 2687 .

63 2734 153 2782 vocet.
183 2725 263 2788 Quod
294 2724 319 2780 si
349 2728 512 2795 protervum
537 2724 697 2798 judicatur,
725 2740 779 2781 cur
802 2722 885 2792 mihi,
941 2721 1105 2777 venerando
1121 2721 1272 2778 Wilelrido
1287 2721 1437 2778 Aldelmus
1451 2721 1626 2780 vernaculus
1641 2725 1766 2799 supplex
1851 2748 1856 2763 ¹

64 2831 171 2888 quaeso,
189 2831 247 2870 nou
265 2812 351 2869 liceat
363 2813 394 2868 in
410 2812 527 2886 exiguo,
543 2815 619 2885 quod
635 2813 694 2869 illis
709 2815 738 2869 in
754 2811 887 2870 summo?
941 2809 971 2865 in
987 2809 1102 2865 Christo
1123 2825 1279 2881 perennem
1299 2810 1437 2869 salutem.
1458 2811 1604 2869 Perlatum
1620 2816 1664 2870 est
1680 2814 1764 2882 mihi,

65 2904 123 2960 Nec
140 2919 205 2959 vero
220 2901 280 2958 hac
304 2907 405 2958 nostra
419 2901 460 2957 its
484 2902 541 2958 ilde
561 2904 678 2961 oculata
692 2908 802 2973 carent,
818 2916 885 2957 cum
941 2897 1133 2972 rintugerulis
1148 2900 1179 2971 [l.
1198 2899 1395 2973 rumigerulis]
1410 2901 1603 2959 referentibus
1614 2902 1649 2959 de
1663 2912 1764 2960 vestre

65 3011 99 3051 ea
121 2991 221 3049 scrinii
253 2990 364 3063 antiqui
393 2995 512 3063 argento
535 2993 663 3049 vidimus
685 2993 831 3064 impressa
853 3007 887 3048 so
942 2988 1093 3045 charitatis
1107 2989 1263 3058 industria,
1285 2990 1362 3062 quod
1378 2990 1610 3047 transmarinum
1629 2992 1693 3062 lter,
1708 3008 1762 3064 gu·

65 3097 169 3153 genere
184 3079 310 3147 artificii,
327 3082 403 3152 quod
419 3081 580 3152 anaglifum
595 3085 709 3138 vocant.
722 3081 780 3137 llac
796 3082 888 3153 igitur
943 3079 1082 3135 beruants
1100 3078 1230 3142 Domino,
1247 3094 1361 3150 capere,
1385 3080 1541 3152 sagacitate
1561 3081 1674 3153 legendi
1693 3097 1761 3141 auc·
1796 3152 1805 3161 .

66 3171 157 3227 lretus
172 3171 267 3236 venia,
284 3169 389 3242 agresti
408 3170 472 3226 licet
493 3187 638 3238 sermone,
660 3176 786 3243 creptum
802 3185 887 3242 expe·
943 3183 1040 3235 censa‚
1051 3167 1218 3223 decreverit.
1229 3168 1259 3223 ΕΙ
1270 3167 1375 3224 idcirco
1384 3169 1441 3223 vita
1452 3172 1555 3226 comite
1565 3175 1697 3240 optatum
1709 3172 1761 3228 Hi·

69 3261 158 3316 diam.
172 3259 535 3330 Attenuabitimpudsntias
546 3259 662 3330 culpam
679 3277 762 3317 amor
776 3261 886 3318 sancti:
943 3256 1772 3331 heraiaeportumtenens,sacrosauctapotissimumprrssa·
1835 3294 1845 3309 -·
1862 3268 1865 3273 '

68 3360 98 3402 ut
114 3348 160 3404 cui
176 3346 309 3417 displicet
321 3346 497 3419 eloquentia,
513 3350 622 3420 placeat
637 3351 768 3407 materia.
917 3384 925 3409 ,
945 3344 1769 3421 gmins,relutatisphilosophorumcommentitiis,legitc.

106 3438 265 3508 Postquam
280 3452 349 3507 ergo
375 3438 470 3493 lactus
492 3446 536 3494 est
560 3440 732 3507 monachus,
757 3442 800 3497 sic
824 3460 891 3500 eum
946 3436 1112 3491 Absurdum
1129 3435 1207 3491 enim
1220 3436 1355 3507 arbitror,
1367 3439 1464 3508 spreta
1475 3437 1556 3493 rudis
1566 3437 1597 3510 [i.
1609 3452 1631 3494 e.
1644 3438 1725 3510 Novi]
1735 3455 1769 3496 ac

68 3528 157 3582 vitam
174 3526 290 3581 duxisse
301 3526 509 3597 comperimus.
521 3527 706 3586 Lectionibus
717 3530 893 3603 frequenter,
951 3523 1062 3579 Veteris
1075 3523 1466 3581 lnstrumantiinextricabili
1479 3542 1592 3595 norma,
1603 3526 1772 3596 perlubrica
1862 3506 1866 3523 ¹

71 3614 253 3673 orationihus
268 3615 412 3669 instanter
432 3615 630 3686 incumbebat,
651 3628 681 3674 ut
697 3619 848 3692 sicutipse
864 3623 894 3678 in
949 3612 1066 3668 dUfflOSi
1082 3613 1159 3668 rutil
1175 3614 1355 3682 diverticula,
1380 3615 1438 3671 imo
1458 3631 1508 3685 per
1526 3614 1659 3687 dl⁵⁰⁰lol
1674 3615 1770 3687 philo·

71 3705 197 3776 quadam
227 3702 351 3775 epistola
375 3702 457 3769 dixit,
483 3702 582 3776 legens
605 3705 697 3763 Deum
726 3707 894 3780 loquentem
949 3701 1108 3773 sophorum
1120 3702 1279 3767 anfractus,
1291 3704 1346 3757 iter
1360 3718 1487 3774 carpere.
1500 3703 1556 3758 Seu
1568 3708 1646 3760 certe
1660 3704 1771 3776 opertis

71 3794 196 3859 audiret,
210 3791 620 3864 oransDeumalloqueretur.
636 3795 894 3855 Tenuitatsultrc-
949 3791 1105 3847 vitreorum
1135 3790 1258 3847 f⁰¹¹lium
1294 3789 1425 3862 limpidll
1453 3791 1600 3862 llllssibub
1627 3793 1772 3865 palustres

73 3898 127 3938 nea
142 3880 311 3936 victualium
334 3896 456 3951 pascens
476 3882 617 3943 animum,
639 3900 784 3956 nusquam
801 3902 818 3941 a
834 3903 895 3942 mo.
951 3880 1065 3952 pontias
1075 3878 1296 3952 lutulentasque
1306 3879 1442 3952 lymphas
1457 3879 1605 3938 siticulose
1620 3886 1730 3954 potare,
1741 3881 1773 3938 in

73 3971 200 4027 austerio
215 3969 272 4025 nisi
293 3969 458 4026 necessario
482 3971 680 4042 progrediens,
704 3975 896 4046 pecuniarum
951 3970 1035 4042 queis
1049 3974 1113 4026 atra
1129 3969 1269 4026 bulonum
1283 3975 1381 4026 turma
1391 3973 1559 4028 catervatim
1574 3976 1677 4042 scatet,
1689 3979 1776 4046 atqua

74 4059 195 4116 minime
209 4058 321 4126 avidus,
338 4059 361 4114 si
378 4059 449 4131 quid
470 4060 596 4116 dabatur
610 4061 640 4117 in
657 4077 725 4118 usus
739 4079 895 4137 congruos,
951 4059 1108 4132 garrulitas
1116 4075 1253 4116 renatum
1265 4060 1526 4130 crepitanscoaxtt·
1537 4061 1692 4129 Quidnam,
1702 4061 1778 4135 rosl-

73 4149 213 4205 continuo
244 4164 453 4204 annumerans.
478 4147 543 4204 Jam
569 4164 635 4206 vero
660 4154 692 4206 ut
714 4152 773 4207 vim
798 4154 897 4211 rebelli
951 4154 1029 4218 tans,
1046 4165 1155 4222 queso,
1171 4148 1338 4205 orthodoxae
1353 4149 1615 4206 ddeisucramentc
1630 4149 1777 4207 commodi
1867 4190 1870 4195 -

75 4238 188 4310 corpori
198 4238 403 4309 confringeret,
421 4240 503 4304 lauti,
520 4240 571 4311 qui
585 4241 735 4311 proximus
752 4248 897 4300 monaste·
953 4239 1120 4295 altericirca
1131 4239 1776 4311 temeratumspurcaeProserpinaincestum,

75 4327 129 4394 rio,
145 4343 175 4382 se
189 4326 400 4384 humerotenus
415 4327 617 4400 immergebat.
628 4329 672 4386 lbi
683 4346 737 4387 neo
747 4331 897 4403 glacialem
953 4330 1031 4401 quod
1042 4328 1179 4384 abhorret
1189 4327 1548 4401 lari,enucleatelegendo
1558 4328 1777 4402 scrutandoque

75 4414 104 4469 iu
122 4414 215 4469 hieme
233 4415 368 4486 rigorem,
386 4431 437 4470 neo
456 4423 554 4473 estate
576 4418 697 4476 nebulas
712 4437 746 4476 ex
761 4421 832 4479 locis
847 4438 900 4493 pa·
954 4419 1125 4486 sudescere3
1148 4421 1199 4473 sut
1214 4416 1398 4473 Hermionam
1415 4418 1595 4490 petulantem
1612 4415 1733 4475 llenelai
1749 4421 1779 4474 et

76 4502 219 4558 lustribus
235 4502 379 4572 halantes,
393 4519 510 4574 curans,
527 4514 626 4563 noctes
641 4509 765 4565 durabat
781 4511 900 4568 inoffen·
955 4506 1068 4564 llclene
1084 4505 1225 4574 subolem,
1241 4521 1307 4576 quae
1323 4510 1355 4562 ut
1370 4507 1467 4577 prisca
1483 4506 1608 4577 produnt
1624 4506 1778 4580 opuscula,
1868 4564 1870 4569 ,

77 4607 138 4647 sus.
157 4592 234 4646 Finis
250 4591 390 4648 duntaxat
411 4593 569 4664 percantati
591 4595 726 4654 Psaltsril
740 4601 899 4658 terminum
955 4595 1191 4667 despondebatur
1199 4592 1776 4667 pridemjuredotisOresti,demumque,
1866 4618 1869 4623 ·

75 4681 247 4752 imponebat
266 4679 368 4735 labori.
389 4681 463 4739 Fons
482 4682 542 4751 ille,
560 4684 595 4740 de
615 4686 734 4742 nomine
749 4689 840 4744 sancti
854 4689 897 4745 di·
915 4682 936 4748 [l
952 4682 1551 4756 sententiamutats,lteoptolem0nupsit;
1564 4683 1779 4755 lectioniepre·
1867 4700 1870 4705 ·

77 4768 273 4838 ctus,invalle
284 4769 788 4840 coenohiilenibusscatehrislluens,
800 4779 901 4835 etvisu
955 4774 1039 4831 conio
1054 4773 1196 4838 venerari,
1216 4778 1266 4828 aut
1285 4772 1482 4844 Lupercorum
1503 4772 1710 4828 bacchantium
1726 4787 1779 4828 au·

78 4867 119 4915 est
134 4858 314 4916 delectabilis
334 4865 363 4916 st
378 4866 449 4933 potn
467 4863 576 4919 suavis.
594 4864 626 4920 ln
640 4863 699 4922 alia
718 4871 799 4938 parte
820 4867 902 4925 urbis
956 4862 1066 4920 tistites
1082 4862 1140 4917 ritu
1156 4848 1303 4916 litantium
1319 4861 1422 4933 Priapo
1443 4859 1648 4931 parasitorum,
1663 4858 1780 4917 heroico

79 4947 291 5006 lonsDanielis
316 4950 432 5021 dicitur,
457 4951 525 5022 quia
549 4953 578 5007 ia
601 4969 634 5009 eo
652 4954 750 5010 llaniel
771 4955 902 5014 caelestes
956 4952 1033 5023 stylo
1060 4949 1189 5008 historic
1218 4965 1391 5019 carraxare3
1420 4965 1484 5021 quas
1513 4947 1600 5006 allato
1629 4947 1781 5021 quondam
1851 4936 1859 4945 ⁸

80 5039 571 5113 noctibusducebstexcubiss3qul
585 5058 652 5098 cum
665 5042 903 5118 aldelmoponti-
957 5045 1063 5118 sceptri
1079 5044 1108 5099 in
1129 5044 1236 5100 vertice
1258 5042 1386 5099 chelidro
1408 5041 1533 5098 hebres
1554 5039 1705 5097 concionis
1724 5041 1781 5098 ob·

80 5126 180 5183 ficales
189 5130 300 5201 accepit
310 5129 587 5187 infulaslnterhrec
597 5132 765 5202 preclaram
774 5133 903 5191 bominis
957 5133 1070 5190 tutibus
1091 5136 1274 5205 presentato,
1299 5132 1354 5188 hoc
1376 5137 1429 5198 est,
1456 5130 1534 5187 alma
1557 5129 1660 5187 mortis
1685 5134 1781 5188 morte

80 5214 287 5273 conscientiam
310 5218 475 5275 describere
495 5235 568 5292 pene
582 5223 824 5279 verecundaretur
838 5240 902 5280 ora·
958 5222 1056 5294 stipite
1071 5219 1195 5294 patibuli
1209 5221 1305 5287 alltxa,
1329 5219 1478 5277 solotenus
1492 5219 1590 5275 diruta
1613 5219 1780 5276 evanuere?

80 5303 132 5372 tio,
149 5303 205 5360 nisi
231 5311 309 5362 esset
330 5307 359 5363 in
383 5308 456 5365 tacto
478 5308 611 5382 gloriose
633 5311 760 5368 victoria
780 5312 903 5370 occasio.
957 5316 1047 5369 Porro
1076 5317 1160 5368 tuum
1185 5309 1393 5381 discipulatum
1417 5324 1471 5366 ceu
1498 5324 1624 5366 cernuus
1651 5309 1781 5366 arcuatis
1868 5332 1870 5337 ·

81 5391 111 5447 si
135 5393 254 5462 quando
278 5395 354 5450 enim
379 5395 500 5454 stimulo
525 5400 656 5471 corporis
679 5405 902 5470 ammoveretur,
959 5399 1119 5473 poplitibus
1139 5398 1280 5472 lleaisqus
1301 5397 1520 5470 suffraginibus,
1541 5396 1685 5454 luculenta
1703 5398 1782 5454 lama

82 5496 139 5537 non
156 5480 250 5537 solum
274 5481 413 5541 illecebrae
429 5487 588 5559 denegabat
604 5489 815 5560 ellectum,sed
832 5491 904 5550 alias
958 5491 1284 5566 compulsus,posco‚ut
1296 5487 1781 5563 naquaquamprosttbalatapsus·
