3750 6000
65 250 115 309 sta

678 226 886 290 [NNthllh'Tll
913 228 939 283 ll
968 219 1075 283 raeti.
1661 234 1713 287 345

66 378 240 433 Decernimus
254 391 320 447 ergo
344 381 374 427 nt
396 370 461 426 nulli
482 368 594 424 omnino
619 363 757 418 hominum
783 361 862 414 liceat
876 360 903 422 Α
919 356 993 411 lectis
1016 354 1066 409 iilis
1086 355 1238 408 llannnnro
1261 351 1353 424 Regiae
1377 352 1458 408 Vallis
1478 351 1579 419 abbati,
1600 357 1713 428 ejusque

66 482 193 540 personas
206 472 316 528 vestras
341 461 384 517 vel
406 460 490 530 ipsam
512 454 652 510 ecclesiam
675 460 776 504 temere
801 464 864 518 per·

66 555 182 622 turbare,
203 562 248 609 aut
268 552 327 620 ejus
350 548 533 620 possessiones
556 543 672 606 auferre,
700 539 740 593 rel
763 538 866 592 ablatas

67 646 199 706 retinere;
222 642 354 706 minuere,
377 647 421 692 aut
435 634 570 704 aliquibus
594 628 782 685 vexationibus
802 624 866 679 lati·

68 749 142 805 gare,
158 748 210 786 nec
224 730 308 799 ipsius
330 726 450 783 eeclesiae
472 721 649 792 parochianos
673 717 762 772 illicite
786 714 868 768 susci-

67 837 129 894 pere
145 820 189 875 rel
203 819 329 884 retinere,
344 816 418 870 salva
433 809 578 866 dioecesani
594 807 713 878 episcopi
739 803 868 859 canonica

66 910 178 980 justitia.
205 908 233 962 Si
257 906 316 975 quis
339 904 421 976 igitur
440 910 532 956 contra
555 899 624 952 hauc
647 891 868 949 1111111111ιί-

71 999 181 1056 tutionis
196 995 324 1068 paginam
337 992 425 1046 sciens
449 997 551 1044 temere
568 986 659 1040 venire
683 980 832 1045 tentaverit,
847 978 870 1032 si

71 1086 190 1143 secundo
219 1083 332 1139 tertiove
359 1077 539 1135 commonitus
563 1083 665 1128 reatum
686 1087 762 1124 suum
788 1069 872 1139 digna

69 1174 253 1232 satisfactione
268 1188 322 1227 non
337 1167 531 1231 emendaverit,
549 1161 688 1236 potestatis
710 1158 872 1225 honorisque

71 1265 112 1318 sui
140 1263 273 1335 dignitate
301 1267 400 1324 careat,
435 1264 514 1324 atque
544 1252 569 1305 iu
598 1258 719 1304 extremo
747 1246 872 1301 examine

72 1353 199 1407 districtae
227 1350 320 1404 ultioni
349 1347 500 1416 subjaceat.
530 1341 638 1396 Crxnctis
666 1346 754 1392 111111
785 1334 873 1389 eidem

72 1442 135 1498 loco
157 1441 229 1510 justa
253 1436 421 1492 servantibus
443 1433 478 1487 sit
500 1447 551 1502 pax
577 1427 685 1482 Domini
710 1425 792 1480 nostri
812 1424 873 1477 lesu

73 1530 183 1595 Christi,
200 1534 330 1598 quatenus
344 1531 370 1578 et
385 1523 428 1578 hic
443 1522 556 1576 fructum
572 1518 652 1572 baum
676 1514 788 1569 actionis
815 1528 875 1581 per-

73 1619 187 1690 cipiant,
202 1625 229 1672 ct
243 1613 315 1686 apud
324 1613 471 1668 districtum
490 1608 609 1679 judicem
635 1604 748 1675 praemia
767 1610 875 1656 aeternae

74 1708 153 1781 pacis
168 1704 315 1760 inveniant.
328 1707 423 1757 nmen.

115 1797 175 1868 Ego
204 1791 376 1848 Innocentius
402 1788 545 1844 Catholicae
579 1782 707 1839 Ecclesia
735 1780 878 1850 episcopus

80 1882 238 1954 subscripsi.

114 1975 175 2046 Ege
189 1969 328 2027 Conradus
342 1966 498 2024 Sabinensis
513 1964 656 2035 episcopus
670 1957 824 2028 subscripsi.

116 2063 177 2134 Ege
200 2059 337 2116 Gerardus
357 2058 496 2129 presbyter
517 2053 594 2109 card.
621 2051 663 2105 tit.
692 2048 721 2103 S.
741 2045 833 2101 Crucis
852 2044 879 2098 in

79 2151 228 2208 Jerusalem
244 2146 399 2217 subscripsi.

121 2241 178 2311 Ege
191 2238 334 2293 anselmus
348 2233 487 2306 presbyter
511 2231 583 2286 card.
602 2229 641 2282 tit.
668 2227 696 2282 S.
710 2225 838 2297 Stephani
854 2224 881 2277 in

79 2331 181 2384 Lucina
197 2324 355 2396 subscripsi.

118 2419 176 2489 Ego
192 2416 321 2470 1111111111·
338 2412 477 2484 presbyter
497 2409 572 2465 card.
593 2408 636 2461 tit.
656 2406 687 2460 S.
708 2404 836 2475 Stephani
855 2401 881 2454 in

82 2508 168 2563 Caelio
183 2508 273 2560 hiante
287 2501 444 2571 subscripsi.

121 2597 180 2668 Ego
195 2593 303 2648 Boetius
318 2591 457 2663 presbyter
472 2585 615 2642 cardinalis
629 2585 668 2639 tit.
685 2584 717 2639 S.
737 2579 882 2636 Clementis

85 2691 246 2763 subscripsi.

122 2787 329 2863 ligollubaldus
342 2785 483 2855 presbyter
508 2781 582 2836 eard.
614 2780 652 2835 tit.
678 2778 709 2833 S.
739 2773 884 2830 anastasiae

86 2878 246 2949 subscripsi.

127 2968 185 3039 Ego
200 2966 291 3023 Geize
307 2962 451 3035 presbyter
473 2959 616 3015 cardinalis
642 2956 680 3010 tit.
712 2955 740 3008 S.
771 2952 886 3008 Caeciliae

85 3055 247 3126 subscripsi.

123 3145 184 3217 Ego
211 3144 330 3198 Thomas
363 3140 501 3213 presbyter
527 3134 670 3193 cardinalis
699 3133 737 3198 tit,
772 3130 887 3185 Vestinae

86 3232 245 3306 subscripsi.

125 3323 183 3396 Ege
202 3321 266 3378 Otto
290 3320 419 3375 diaconus
442 3315 515 3372 card.
537 3314 567 3369 S.
599 3312 710 3384 Georgii
734 3309 768 3364 ad
793 3307 886 3363 l'elum

93 3416 212 3467 Aureum
232 3406 391 3478 subscripsi.

124 3501 182 3573 ago
197 3498 288 3555 Guido
302 3496 432 3550 decenus
446 3490 590 3547 cardinalis
608 3495 759 3544 sanctorum
784 3486 888 3540 Cosmae

87 3606 117 3654 et
130 3595 256 3653 Damiani
270 3591 423 3661 subscripsi.

112 3686 171 3758 Ego
183 3683 320 3740 Vassallus
333 3681 462 3736 diaconus
476 3676 620 3733 cardinalis
634 3675 662 3732 S.
679 3672 813 3730 Eustachii
829 3671 889 3728 sub

88 3775 195 3847 scripsi.

128 3865 188 3937 Ego
211 3861 331 3918 Ubaldus
355 3859 428 3915 diac.
453 3857 525 3913 card.
547 3855 576 3911 S.
597 3854 728 3910 1111111111
757 3853 804 3907 Via
827 3854 890 3906 Lata

89 3951 236 4021 subscripsi
250 3951 338 4021 (119).

128 4042 187 4113 Ego
220 4038 360 4109 llybaldus
392 4036 522 4091 diaconus
550 4032 693 4088 cardinalis
716 4030 744 4085 S.
783 4027 891 4083 Adriani

90 4127 241 4199 subscripsi
254 4129 345 4196 (tao).

128 4228 189 4300 Ego
203 4224 294 4281 Guido
309 4224 341 4278 S.
366 4223 496 4278 llomaure
512 4219 639 4274 Ecclesia
653 4217 726 4270 diac.
750 4214 892 4269 canlinalis

90 4315 251 4388 subscripsi.

130 4407 229 4461 Datum
243 4402 365 4458 Laterani
380 4415 429 4471 per
443 4412 552 4452 manum
569 4393 704 4458 himerici,
718 4393 746 4449 S.
763 4392 892 4446 Reiuianae

96 4494 228 4552 Ecclesia
242 4491 315 4547 diac.
344 4487 490 4545 cardinalis
506 4493 532 4540 et
546 4483 677 4547 cancell„
696 4499 723 4536 m
738 4481 800 4536 ldus
823 4481 897 4568 atati,

93 4592 246 4650 indictione
268 4605 307 4657 rx,
332 4584 528 4643 lucamationis
550 4581 700 4638 Dominicae
723 4595 794 4634 anno
818 4580 897 4644 llll,

94 4680 271 4756 pontificatus
299 4675 478 4732 verodomni
507 4670 655 4728 innocentii
682 4667 790 4722 secundi
820 4683 855 4735 pa

96 4787 170 4828 anno
186 4785 237 4824 ιιι.

419 4852 574 4909 CDLXXV.

92 4948 266 5009 Honaatcra'i
283 4946 311 5010 S,
329 4946 423 5001 11111111
442 4939 638 5012 hepta-Vallia
663 4935 733 4991 boun
748 4937 897 4989 eiulatum

241 5034 306 5075 curn
324 5015 571 5085 libertatibusque
585 5007 749 5076 confirmat.

332 5103 513 5172 (1111111111,
531 5099 665 5165 1111111.)

222 5197 323 5268 [linea
335 5194 439 5250 Arraei.
457 5192 635 5251 Promonat,
651 5187 684 5251 ll,
702 5183 777 5251 111]

134 5290 327 5346 tmoenurrus
346 5282 498 5355 episcopus,
514 5295 607 5334 servus
623 5289 762 5332 serrorum
777 5271 836 5339 Dei,
854 5268 898 5325 di-

136 5467 213 5538 (tea)
238 5463 373 5523 Ubatdum
400 5460 487 5516 athalit
510 5460 652 5529 hazzagrn
673 5453 733 5507 nius
755 5450 899 5507 diaconum

97 5538 179 5597 nard.
198 5538 228 5595 S.
244 5535 364 5604 1111111111,
417 5534 531 5587 ’111111
552 5527 605 5584 dici
626 5527 660 5581 dc
681 5533 708 5581 et
728 5522 798 5577 diac.
818 5520 895 5579 card.

96 5611 130 5668 S.
152 5607 245 5665 Uaria
264 5607 294 5663 in
312 5605 362 5664 Via
423 5612 458 5674 11,
478 5609 509 5658 11
529 5601 557 5655 11
581 5596 750 5670 autographo
775 5597 896 5663 apparet.

919 445 1055 505 iratribus
1072 453 1125 497 turri
1142 442 1317 512 praesentibus
1333 457 1413 511 qrram
1430 442 1533 507 futuris,
1558 446 1717 516 regulariter

919 531 1118 598 substituendis,
1135 532 1161 584 in
1177 538 1345 599 perpetuum.

956 630 996 684 nd
1011 632 1068 684 lraec
1078 627 1180 682 uobisa
1192 627 1248 681 Deo
1257 625 1397 696 pastoralis
1411 627 1490 682 allicii
1499 647 1561 685 cura
1572 632 1716 688 commissa

921 727 1002 774 estut
1016 718 1236 788 beneplacentem
1257 717 1314 770 Deo
1335 716 1493 787 religionem
1518 719 1671 775 laboremus
1693 728 1720 776 et

922 808 1067 864 stabilitam
1083 815 1175 861 exacta
1200 805 1340 878 diligentia
1363 821 1540 874 conservare;
1564 817 1718 881 eapropter,

923 905 1011 959 dilecti
1027 905 1054 958 in
1073 905 1187 959 Doririno
1211 902 1268 968 lilii,
1290 903 1384 957 vestris
1401 904 1605 961 rationabilibus
1628 916 1721 978 postu·
1795 944 1798 951 ·

925 994 1070 1049 lotionibus
1087 1001 1194 1065 gratum
1210 992 1392 1063 impertientes
1407 1009 1553 1060 assensum,
1570 995 1657 1051 beatae
1672 996 1720 1051 bei
1819 1012 1822 1017 ’
1855 1028 1859 1035 -

925 1082 1060 1154 genitricis
1070 1097 1229 1151 surriperque
1241 1081 1353 1151 virginis
1368 1082 1458 1135 itariae
1480 1083 1723 1153 Regiae-Vallisee·
1781 1128 1784 1135 .

930 1172 1049 1235 elesiarii,
1067 1186 1126 1239 epra²
1142 1171 1166 1223 in
1178 1169 1293 1223 Tullensi
1304 1170 1457 1241 episcopatu
1468 1172 1520 1226 sita
1530 1180 1578 1237 est,
1592 1173 1641 1227 sub
1652 1173 1722 1229 beati

932 1260 1001 1314 l‘etri
1018 1268 1044 1314 et
1058 1267 1146 1313 nostra
1167 1259 1248 1312 tutela
1268 1259 1437 1329 suscipimus,
1460 1267 1486 1313 et
1507 1263 1645 1329 praesentis
1661 1262 1725 1316 scri·

928 1349 965 1419 pti
981 1349 1126 1419 privilegio
1141 1347 1347 1408 cornumnimus,
1360 1355 1504 1403 statuentes
1516 1357 1544 1402 ut
1554 1367 1725 1421 quascunque

927 1438 1118 1507 possessiones,
1130 1451 1298 1506 ryrrmeunque
1315 1436 1607 1493 bonaeademecclesia
1623 1439 1726 1510 inprac-

929 1527 1075 1581 sentiarum
1088 1524 1159 1594 juste
1174 1532 1198 1578 et
1213 1526 1342 1579 canonice
1361 1525 1487 1596 possidet,
1506 1534 1550 1581 aut
1566 1527 1591 1580 in
1610 1526 1727 1585 initurum

932 1615 1105 1671 concessione
1121 1611 1285 1685 pontificum,
1302 1613 1445 1685 largitione
1464 1631 1558 1687 regum
1573 1617 1616 1670 rel
1632 1619 1730 1688 prinei·

891 1717 919 1777 Β
933 1701 1289 1776 pum,oblationehtetimn,
1300 1702 1729 1777 1111111111111111111,1111111

933 1793 1009 1865 pilio,
1022 1792 1119 1863 poterit
1129 1790 1249 1861 adipisci,
1267 1789 1344 1844 firma
1355 1791 1431 1845 robis
1440 1794 1586 1863 vestrisque
1595 1810 1730 1849 successo·

933 1880 1730 1953 ribusctillibatapermaneant.inquibushrecpropriisdu·

933 1970 1022 2024 ximus
1032 1969 1208 2040 exprimenda
1224 1968 1376 2023 vocabulis:
1387 1968 1471 2037 ipsam
1481 1970 1605 2025 videlieet
1616 1972 1728 2043 Regiam

934 2059 1031 2114 vallem
1047 2075 1108 2112 cunr
1119 2057 1245 2111 omnibus
1262 2057 1317 2111 suis
1327 2057 1511 2126 appendiciis;
1528 2060 1620 2113 vineas
1633 2060 1666 2113 de
1682 2062 1729 2116 Lu

934 2143 1002 2204 ceio.
1026 2142 1119 2196 uineas
1143 2140 1175 2194 de
1195 2141 1317 2201 Parneio.
1340 2141 1433 2195 vineas
1455 2141 1622 2206 deSeroces,
1636 2145 1729 2200 vineas

934 2233 967 2285 de
983 2232 1049 2295 Fou,
1073 2239 1170 2284 terram
1193 2229 1228 2283 de
1251 2230 1357 2296 Fraciu;
1378 2231 1475 2283 sallem
1496 2231 1530 2285 de
1551 2232 1729 2300 Bernaieurin,
1819 2276 1830 2285 .

935 2337 962 2382 et
976 2328 1127 2398 portionem
1143 2334 1258 2380 vestram
1277 2324 1310 2381 de
1329 2327 1463 2395 alliacenti
1483 2327 1555 2392 xilla,
1572 2329 1729 2385 Gauvillarc

935 2433 995 2472 cum
1007 2416 1083 2471 altari
1095 2423 1120 2470 et
1135 2415 1190 2468 suis
1203 2415 1381 2485 appendiciis,
1398 2416 1532 2469 usuarium
1547 2433 1607 2470 cum
1628 2419 1730 2475 molino

935 2506 962 2560 in
979 2505 1068 2576 fageto
1093 2503 1313 2560 Corriruarciensi.
1338 2503 1408 2557 Sane
1429 2502 1551 2558 laborum
1571 2515 1730 2578 vestrorum,

936 2609 1003 2663 quos
1019 2593 1133 2664 propriis
1148 2592 1274 2645 manibus
1288 2600 1333 2645 aut
1346 2591 1497 2660 sumptibus
1511 2593 1605 2660 colitis,
1626 2596 1683 2651 sire
1698 2596 1731 2652 dc

935 2682 1106 2737 nutrimentis
1134 2689 1282 2736 vestrorum
1310 2680 1476 2748 anirnaliuna,
1506 2683 1594 2736 nullus
1621 2685 1732 2740 omnino

937 2771 1049 2826 clericus
1064 2771 1105 2825 rel
1122 2771 1205 2824 laicus
1218 2769 1338 2825 decimas
1362 2785 1377 2823 a
1402 2769 1479 2824 robis
1498 2771 1606 2841 exigere
1626 2787 1730 2843 praesu·

938 2870 1006 2915 mat.
1025 2859 1202 2914 Decernimus
1216 2874 1281 2929 ergo
1297 2866 1323 2912 ut
1339 2858 1402 2912 nulli
1419 2859 1557 2913 hominum
1574 2860 1652 2914 liceat
1665 2877 1733 2931 prae·

937 2949 1020 3004 iatam
1037 2948 1177 3003 ecclesiam
1198 2955 1298 3002 temere
1313 2946 1478 3017 perturbare,
1495 2957 1538 3002 aut
1554 2948 1612 3018 ejus
1629 2965 1735 3019 posses·

940 3038 1029 3092 siones
1053 3036 1158 3091 auferre
1185 3036 1227 3090 vel
1245 3035 1348 3090 ablatas
1373 3035 1498 3102 retinere,
1526 3037 1656 3103 minuere,
1689 3045 1736 3091 aut

941 3125 1075 3195 aliquibus
1090 3124 1276 3179 vexationibus
1300 3122 1423 3196 latigare,
1448 3122 1496 3178 sed
1519 3124 1610 3179 omnia
1631 3126 1736 3198 integra

940 3222 1131 3269 conserventur
1152 3229 1254 3276 eorum,
1280 3227 1328 3283 pro
1351 3227 1464 3280 quorum
1488 3212 1682 3284 gubernatione
1711 3223 1738 3269 et

941 3303 1133 3357 sustentatione
1147 3316 1273 3357 concessa
1287 3307 1357 3366 sunt,
1374 3299 1465 3353 usibus
1473 3300 1634 3355 ornnimodis
1644 3301 1738 3372 prolu-

943 3398 1014 3446 tura.
1034 3391 1061 3447 Si
1081 3406 1133 3460 qua
1153 3391 1234 3459 igitur
1251 3389 1277 3443 in
1295 3388 1412 3443 futurum
1428 3389 1607 3444 ecclesiastica
1621 3391 1738 3446 saecula·

942 3481 1012 3535 risve
1031 3495 1154 3551 persona,
1180 3480 1247 3532 hanc
1268 3485 1367 3532 nostrae
1389 3478 1585 3533 constitutionis
1608 3479 1737 3551 pagiuam

943 3572 1039 3637 sciens,
1055 3577 1147 3624 contra
1161 3584 1220 3621 eam
1237 3576 1337 3621 1111111
1351 3566 1444 3621 venire
1458 3567 1606 3633 tentaverit,
1620 3568 1738 3625 secundo

944 3661 1055 3715 tertiove
1084 3656 1258 3721 eorrrruonita,
1287 3657 1308 3709 si
1338 3671 1391 3711 non
1419 3656 1601 3711 satisfactione
1615 3673 1737 3728 congrua

946 3747 1138 3810 eniendarerit,
1171 3745 1309 3815 potcstatis
1338 3743 1500 3812 lectionisque
1531 3746 1571 3798 sui
1607 3746 1739 3818 dignitate

945 3844 1043 3902 careat,
1058 3851 1185 3904 ruantque
1201 3850 1229 3887 se
1257 3833 1348 3886 divino
1375 3831 1478 3900 judicio
1498 3834 1613 3889 existere
1627 3835 1660 3889 de.
1676 3853 1740 3907 per·

944 3933 1048 3997 petrata
1063 3923 1203 3992 iniquitate
1221 3928 1374 3992 cognoscat,
1398 3928 1425 3974 ct
1447 3922 1658 3979 asacratissimo
1679 3940 1742 3979 cor-

946 4031 1011 4088 pore
1025 4030 1056 4069 ac
1069 4012 1200 4082 sanguine
1216 4011 1262 4065 Dei
1278 4017 1305 4063 et
1319 4009 1428 4064 Durnini
1452 4008 1639 4079 Redemptoris
1659 4014 1740 4068 nostri

945 4106 1006 4160 lesu
1021 4102 1116 4159 Christi
1132 4101 1219 4156 aliena
1242 4097 1297 4164 liat,
1323 4106 1403 4168 atque
1430 4097 1456 4152 in
1477 4107 1597 4154 extremo
1617 4101 1743 4157 examine

946 4193 1072 4247 districta
1100 4190 1194 4245 ultioni
1220 4188 1373 4257 subjaccat.
1402 4187 1509 4242 Cunctis
1537 4196 1625 4242 auteur
1655 4188 1743 4245 eidem

948 4283 1007 4337 loco
1025 4282 1098 4351 justa
1121 4280 1288 4334 servantibus
1311 4277 1346 4331 sit
1366 4293 1419 4348 pax
1443 4276 1552 4331 Domini
1577 4277 1659 4332 nostri
1682 4278 1744 4333 lesu

948 4371 1055 4434 Christi,
1073 4378 1206 4440 quatenus
1220 4376 1246 4423 et
1266 4369 1307 4423 hic
1322 4367 1437 4422 fructum
1452 4366 1532 4421 bonae
1547 4366 1659 4422 actionis
1679 4383 1743 4437 per-

953 4461 1061 4532 cipiant,
1077 4468 1104 4515 et
1118 4459 1190 4529 apud
1204 4458 1350 4513 districtum
1368 4456 1487 4526 judicem
1507 4456 1618 4527 premia
1639 4465 1745 4513 acernae

952 4550 1026 4621 pacis
1039 4548 1185 4603 inveniunt.
1202 4550 1299 4611 Amen,
1315 4561 1404 4611 umen,
1415 4561 1505 4601 amen

857 4682 899 4738 poe
989 4639 1047 4710 Ego
1066 4637 1237 4693 Innocentius
1251 4635 1397 4691 Calliolicre
1411 4634 1537 4689 Ecclesiae
1559 4635 1709 4706 episcopus

988 4729 1046 4799 Ego
1060 4726 1198 4782 Conradus
1214 4723 1370 4779 Sabinensis
1384 4723 1539 4793 episcopus.

989 4817 1046 4888 Ego
1075 4815 1210 4870 Gerurdus
1238 4813 1376 4884 presbyter
1399 4810 1543 4866 canliaalis
1572 4811 1611 4864 tit.
1641 4809 1746 4866 Sanctae

953 4905 1043 4960 Crucis
1057 4905 1083 4959 in
1097 4904 1257 4959 Jerusalem.

989 4995 1046 5066 Ego
1061 4995 1188 5049 Martinus
1199 4992 1337 5062 presbyter
1351 4988 1423 5044 card.
1441 4989 1480 5042 tit.
1495 4988 1585 5043 Sancti
1605 4987 1747 5058 Stephani.

989 5083 1048 5152 Ego
1064 5083 1147 5138 Goizo
1164 5082 1253 5154 presb.
1270 5079 1343 5135 card.
1360 5077 1400 5130 tit.
1418 5078 1445 5132 S.
1463 5076 1586 5131 Caecihae.

922 5235 929 5249 ⁸
991 5172 1234 5246 EguOttodiaeon.
1247 5164 1508 5237 cardSCeorgiiad
1519 5165 1611 5220 l'elum
1619 5169 1748 5222 hereum.

989 5267 1046 5339 Ego
1063 5262 1196 5320 Gerardus
1211 5259 1283 5314 diac.
1303 5255 1376 5313 eard.
1393 5255 1422 5311 S.
1444 5254 1535 5310 llariae
1549 5255 1577 5308 in
1590 5256 1743 5316 numinica.

989 5445 1064 5509 (1111)
1079 5437 1207 5511 llybadus
1226 5437 1296 5491 diac.
1308 5433 1382 5491 card.
1395 5434 1427 5489 S.
1437 5432 1546 5487 hdriani
1557 5430 1750 5503 pretermissas

953 5515 1001 5571 1111
1018 5531 1033 5569 1
1050 5508 1264 5582 llozzagrugnio.
