3750 6000
93 203 145 261 829

691 209 868 268 EPISTOLAE
887 211 932 269 ET
951 210 1142 271 Pntvtnota.

1689 205 1742 268 8³0

94 337 205 387 menter
219 331 379 400 annuimus,
394 343 474 408 atque
490 337 722 408 praedecessorum
736 345 893 393 nostrorum
906 337 932 398 Α
949 337 1005 392 nlla
1021 335 1209 393 conventibus.
1219 336 1331 393 Neculli
1346 337 1475 411 episcopo
1490 339 1604 396 facultas
1619 339 1661 404 sit,
1675 355 1742 410 prae·

93 419 222 493 vestigiis
239 422 413 489 inlraerentes,
430 427 576 496 prasertim
589 427 782 483 monasterinm
797 427 824 482 in
839 442 893 498 quo

93 507 187 565 divino
207 510 358 582 mancipati
377 515 444 569 estis
473 515 615 586 obsequio,
636 516 796 587 apostolieae
819 517 894 570 sedis

92 597 240 672 privilegio
259 603 472 668 communimus
502 613 651 660 statuentes
670 615 700 660 ut
715 621 893 677 quascunque

92 688 296 760 possessiones,
314 709 487 765 quecunque
513 694 586 748 boue
603 695 674 750 idern
690 694 766 750 locus
782 695 807 748 iu
824 711 895 766 prae·

93 785 248 843 sentiarum
261 790 333 860 juste
348 799 375 846 et
391 791 511 865 legitime
526 793 658 864 possidet,
674 801 720 847 aut
736 793 762 848 in
779 793 893 848 tutorum

93 877 275 934 concessione
288 878 456 949 pontificum,
473 881 617 954 largitione
633 882 796 952 principum,
813 882 894 939 obla-

95 963 172 1021 tione
189 965 320 1034 fidelium,
342 985 391 1025 seu
406 969 468 1025 eliis
480 969 677 1040 justismodis,
693 972 752 1027 Deo
764 972 893 1043 propitio,

92 1053 195 1126 poterit
206 1056 332 1128 adipisci,
343 1058 427 1114 vobis
437 1060 589 1130 uestrisque
599 1061 807 1117 successoribus
817 1059 894 1116 firma

94 1157 121 1207 et
141 1151 244 1209 illibata
265 1164 452 1226 permaneant,
483 1164 537 1213 tam
564 1157 591 1213 in
615 1158 741 1215 ecclesiis
765 1175 847 1233 qnam
866 1159 893 1214 in

96 1239 175 1297 cellis
190 1241 322 1312 curtibus,
347 1243 481 1317 plebibus,
503 1247 690 1313 monasteriis,
705 1247 799 1304 tundis
813 1256 894 1320 etque

94 1328 247 1398 casalibus,
264 1331 290 1388 in
311 1333 410 1406 quibus
425 1335 519 1409 utique
534 1337 592 1393 hoec
607 1337 726 1410 propriis
740 1339 895 1394 nominibus

94 1419 224 1478 duximus
235 1422 431 1494 exprimenda:
443 1424 551 1496 plebem
568 1426 673 1483 seilicet
687 1427 716 1483 S.
733 1427 892 1498 Constantii,

96 1518 127 1575 S.
141 1516 242 1586 sunni,
260 1519 288 1576 S.
305 1521 413 1576 ldartini
430 1530 456 1578 et
471 1522 499 1578 S.
513 1521 642 1591 loannis;
659 1524 767 1595 plebem
777 1526 807 1582 S.
822 1526 893 1582 llar-

96 1606 169 1679 tyrii,
181 1607 325 1665 eeclesiam
343 1610 371 1666 S.
389 1612 529 1668 Benedicti
547 1612 575 1667 in
598 1613 740 1685 Agellione
759 1631 821 1671 eum
836 1617 893 1672 suis

949 435 989 482 ter
1004 427 1117 483 llomnni
1127 425 1260 498 pontilicis
1272 427 1565 495 conniventium,idom
1576 429 1740 496 ctrnobium,

948 525 993 572 out
1004 517 1062 584 eius
1073 516 1157 571 cellas
1168 532 1294 589 gravare,
1307 517 1480 585 interdicere,
1492 519 1741 585 excommunicare,

948 623 998 661 seu
1024 606 1181 662 exactiones
1205 623 1290 661 novas
1313 606 1465 679 imponere.
1489 609 1546 664 Nee
1572 607 1741 663 saecularium

948 719 1094 774 procerum
1109 704 1234 774 culquam
1246 704 1325 759 liceat
1338 703 1445 761 iodrum
1462 705 1504 760 vel
1519 703 1592 759 aliud
1604 703 1742 758 servitium

948 793 982 848 ab
1002 793 1098 848 eodem
1115 793 1289 860 monasterio,
1317 798 1363 848 aut
1386 794 1447 864 eius
1467 793 1635 864 pertinentiis
1649 800 1742 848 extor-

949 898 1048 954 quere:
1065 883 1141 938 salvo
1154 882 1282 937 nimirum
1301 883 1363 954 iure
1383 898 1414 938 ac
1431 882 1552 938 dominio
1570 889 1670 938 sanotae
1683 881 1742 938 llo-

947 987 1036 1029 manae
1050 971 1191 1028 scelesta.
1214 971 1390 1028 Deceruimus
1419 979 1530 1044 ergoet
1549 970 1617 1026 arilli
1632 970 1742 1027 omnino

948 1060 1090 1115 hominum
1112 1060 1192 1117 liceat
1207 1059 1331 1117 eamdem
1346 1059 1501 1117 Ecclesiam
1518 1067 1620 1116 temere
1635 1067 1742 1132 pertur-

948 1159 1028 1228 bare,
1039 1166 1084 1216 aut
1097 1161 1154 1231 eius
1167 1160 1358 1232 possessiones
1372 1159 1489 1226 auterre,
1506 1158 1550 1216 vel
1561 1157 1667 1215 ablatas
1680 1157 1743 1214 reti-

948 1265 1023 1319 nero,
1039 1249 1173 1316 minuere,
1189 1264 1238 1305 seu
1253 1247 1352 1318 iniuste
1367 1249 1456 1316 datas,
1472 1248 1529 1303 suis
1544 1247 1639 1303 usibus
1654 1246 1742 1304 vindi·

947 1353 1012 1395 care
1020 1337 1063 1395 rel
1075 1337 1231 1394 temerariis
1241 1337 1433 1395 vexationibus
1446 1337 1561 1410 fatigare
1574 1355 1579 1389 z
1590 1336 1640 1392 sed
1649 1335 1742 1392 omnio

947 1426 1054 1499 integra
1069 1435 1268 1484 conserventur
1283 1443 1386 1496 eorum,
1402 1442 1453 1500 pro
1469 1441 1584 1500 quorum
1599 1424 1742 1499 guberne·

947 1516 1021 1573 tione
1037 1525 1063 1573 et
1077 1516 1271 1574 sustentatione
1282 1532 1414 1574 concessa
1424 1524 1496 1585 sunt,
1507 1515 1601 1571 usibus
1613 1512 1743 1572 omnimo·

946 1605 989 1662 dis
1003 1605 1153 1679 protutura.
1169 1607 1199 1663 Si
1214 1622 1268 1680 que
1282 1606 1369 1681 igitur
1381 1606 1408 1663 in
1423 1605 1545 1662 futurum
1556 1603 1742 1662 ecelesiastica

94 1695 278 1768 pertinentiis,
295 1698 440 1755 ecetesiam
453 1701 481 1757 s,
492 1701 590 1757 tustini
601 1717 663 1759 cum
675 1711 750 1760 curve
766 1721 823 1771 sus,
843 1722 892 1762 ρο.
907 1696 934 1758 Β
947 1696 1123 1753 secularisve
1138 1712 1266 1770 persona,
1282 1698 1353 1752 hane
1368 1703 1467 1752 nostra
1476 1693 1674 1752 constitutionis
1689 1708 1743 1766 ps-

96 1783 209 1841 clesiam
224 1785 253 1842 S.
270 1787 390 1845 Andreae
401 1797 427 1845 et
442 1790 469 1845 S.
489 1790 587 1863 Angeli
597 1791 632 1846 de
642 1791 747 1849 tilliano
761 1808 822 1850 curn
837 1797 893 1850 suis

95 1875 290 1946 pertinentiis;
307 1878 452 1934 ecelesiam
468 1879 496 1935 S.
513 1880 605 1936 lteris
623 1879 649 1934 in
666 1881 803 1950 cicciano,
817 1891 843 1939 et
856 1883 888 1940 S.

97 1962 256 2034 Clementis,
268 1973 372 2021 curtem
385 1967 419 2023 de
435 1968 540 2035 Casaie,
552 1977 656 2027 curtem
672 1971 707 2026 de
722 1971 893 2044 Petroniano;

97 2051 232 2125 quidquid
245 2053 323 2111 robis
338 2057 454 2127 pertinet
469 2057 503 2114 de
518 2065 596 2115 curte
610 2067 636 2115 et
651 2060 769 2116 ecclesia
784 2060 814 2118 S.
835 2062 893 2118 Do-

96 2140 155 2196 nati
181 2141 210 2197 in
238 2143 363 2213 civitella,
393 2136 500 2203 necnon
526 2155 627 2203 terram
652 2149 757 2222 Ugonis
785 2151 895 2223 nepotis

96 2229 231 2288 bernonis
244 2232 278 2289 de
293 2235 383 2291 Monte
401 2235 499 2308 Nigro.
520 2238 682 2310 spostolicae
701 2255 808 2312 quoque
822 2239 895 2297 sedis

98 2328 146 2384 tibi
171 2330 324 2386 munimine
352 2332 557 2405 confirmamus,
582 2334 713 2391 ecclesias
740 2342 895 2392 sanctorum

98 2417 272 2490 Apolinariis,
284 2419 370 2476 Blasii
385 2430 411 2478 et
425 2423 547 2478 Montani
563 2440 624 2480 cum
639 2423 696 2480 suis
710 2426 893 2496 pertinentiis,

97 2507 175 2563 salvo
189 2524 279 2565 annuo
298 2526 382 2566 censu
398 2512 581 2583 Pharphensis
589 2513 730 2571 Ecclesiae.
744 2513 798 2584 Qui
814 2515 894 2571 etiam

947 1786 1039 1861 ginam
1054 1786 1155 1854 sciens,
1166 1793 1262 1844 eontra
1281 1802 1341 1842 earn
1360 1793 1460 1842 temere
1476 1785 1570 1840 venire
1585 1782 1740 1855 tentsrerit,

948 1876 1068 1933 secundo
1087 1877 1202 1933 tertiove
1225 1875 1403 1942 commonita,
1431 1874 1455 1931 ai
1481 1889 1539 1930 non
1558 1871 1741 1929 satisfactione

948 1981 1070 2040 congrus
1086 1965 1280 2032 emendaverit,
1305 1964 1445 2036 potestatis
1464 1963 1631 2035 honorisque
1644 1961 1686 2018 sui
1699 1961 1741 2018 di·

948 2055 1049 2128 gnitate
1063 2062 1166 2123 careat,
1191 2069 1323 2126 reamque
1341 2068 1370 2109 se
1394 2052 1487 2108 diuino
1503 2051 1605 2122 iudicio
1620 2051 1743 2108 existere

948 2143 983 2200 da
997 2151 1153 2216 perpetrata
1168 2142 1308 2216 iniquitate
1318 2147 1475 2214 eognoscat,
1487 2147 1514 2197 et
1528 2155 1545 2196 a
1559 2139 1742 2198 sacratissimo

948 2256 1065 2312 corpore
1080 2257 1113 2298 eo
1127 2241 1259 2314 sanguine
1274 2241 1323 2297 Dei
1332 2247 1358 2296 et
1371 2237 1480 2296 Domini
1494 2236 1685 2310 Redemptoris
1698 2253 1744 2295 no·

949 2331 997 2386 stri
1010 2330 1074 2387 lesu
1090 2330 1190 2388 Christi
1205 2330 1295 2386 aliena
1317 2328 1373 2398 nat,
1397 2337 1477 2402 atque
1492 2332 1520 2383 tu
1535 2334 1660 2383 extremo
1675 2340 1743 2382 ese·

947 2421 1020 2478 minu
1034 2420 1162 2478 districtae
1176 2419 1272 2477 ultioni
1285 2419 1437 2488 subiaceat.
1465 2415 1575 2474 Cunctis
1595 2423 1686 2472 autem
1700 2414 1743 2471 ei-

948 2513 1011 2569 dem
1035 2511 1096 2568 loco
1109 2510 1183 2580 juste
1210 2509 1381 2565 servantibus
1401 2509 1436 2563 sit
1457 2522 1512 2579 pax
1531 2503 1641 2562 Domini
1655 2503 1742 2560 nostri

97 2596 295 2655 confirmamus
310 2614 416 2656 massas
428 2608 490 2666 tres,
508 2601 536 2656 in
552 2602 679 2659 comitatu
696 2604 832 2660 Perusino
847 2621 895 2677 po
946 2602 1014 2657 teau
1029 2598 1143 2666 Christi,
1155 2607 1289 2673 quatenus
1304 2604 1331 2654 ct
1344 2596 1388 2652 bie
1402 2595 1519 2652 tructam
1534 2594 1612 2652 bonae
1626 2591 1742 2650 aetionis

97 2696 173 2766 sitas,
191 2713 272 2754 unam
287 2716 347 2770 quae
371 2709 482 2756 vocatur
509 2701 621 2768 Pusulo,
644 2701 758 2757 alteram
774 2702 894 2758 Filoneio
924 2770 927 2777 Ι
947 2697 1108 2769 percipiant,
1121 2705 1147 2753 et
1161 2697 1233 2768 apud
1244 2697 1396 2753 districtum
1411 2693 1534 2750 iudicem
1543 2691 1654 2766 praemia
1663 2699 1742 2748 aeter-

97 2794 125 2842 et
138 2786 221 2842 sliam
250 2804 311 2860 qus
339 2789 490 2845 nominatur
518 2789 653 2859 Casulina,
675 2806 735 2846 eum
756 2790 892 2859 ecclesiis,
948 2804 990 2843 nae
1009 2788 1084 2859 pacis
1099 2786 1249 2842 inveniant.
1265 2788 1361 2851 Amen,
1377 2800 1466 2849 amen,
1478 2798 1567 2838 emen.

97 2875 180 2942 cesis,
197 2877 295 2944 vineis,
312 2879 424 2949 campis,
441 2877 537 2945 hortis,
550 2880 697 2948 montibus,
714 2879 792 2936 cultis
808 2887 833 2935 et
848 2880 893 2935 in·
983 2875 1045 2949 Ego
1060 2875 1157 2933 lucius
1173 2875 1319 2932 Catholicae
1333 2873 1456 2930 eeclesia
1470 2872 1625 2944 episeopus,
1642 2885 1684 2925 ss.

98 2965 178 3021 cultis
195 2974 221 3022 et
235 2968 362 3022 omnibus
391 2967 564 3038 pertinentiis
593 2967 667 3034 suis;
696 2967 893 3026 monasterium
984 2966 1042 3037 Ego
1058 2963 1208 3040 Gregorius
1225 2963 1371 3020 cardinalis
1386 2961 1532 3034 presbyter
1548 2960 1576 3016 S.
1589 2957 1741 3028 calixtiss.

98 3053 127 3110 S.
143 3055 241 3129 Angeli
255 3055 283 3111 in
300 3057 428 3111 comitatu
443 3057 608 3127 Assisinato,
621 3057 648 3111 in
658 3056 718 3114 loeo
733 3056 780 3129 qui
797 3056 934 3120 dieiturC
983 3058 1044 3129 Ego
1056 3056 1141 3112 Goizo
1155 3054 1296 3126 presbyter
1309 3051 1455 3107 cardinalis
1470 3049 1510 3105 tit.
1526 3049 1554 3104 S.
1567 3047 1682 3105 Caecilia
1696 3064 1737 3103 ss.

97 3143 245 3212 limisano,
261 3158 322 3200 cum
338 3144 414 3200 cellis
428 3145 548 3218 capellis,
564 3151 591 3201 et
606 3147 731 3202 omnibus
746 3147 798 3202 sibi
814 3147 895 3218 perti-
984 3147 1082 3201 Datum
1098 3145 1224 3200 Laterani
1239 3158 1289 3212 per
1304 3156 1413 3195 marium
1435 3138 1547 3195 saronis
1569 3137 1702 3209 capellani
1716 3143 1743 3193 et

98 3232 237 3289 uentibus:
250 3233 397 3289 eeclesiam
414 3234 442 3288 S.
459 3235 620 3307 drehangeli
631 3236 794 3304 sitamjuxte
806 3235 894 3292 lacum
948 3235 1100 3305 scriptoris,
1118 3233 1210 3308 idibus
1226 3230 1325 3294 Martii,
1340 3228 1488 3285 indictione
1503 3244 1548 3292 vri,
1571 3226 1741 3282 incarnatio-

99 3322 265 3390 Perusinum,
291 3324 484 3378 monasterium
510 3324 537 3378 S.
564 3325 714 3380 Salvatoris
729 3324 755 3379 in
773 3326 892 3391 Pothele,
947 3325 990 3379 nis
1006 3323 1155 3380 Dominicae
1170 3336 1242 3376 anno
1257 3321 1335 3385 llll,
1356 3316 1529 3391 pontificatus
1554 3331 1622 3373 vero
1648 3315 1742 3373 domni

97 3411 291 3467 monasterium
302 3411 329 3467 S.
348 3413 420 3467 Petri
444 3412 471 3467 in
488 3412 599 3483 l‘loiuno
615 3430 677 3470 oum
692 3413 827 3470 universis
842 3431 892 3470 eo·
947 3413 1026 3470 Lucri
1041 3429 1118 3486 papae
1131 3427 1202 3467 anno
1216 3428 1235 3467 ι.

98 3517 155 3556 rum
168 3501 338 3573 pertinentiis
350 3517 356 3571 ;
368 3502 512 3558 eeclesiam
524 3503 609 3559 sancti
630 3503 762 3575 Sylvestri
778 3504 804 3559 in
820 3505 893 3561 llor-

98 3599 167 3656 cclle
179 3599 320 3656 melesiam
332 3600 363 3657 S.
380 3600 478 3656 Donati
490 3620 496 3655 :
508 3601 552 3669 jus
566 3602 638 3673 quod
650 3601 757 3658 habetis
768 3601 795 3657 in
808 3603 892 3677 ngat-

97 3687 134 3755 lo,
151 3688 293 3745 ecclesiam
311 3689 339 3746 S.
357 3690 447 3746 llariae
462 3690 488 3744 in
506 3690 588 3747 Pedio
603 3706 664 3745 eum
680 3691 735 3746 suis
750 3693 891 3763 pertinen-

97 3777 156 3842 tiis;
172 3777 314 3834 ecclesiam
331 3778 359 3834 S.
383 3779 457 3835 Pauli
472 3778 500 3833 in
515 3778 679 3845 illontieello,
695 3780 841 3836 eeclesiam
856 3781 886 3837 S.

96 3866 171 3924 Petri
188 3867 223 3923 de
239 3868 409 3938 Petroniana,
428 3884 489 3924 eum
508 3877 584 3924 curte
600 3884 659 3923 sua.
676 3869 747 3924 Sane
762 3869 891 3939 chrisma,

96 3964 187 4021 oleum
202 3973 335 4032 sanctum,
351 3967 572 4021 consecrationes
585 3965 714 4021 altarium
729 3982 778 4022 seu
793 3967 891 4023 basili-

96 4069 199 4120 oamm,
215 4054 401 4109 ordinationes
415 4056 621 4123 monachorum,
638 4056 684 4129 qui
697 4056 731 4110 ad
742 4071 838 4113 sacros
852 4073 890 4113 or·

96 4142 174 4198 dines
194 4142 296 4198 tuerint
319 4144 506 4214 promovendi,
532 4152 558 4199 et
577 4144 737 4201 clericorum
761 4145 794 4200 ad
819 4145 892 4202 idem

1323 3501 1367 3557 lv,

947 3604 1131 3675 Prtutleptcm
1143 3616 1196 3673 pro
1211 3600 1390 3671 parthenone
1405 3600 1432 3657 S.
1452 3596 1603 3655 Trinitatis
1617 3595 1741 3654 Peracti-

1301 3688 1385 3742 tensi.

1165 3789 1254 3861 (Anno
1269 3787 1348 3842 titt.
1363 3785 1444 3840 Mart.
1465 3783 1522 3851 ts.)

945 3885 1098 3962 idbaelardi
1110 3886 1190 3960 0pp.,
1199 3884 1243 3942 ed.
1259 3883 1369 3947 cousin,
1382 3899 1408 3955 p.
1417 3882 1479 3937 tto.
1495 3880 1583 3945 Paris,
1594 3881 1673 3948 teto,
1686 3877 1742 3953 l⁰.]

982 3977 1084 4033 Luctus
1104 3976 1261 4047 episcopus,
1282 3988 1377 4028 servus
1396 3985 1535 4027 servorum
1552 3969 1614 4036 Dei,
1635 3968 1742 4026 dilectis

947 4066 973 4122 in
992 4065 1102 4122 Christo
1120 4062 1228 4120 filiabus
1245 4061 1377 4118 Heloissae
1405 4059 1555 4132 priorissm,
1581 4058 1742 4131 eaeterisque

947 4155 1087 4213 sororibus
1102 4155 1129 4209 in
1139 4151 1259 4211 oratorio
1270 4152 1377 4208 Sancte
1391 4147 1538 4212 Trinitatis,
1546 4146 1637 4202 divino
1654 4146 1740 4203 tamu-

95 4240 290 4296 monesterium
318 4241 518 4310 pertinentium,
538 4243 723 4299 adimoesano
752 4243 891 4316 accipietis
945 4247 1010 4302 latui
1037 4241 1199 4315 mancipatis
1223 4248 1277 4296 tam
1297 4237 1479 4312 praesentibus
1498 4252 1578 4310 quam
1597 4235 1694 4291 tuturis
1713 4234 1741 4291 in

95 4330 237 4402 episeopo,
253 4330 389 4402 siquidem
404 4330 553 4386 catholicus
568 4331 658 4398 tuerit,
679 4340 705 4387 et
720 4332 742 4387 si
757 4347 790 4388 ee
805 4335 892 4405 gratis
946 4343 1116 4409 perpetuum.

94 4419 201 4477 aesino
216 4419 351 4491 pravitate
367 4419 485 4475 voluerit
512 4421 659 4476 exhibere.
675 4421 795 4494 alioquin
811 4409 930 4480 liceatll
980 4433 1090 4503 Quoties
1117 4429 1185 4487 iilud
1204 4445 1219 4484 a
1237 4428 1319 4485 nobis
1350 4426 1449 4499 petitur
1476 4424 1548 4498 quod
1574 4423 1672 4481 rationi
1691 4439 1742 4481 00.

95 4510 174 4567 vobis
188 4509 351 4565 catholicum
365 4525 447 4581 quem
469 4509 615 4565 malueritis
638 4510 713 4566 adire
730 4511 888 4580 antistitem,
942 4523 1083 4597 gnossitur
1096 4519 1256 4583 convenire,
1281 4518 1372 4572 animo
1388 4531 1439 4571 nos
1454 4515 1534 4572 decet
1553 4513 1650 4570 libenti
1670 4528 1739 4570 con·

94 4600 140 4672 qui
155 4606 249 4654 nostia
265 4597 531 4665 [ultusuuotoritalq
557 4615 617 4669 qllae
640 4600 783 4671 posiuldiis
797 4602 890 4657 indul·
944 4611 1052 4678 cedere,
1077 4617 1104 4666 ei
1126 4608 1274 4680 petentium
1289 4605 1435 4662 desideriis
1463 4619 1615 4677 congruum
1634 4604 1739 4674 imper.

93 4707 171 4772 gest.
190 4696 314 4754 Obennte
335 4712 399 4752 rero
415 4706 450 4762 te,
477 4712 549 4753 nunc
564 4697 688 4764 ejusdem
704 4698 756 4756 loci
780 4700 889 4767 abbate,
945 4699 990 4755 tiri
1017 4698 1192 4774 sutregiam.
1220 4696 1339 4753 Proinde
1358 4695 1465 4751 dileotae
1483 4694 1511 4750 in
1529 4692 1647 4750 Domino
1666 4691 1739 4760 tiliae,

92 4787 137 4844 *0¹
152 4794 261 4842 1110111111
276 4786 892 4860 (111011111111111510111111»11111111111111111181
946 4798 1042 4855 vestris
1057 4797 1136 4868 iustis
1150 4795 1377 4869 postulationibus
1402 4809 1545 4850 assensum
1574 4793 1739 4866 prebentes,

93 4875 277 4949 subreptionis
292 4876 388 4930 astutia
412 4873 454 4930 vel
481 4874 608 4930 violentia
633 4885 821 4947 praeponatur,
839 4878 891 4933 nisi
946 4887 1137 4943 monasterium
1152 4886 1259 4942 spuma,
1272 4883 1420 4951 Trinitatis,
1436 4882 1465 4939 in
1481 4897 1535 4955 quo
1549 4880 1643 4938 divino
1657 4896 1741 4939 vm.

92 4981 175 5039 11111111
192 4964 289 5020 11111111
313 4963 449 5019 1011111111
474 4978 620 5030 1011111131,
637 4965 679 5020 tel
700 4963 812 5020 1111111111
828 4981 891 5038 Pars
947 4977 981 5032 tis
999 4975 1111 5033 servitio
1130 4974 1182 5029 snb
1201 4972 1448 5045 apostolicaesedis
1465 4969 1740 5043 protectionesusci·

94 5053 202 5111 eonsilii
216 5053 343 5120 sanioris,
360 5053 510 5109 secundum
534 5053 583 5108 Dei
602 5053 736 5120 timorem,
750 5062 776 5110 et
791 5055 821 5109 tt.
838 5057 891 5111 lie·
945 5065 1046 5137 pimus,
1070 5073 1096 5120 et
1122 5062 1268 5136 praesentis
1295 5060 1389 5134 scripti
1408 5063 1506 5134 pagina
1526 5060 1737 5126 communimus,

94 5143 196 5200 nedioti
212 5142 346 5213 Regulam
362 5141 503 5213 elegerint,
520 5143 671 5199 allornano
688 5141 813 5212 pontifice
828 5160 892 5200 con·
945 5158 1138 5210 spernentesne
1158 5166 1333 5223 quascunque
1353 5149 1552 5221 possessiones,
1572 5165 1742 5222 quaeeunqua

93 5239 265 5298 secrandum.
283 5239 381 5294 Missas
395 5247 485 5294 autem
500 5239 621 5310 publices
636 5240 662 5295 in
678 5241 774 5296 eodem
790 5257 889 5297 mona·
945 5242 1016 5298 bona
1030 5242 1058 5298 in
1081 5240 1288 5313 praesentiarum
1302 5238 1377 5309 iuste
1396 5246 1424 5295 et
1442 5237 1562 5311 legitime
1582 5239 1739 5313 possidetis,

94 5329 183 5386 sterio
197 5344 247 5400 per
261 5329 419 5399 episcopum
440 5327 509 5393 lteri,
526 5328 568 5384 vel
592 5330 734 5401 stationes,
751 5339 797 5385 aut
811 5331 890 5387 ordi·
944 5340 990 5387 aut
1007 5332 1035 5387 in
1049 5329 1169 5387 futurum
1189 5327 1369 5385 concessione
1388 5326 1554 5400 pontificum,
1575 5328 1741 5386 liberalitate

93 5417 220 5474 oenones
229 5416 334 5490 aliquas
344 5417 489 5483 celebrari,
509 5426 608 5488 prater
619 5418 723 5474 abbatis
735 5434 766 5475 ac
777 5419 890 5475 iratmm
945 5436 1041 5493 regum
1062 5419 1104 5475 vel
1132 5417 1296 5492 principum,
1315 5416 1454 5474 oblatione
1473 5416 1594 5474 tidelium
1612 5433 1661 5475 seu
1680 5417 1741 5474 eliis

93 5507 269 5573 voluntatem,
288 5506 445 5564 omnimodo
467 5507 656 5579 probibemus,
684 5524 718 5564 ne
739 5509 766 5564 iu
791 5524 889 5567 serro—
941 5509 1024 5580 justis
1039 5508 1138 5575 modis,
1158 5515 1307 5580 prestante
1325 5506 1451 5574 Domino,
1470 5506 1594 5579 poteritis
1611 5506 1739 5578 adipisci,

94 5613 154 5654 enar
170 5594 221 5654 Dei
235 5596 404 5665 accesibus,
420 5597 536 5653 occasio·
544 5597 723 5670 popularibus
737 5598 890 5670 prebeatur
943 5597 1022 5656 tirme
1049 5597 1132 5657 vobis
1159 5597 1186 5654 in
1209 5603 1370 5672 perpetuum
1386 5603 1412 5652 et
1425 5594 1529 5653 illibata
1547 5602 1738 5668 permaneant.
