3750 6000
33 220 37 233 ¹
123 227 199 293 1531
575 232 771 296 wichental
792 233 1164 300 Mauuesuutuultsts
1187 235 1364 299 lfONAtllll
1745 232 1825 293 teor

124 376 180 433 que
196 363 356 434 profectum
371 366 591 436 consequuntur
602 380 609 420 ι
621 364 753 436 adorant,
763 364 881 422 veniam
897 381 944 424 ru·
963 368 1134 440 Aqusndiu
1151 367 1224 425 inibi
1238 367 1324 424 sedes
1335 363 1509 440 episcopalis
1522 362 1652 421 durabit.
1669 361 1826 420 Maariliua

124 455 205 523 gent,
235 451 332 508 ablata
358 453 525 509 restituant.
555 454 702 527 filpbegas
730 455 805 512 flecti
843 454 947 525 facilis,
1002 473 1069 515 eum
1094 457 1332 530 archiepiscopus
1355 453 1599 526 Rothomagensis
1618 452 1698 512 viam
1721 451 1827 509 mortis

125 542 243 614 signum
259 543 354 599 crucis
366 542 424 613 igni
435 559 450 599 e
461 543 577 616 regione
587 546 739 616 opposuit:
752 545 948 618 continuoque
1002 546 1149 604 meditans
1164 547 1193 602 in
1209 546 1277 602 fidei
1294 545 1400 618 pignus
1411 543 1677 611 rummendaverat,
1689 541 1768 614 qaod
1779 556 1826 599 es·

123 631 153 687 in
170 646 201 687 ao
216 635 323 688 retorto
338 629 480 704 elanguit,
496 633 666 690 incendium
682 649 769 691 omne
784 635 820 692 ad
835 634 949 692 cineres
1002 645 1046 694 aet
1060 637 1089 693 in
1105 652 1139 694 eo
1154 652 1222 710 spes
1236 634 1343 692 indolis
1367 633 1533 703 laudanda,
1548 633 1573 688 si
1589 631 1712 688 haberet
1734 633 1826 688 mate·

125 719 246 776 refrixit.
264 719 363 777 flamm
387 736 454 778 oum
481 725 566 792 esset,
591 738 745 781 excessum
769 725 948 782 successoris
1002 724 1088 794 riam,
1112 741 1171 798 qua
1192 726 1283 782 virtus
1308 731 1407 797 posset
1434 724 1604 780 enitescere.
1628 719 1824 793 Sponsionem

122 808 181 879 eui,
197 810 323 879 nemine,
339 814 371 866 ut
387 811 460 867 alias
475 811 587 868 dictum
602 817 656 879 est,
672 813 810 870 afferente
832 814 907 869 vidit
920 816 949 871 et
1001 811 1150 884 pontificis
1174 812 1354 872 walkelmus
1380 809 1516 885 produxit
1530 810 1567 865 ad
1584 824 1702 876 verum,
1718 808 1825 865 faciens

124 898 296 955 enuntiavit.
314 900 433 956 Indead
450 901 548 957 eedem
564 917 713 974 regressae
737 903 823 960 annis
838 911 948 975 septem
1002 907 1111 976 quante
1126 919 1183 959 non
1200 906 1321 976 possent
1336 900 1447 974 sperari
1461 900 1491 955 in
1503 897 1654 971 religione,
1665 901 1825 954 etnumero

125 988 354 1059 patriarchatum
370 988 493 1046 feliciter
507 991 585 1063 egit:
600 992 706 1063 quibua
725 993 845 1066 elapsis,
862 998 949 1050 alie·
1001 992 1220 1057 monachorum,
1232 991 1262 1048 in
1278 992 1408 1048 aedificiis
1423 990 1588 1047 domorum.
1600 988 1635 1044 ut
1650 987 1748 1058 primo
1762 987 1825 1058 qui·

123 1078 170 1135 nis
191 1078 222 1134 in
244 1078 360 1136 vincula
387 1081 540 1152 conjectus
562 1098 602 1138 vu
627 1083 780 1140 mensibus
807 1082 948 1157 ergastuli
1001 1083 1067 1139 dem
1090 1083 1201 1138 advena
1224 1096 1318 1137 novus
1343 1078 1500 1136 monachos
1523 1092 1631 1134 exosus
1647 1076 1763 1144 fuerat3
1779 1076 1825 1132 sed

123 1167 301 1224 inhabitator
321 1168 384 1225 fuit.
408 1167 516 1227 Causas
538 1171 724 1228 vinculorum
747 1171 819 1229 alias
839 1187 947 1246 quare.
1002 1169 1086 1228 facile
1102 1177 1247 1226 correctus
1262 1167 1460 1225 umbraticam
1477 1165 1550 1222 illud
1565 1164 1670 1222 odium
1684 1178 1765 1233 saepe
1778 1163 1824 1218 de·

14 1276 17 1281 ·
124 1259 238 1314 Interea
260 1258 346 1314 tabes
372 1259 492 1316 laetifera
512 1264 645 1333 grassata
660 1260 688 1316 in
705 1262 800 1319 Dauos
823 1265 949 1318 caterva-
1001 1261 1144 1335 ploravit3
1160 1261 1299 1332 deinceps
1315 1259 1415 1316 fovens
1429 1273 1480 1315 eos
1499 1260 1532 1313 ut
1555 1254 1644 1324 filios,
1659 1254 1786 1326 diligens
1799 1258 1825 1309 ιι

124 1345 177 1402 tim
193 1345 293 1404 hostes
304 1347 424 1420 ltlphegi
436 1349 585 1418 fundebat,
597 1349 669 1406 adeo
680 1354 713 1407 ut
723 1350 855 1409 celeritas
871 1367 949 1409 mor·
1003 1351 1117 1421 fratres,
1131 1350 1275 1407 honorans
1287 1352 1318 1404 ut
1332 1347 1469 1403 dominos
1481 1363 1488 1414 ;
1502 1345 1574 1401 nihil
1587 1342 1687 1400 minue
1703 1357 1757 1414 pro
1772 1341 1826 1397 dis-

123 1435 164 1492 tis
179 1436 345 1506 preveniret
362 1453 478 1493 sensum
494 1437 613 1493 doloris.
630 1440 720 1495 Potor
741 1440 839 1512 itaquo
862 1442 948 1498 eada·
1004 1439 1199 1500 similitudine
1221 1438 1310 1496 vestie
1336 1436 1477 1494 exhibens
1500 1434 1543 1491 eia
1562 1432 1606 1491 val
1620 1432 1765 1504 adjutorii
1786 1429 1826 1487 vel

123 1540 226 1582 varam
250 1525 464 1598 insepultorum
486 1542 581 1584 aerem
602 1528 712 1598 infecit,
728 1531 948 1604 corruptiorque
1002 1527 1221 1586 familiaritatis.
1234 1526 1354 1584 Nullam
1370 1525 1510 1583 conviciis
1524 1525 1682 1591 incessere,
1698 1536 1827 1594 proauu-

125 1613 189 1670 ooeli
204 1617 326 1684 tractus,
342 1614 465 1683 caeteris,
482 1617 532 1687 qui
546 1616 611 1672 sani
635 1617 820 1687 videbantur,
837 1625 948 1694 pestem
1003 1608 1830 1691 tiensquodepiaoopalisgravitasanamindignamacula

19 1772 22 1777 .
125 1700 243 1757 creavit.
256 1700 391 1758 fluebant
402 1718 470 1776 ergo
481 1704 545 1761 eine
557 1704 654 1775 modo,
665 1707 729 1764 sine
739 1722 949 1775 numero‚cum
964 1699 988 1763 B
1003 1711 1151 1781 respergat
1178 1707 1314 1780 gloriam,
1338 1706 1363 1762 si
1387 1706 1417 1762 io
1440 1701 1645 1778 pauperiorum
1673 1698 1831 1757 descendat

123 1787 173 1846 ille
196 1794 332 1847 exaratae
356 1808 431 1863 pane
455 1810 473 1849 a
495 1810 527 1851 se
550 1795 701 1852 benedicto
726 1799 952 1856 communicatis
1006 1796 1333 1855 contumeliamssnum
1349 1798 1395 1853 est
1410 1789 1676 1868 permaximum,in
1691 1804 1753 1863 qao
1769 1804 1829 1861 pec·

127 1884 237 1953 pestem
260 1880 382 1951 depulit,
406 1881 532 1940 salutem
557 1885 693 1942 restituit.
710 1886 767 1943 Nec
791 1887 886 1945 minus
910 1887 951 1943 illi
1005 1888 1091 1958 eavit,
1107 1887 1184 1959 quod
1198 1885 1235 1942 ed
1256 1892 1400 1942 trecentas
1423 1882 1543 1941 libratas
1563 1886 1656 1938 terrae
1680 1875 1831 1936 monachia

127 1968 336 2027 beneficiorum
346 1970 723 2044 ingraticuratoremeuum
733 1976 953 2048 lapidibuaoon-
1007 1976 1155 2043 auferens,
1171 1975 1234 2032 euis
1255 1977 1285 2033 et
1307 1988 1511 2032 successorum
1539 1970 1642 2028 asilaus
1670 1967 1830 2041 implicuit.

126 2059 322 2117 trucidarunt.
338 2060 479 2117 Nonnulli
503 2079 580 2134 raro,
600 2066 707 2137 quibua
730 2067 832 2125 sanius
855 2067 952 2125 conei-
1007 2065 1168 2124 constitnit
1182 2065 1245 2137 ipse
1259 2066 1386 2138 priorem
1397 2062 1453 2120 loci
1464 2060 1655 2121 Godefridam
1671 2057 1831 2132 quemdam

128 2149 211 2216 lium,
224 2149 259 2204 de
270 2149 445 2223 sepeliendis
455 2153 565 2210 exuviis
576 2155 722 2226 pontilicis
733 2157 953 2225 contendentes,
1008 2170 1044 2213 ex
1057 2156 1209 2213 cameraco
1223 2154 1367 2227 genitum,
1383 2152 1434 2226 qui
1456 2151 1594 2223 religione
1615 2153 1647 2207 ιι
1669 2147 1833 2204 litteratura

128 2238 301 2312 aliquandiu
317 2256 501 2314 percussores
516 2244 694 2303 adversarios
708 2245 886 2304 habuerunt.
900 2249 954 2306 sed
1009 2244 1133 2317 insignis
1155 2243 1220 2300 fuit.
1235 2243 1443 2301 Litteraturam
1469 2241 1670 2314 protestantur
1693 2233 1831 2309 epistola,

129 2327 182 2387 lite
195 2328 226 2385 ia
238 2328 383 2400 iudicium
400 2332 537 2401 deducta,
553 2335 700 2404 convenit,
715 2339 749 2392 ut
767 2336 880 2410 liguum
896 2336 956 2394 ari·
1010 2333 1148 2391 familiari
1160 2331 1211 2389 illo
1225 2336 1254 2390 et
1268 2331 1347 2389 dulci
1372 2330 1448 2405 stylo
1464 2329 1558 2398 edita,
1574 2327 1762 2399 maximeque
1775 2323 1833 2397 epi·

129 2418 212 2486 dum,
228 2420 307 2492 quod
330 2438 394 2478 sors
417 2422 574 2494 obtulerat,
590 2424 615 2481 si
630 2427 774 2500 sanguina
789 2429 853 2501 ejas
869 2429 955 2486 litam
1010 2428 1183 2497 grammata,
1199 2435 1261 2492 quae
1284 2420 1409 2494 satyrico
1435 2419 1522 2477 modo
1545 2415 1680 2486 absolvit,
1696 2418 1835 2488 praeterea

131 2509 259 2567 ⁰¹⁸⁸⁸¹i¹¹⁰
284 2511 482 2580 fevimssflfeis
498 2514 638 2571 arbitrata
653 2533 708 2574 suo
728 2517 885 2575 Christiani
908 2535 957 2576 oe·
1011 2527 1115 2569 versae
1129 2510 1166 2568 de
1178 2510 1289 2584 angliae
1313 2509 1473 2583 primatum
1496 2505 1634 2565 laudibus
1647 2529 1656 2573 ;
1671 2503 1745 2577 quid
1762 2501 1834 2575 quod

130 2598 219 2656 daven
242 2598 411 2658 humarent.
432 2601 612 2676 factamque
637 2609 746 2677 estrat
770 2605 885 2679 lignum
910 2607 957 2665 cai
1012 2600 1239 2658 omnedivinum
1252 2597 1628 2671 officiumquodvetuatete
1641 2593 1773 2667 quadam
1789 2589 1834 2647 ob·

135 2691 207 2744 tuno
222 2688 310 2745 etiam
325 2692 354 2746 et
368 2693 465 2747 cortex
480 2692 586 2759 deerat,
603 2710 686 2750 mane
710 2694 862 2752 inventum
883 2696 958 2753 revi-
1012 2690 1148 2760 saletam,
1164 2689 1263 2747 nativa
1285 2688 1433 2746 excultum
1448 2689 1603 2745 venustate
1620 2683 1691 2740 fecit
1705 2680 1836 2754 splende·

133 2777 244 2848 ruisse,
256 2777 420 2851 pubescens
434 2779 565 2850 floribus,
578 2786 749 2855 turgescens
763 2784 871 2842 fracta.
883 2787 960 2853 Quo·
1012 2781 1117 2837 scere?
1129 2779 1287 2851 Religionis
1304 2785 1332 2835 et
1347 2775 1552 2849 hospitalitatis
1567 2788 1703 2831 normam
1720 2769 1835 2844 pulchre

32 2936 38 2945 ἱ
136 2866 215 2925 eirca
229 2869 571 2939 corpusapudSanctum
581 2873 707 2929 Paulum
718 2874 874 2932 Loudonim
888 2879 960 2933 tunc
1012 2867 1178 2926 inchoatum
1200 2866 1356 2924 delineavit
1381 2867 1411 2922 in
1431 2863 1602 2932 m0ss⁸0h082
1618 2862 1672 2935 qui
1695 2859 1786 2918 h⁰di⁰
1808 2858 1835 2914 ¹¹¹

135 2955 255 3028 pacifice
269 2957 386 3013 humari
402 2959 577 3030 permissum
591 2977 598 3017 ι
614 2961 739 3035 indeque
754 2964 866 3023 decimo
881 2981 959 3022 anno
1014 2958 1146 3029 utrisque
1169 2956 1316 3014 (iodefridi
1340 2956 1381 3011 ita
1405 2955 1529 3012 formam
1552 2956 1713 3015 sectantur,
1732 2952 1767 3005 ut
1788 2948 1836 3004 aut

132 3043 256 3115 jubente
283 3050 312 3101 et
335 3049 448 3104 astante
470 3064 537 3122 rege
560 3051 691 3109 (lantone
711 3053 869 3123 sublatum,
892 3053 956 3113 eine
974 3008 996 3077 c
1011 3047 1084 3106 nihil
1098 3051 1151 3104 aut
1166 3062 1268 3120 parum
1285 3046 1328 3102 cie
1338 3045 1414 3102 desit
1424 3046 1458 3101 ad
1470 3042 1563 3100 laudis
1578 3039 1743 3101 cumulum.
1753 3036 1836 3095 Dani·

6 3132 13 3151 ¹
135 3133 196 3190 ulla
211 3134 258 3190 sai
269 3132 334 3191 labe
349 3137 564 3208 patriarchatus
579 3140 679 3197 sedem
698 3141 850 3214 glorificat.
866 3143 957 3200 Durat
1011 3153 1069 3210 que
1082 3142 1127 3194 est
1140 3135 1170 3191 iu
1186 3151 1220 3192 ea
1235 3134 1321 3192 domo
1336 3134 1494 3205 hospitium
1511 3136 1588 3189 terra
1603 3131 1740 3202 marique
1759 3126 1835 3184 veni·

136 3222 233 3280 adhuc
248 3228 277 3280 et
292 3227 459 3295 nuperrime
474 3227 538 3284 visa
552 3228 608 3285 fait
622 3233 653 3287 et
667 3231 819 3303 sanguinis
835 3232 958 3300 novitas,
1011 3226 1136 3296 entium,
1151 3229 1294 3297 quantum
1311 3223 1437 3288 libuerit,
1449 3220 1642 3278 diversorium
1655 3223 1780 3290 sumpta
1794 3215 1835 3270 in·

136 3318 164 3367 at
179 3313 308 3383 corporis
334 3313 496 3387 integritas.
514 3315 572 3374 Neo
586 3333 658 3375 sane
681 3318 789 3392 aliquis
812 3319 903 3377 evasit
925 3336 961 3377 ex
1013 3316 1175 3384 deficiente,
1191 3313 1334 3370 charitate
1354 3311 1555 3384 indefatigata.
1573 3311 1653 3365 later
1666 3306 1732 3364 haec
1748 3307 1836 3364 inerat

136 3399 328 3469 occisoribus,
339 3403 411 3473 quin
423 3419 520 3475 panae
532 3404 624 3463 lueret
636 3425 643 3476 ;
655 3424 728 3479 quas
738 3407 876 3465 veraciter
889 3424 961 3466 ena·
1013 3410 1114 3463 sancto
1128 3403 1187 3461 viro
1203 3419 1319 3461 moram
1336 3400 1499 3469 humilitas,
1511 3403 1545 3455 at
1554 3396 1628 3455 nibil
1638 3412 1673 3453 ex
1687 3394 1741 3453 illo
1756 3395 1836 3453 unico

137 3503 250 3544 merare
273 3504 401 3561 possem,
426 3493 482 3549 nisi
503 3509 551 3551 me
574 3495 757 3554 calamitates
786 3498 960 3556 miserorum
1014 3493 1206 3570 philosophie
1235 3490 1436 3564 promptuario
1461 3487 1601 3547 redoleret
1629 3485 1688 3542 nisi
1718 3482 1836 3545 humile,

137 3592 256 3634 narrare
265 3578 386 3650 pigeret.
398 3580 476 3639 Satis
487 3583 652 3642 inculcatur
663 3586 961 3660 miseriaperseouto-
1015 3585 1183 3658 procederet
1199 3582 1256 3640 nisi
1272 3581 1367 3639 dulce.
1384 3579 1530 3648 Quantula
1553 3593 1621 3634 vero
1637 3579 1736 3650 potest
1749 3573 1835 3632 videri

136 3666 188 3737 ris,
206 3668 322 3739 quando
336 3670 446 3729 eminet
459 3671 552 3744 gloria
566 3675 712 3749 martyris.
1015 3674 1077 3733 hac
1088 3675 1153 3745 cias
1167 3672 1299 3730 laudatio
1309 3671 1323 3728 ‘l
1333 3670 1445 3735 Quotus
1456 3683 1523 3725 vero
1534 3667 1658 3740 quisque
1672 3669 1719 3723 eet
1734 3664 1785 3738 qui
1799 3660 1838 3718 vel

173 3755 241 3812 Post
263 3757 426 3831 liiphegum
447 3759 477 3817 ia
497 3762 648 3820 Wiutonia
672 3765 747 3823 eedIt
762 3765 961 3837 hithalvoldue,
1016 3763 1173 3820 minimum
1189 3763 1320 3818 imbutus
1334 3759 1450 3824 litteris,
1462 3774 1520 3815 non
1535 3756 1609 3814 alios
1624 3753 1704 3811 infra
1718 3752 1836 3826 dignita·

138 3845 318 3904 hthelwoldo
343 3848 448 3906 hliaius
461 3850 513 3924 [ol.
534 3852 691 3928 ligelsias],
712 3855 789 3913 dlslo
810 3855 961 3926 lidwlnus,
1015 3857 1077 3910 tem
1092 3851 1331 3924 auamopiaetar,
1343 3848 1456 3906 tumido
1471 3845 1787 3921 gestu,etpompatico
1800 3841 1838 3896 ia·

137 3932 252 3990 E¹W¹⁰⁰
266 3934 427 4009 stiflandae
441 3943 595 4000 successit.
1017 3958 1101 4000 cessa
1117 3958 1175 4014 pru
1191 3957 1224 3998 ae
1238 3941 1334 3997 ferens
1358 3937 1568 3998 conscientiam
1584 3930 1836 3992 litterarumfve·

175 4021 325 4095 Stigando,
342 4029 374 4082 ut
388 4043 464 4099 sepe
478 4029 588 4089 dictam
604 4037 660 4103 est,
675 4034 807 4106 deposito
822 4034 965 4094 successit
1016 4035 1180 4090 rumtamea
1191 4046 1227 4088 na
1245 4029 1317 4102 qaid
1329 4025 1516 4102 perfectionis
1535 4028 1638 4081 sanotae
1653 4023 1771 4081 deesset
1780 4019 1836 4078 ani·

139 4109 511 4174 WallralmusaWillielmo
522 4120 965 4198 ragadatua,cujusbonaopera
1018 4139 1080 4192 mee,
1097 4121 1200 4179 multis
1210 4121 1260 4179 ille
1271 4120 1358 4178 aunis
1368 4118 1544 4193 grabbatum
1555 4116 1636 4186 fovit,
1647 4115 1765 4173 camino
1780 4113 1838 4170 dia·

139 4199 249 4256 famam
272 4201 419 4262 vincentia
433 4206 549 4265 senium
564 4225 582 4266 a
598 4225 629 4268 aa
642 4211 796 4271 uetustatis
810 4211 961 4287 repellent,
1017 4216 1112 4271 tarum
1127 4210 1204 4270 tabis
1219 4213 1338 4284 peccata
1352 4212 1500 4266 excoctus.

835 4542 881 4600 uu
900 4539 1142 4603 dunestanus

174 4657 227 4715 hat
241 4657 329 4717 etiam
345 4663 376 4719 ia
390 4664 490 4721 eadem
511 4665 627 4723 civitate
648 4668 870 4738 monasterium,
887 4668 962 4738 qaod
978 4665 1083 4737 [tillus
1099 4664 1239 4738 temporis
1249 4664 1396 4720 mercatus
1411 4658 1595 4734 supradictae
1609 4671 1670 4727 rex,
1681 4657 1719 4714 ad
1735 4671 1838 4713 auom·

139 4749 288 4819 quondam
311 4766 360 4807 rex
381 4753 515 4810 Elfredas
539 4760 635 4813 mente
658 4763 881 4829 conceperat,et
903 4757 960 4815 fld-
1016 4771 1161 4828 quemque
1185 4753 1289 4827 pedem
1314 4766 1449 4808 mancam
1475 4748 1539 4807 auri
1568 4746 1686 4822 publico
1716 4746 1839 4819 pondere

139 4837 263 4895 wardus
280 4838 358 4896 lilius
373 4840 574 4913 aedificaverat,
590 4849 619 4902 et
634 4846 665 4903 in
679 4862 713 4904 eo
734 4846 892 4905 canonicae
908 4861 959 4917 po·
1015 4843 1183 4919 pensitavit.
1198 4844 1234 4900 ut
1248 4846 1331 4900 erant
1354 4841 1449 4898 amhae
1472 4837 1598 4896 eeclesiae
1613 4836 1656 4894 sic
1671 4834 1775 4892 meina
1790 4848 1837 4907 pa·

138 4930 247 4995 suerat,
263 4927 442 5000 tirimbaldo,
459 4935 608 5003 quondam
633 4935 805 4993 flandrensi
820 4935 961 4993 suadente
1016 4934 1138 4992 rictibus
1152 4932 1310 5005 contiguis,
1321 4939 1351 4987 ut
1365 4946 1450 4987 voces
1465 4927 1633 4986 canentium
1648 4924 1713 4982 aliu
1729 4924 1838 4982 obstre-

137 5017 324 5089 [obqaodam
335 5019 961 5097 monaohoutanarensietsaceraote,eto.],
1015 5028 1118 5098 pereat
1143 5022 1218 5080 aliie.
1235 5021 1318 5079 Unde
1341 5023 1404 5079 tum
1419 5027 1537 5093 propter
1558 5017 1625 5087 hoo,
1639 5018 1705 5072 tam
1727 5020 1838 5088 propter

138 5107 189 5177 qui
201 5107 308 5164 ibidem
321 5111 810 5183 magnegloriahumatus,sanctas
822 5114 961 5189 praedica·
1015 5119 1119 5172 caetera
1140 5113 1241 5170 infelix
1269 5111 1342 5169 livor
1369 5109 1511 5183 plurimas
1539 5105 1695 5166 effodiebat
1725 5118 1838 5172 musae,

139 5196 188 5248 tur
202 5199 231 5248 ot
244 5197 379 5253 creditur.
397 5198 453 5256 Sed
478 5200 566 5259 beate
590 5203 737 5261 memoria
761 5203 962 5263 lithelwoldue
1016 5205 1123 5278 quibua
1139 5220 1196 5261 non
1214 5202 1341 5260 modicae
1357 5200 1481 5257 invicem
1501 5197 1689 5270 exculperent
1704 5195 1838 5252 offensas.

141 5283 290 5339 canonicis
306 5289 434 5357 expulsis
450 5292 609 5350 monachas
626 5295 906 5368 posuit,praficiens
920 5295 962 5353 eis
1015 5296 1195 5366 Quapropter
1221 5306 1315 5362 nuper
1337 5289 1408 5346 illud
1435 5287 1600 5346 coeuobium
1629 5287 1713 5343 extra
1738 5283 1837 5340 urbem

140 5368 274 5425 abbatem
290 5372 434 5445 Edgaram
460 5381 590 5454 nomine,
606 5383 714 5456 dequo
735 5386 868 5458 superius
891 5384 961 5443 dixi.
1017 5381 1192 5440 translatum
1220 5380 1322 5437 sanius
1351 5377 1499 5445 incolitur,
1523 5375 1645 5433 liberius
1668 5372 1838 5445 insignitur.

139 5458 179 5515 dd
190 5457 278 5530 hujus
289 5465 456 5522 monasterii
466 5469 802 5531 officinaeinstituendas
812 5475 962 5531 sufficiens
1016 5477 1158 5530 Praeterea
1173 5469 1337 5526 construxit
1360 5467 1547 5540 supradictus
1561 5482 1611 5522 rex
1625 5463 1775 5522 lacedem
1790 5477 1838 5518 ur-

138 5554 221 5606 terra
245 5549 372 5621 spatium
388 5554 425 5611 ab
444 5558 581 5633 episcopa
607 5562 757 5623 lienevvlfo
772 5570 801 5623 et
814 5563 962 5623 canonicis
1017 5561 1054 5619 be
1078 5557 1332 5621 seacdmoualiam
1360 5555 1602 5625 cenobium.sed
1626 5550 1839 5628 posterioribus
