3772 6006
117 240 171 295 265

771 233 975 299 lNNOCENTll
996 238 1019 290 ll
1040 236 1141 290 lttt‘ti

1717 243 1768 297 265

115 379 181 420 vero
206 363 298 420 Sancti
327 362 431 419 Nicolai
462 361 648 417 credonensis
673 368 800 415 statutum
825 370 866 416 est
886 361 959 424 utA
1008 363 1066 434 Ego
1082 363 1172 418 Guido
1186 363 1334 420 cardinalis
1348 366 1478 422 diaconus
1494 366 1521 422 S.
1538 366 1659 421 Adriani.

114 453 322 524 prebendarum
338 457 367 509 el
381 452 573 507 canonicorum
584 466 712 504 numerus
723 451 757 504 ad
774 451 912 505 senarium

114 542 272 597 reducatur.
289 542 327 595 Tu
345 557 410 595 vero
425 548 451 594 et
471 555 649 594 successores
674 540 711 592 tui
742 539 825 593 libere
844 539 913 593 diras

114 631 249 685 discretas
264 630 298 684 de
313 646 360 684 sex
378 629 534 699 praeberdis
549 627 655 681 tluchus
671 628 792 681 honestis
806 628 872 680 viris
888 637 914 682 et

114 735 209 774 eorum
227 720 434 774 successoribus
450 718 476 770 iu
493 725 652 786 perpetuum
669 717 780 770 dabitis.
796 717 848 784 Qui
865 717 908 770 ni·

113 815 208 868 mirum
226 823 286 884 post
301 818 459 881 susceptum
475 827 491 865 a
506 819 531 865 te
548 809 912 882 beneticiumepiscopohu·

112 912 272 983 degarense
302 919 403 965 remota
429 909 523 964 omnis
537 909 687 964 exactionis
711 910 910 980 molestatione,

111 1002 269 1072 praescntari
285 999 433 1055 debebunt.
450 997 584 1053 Defuncto
608 1015 674 1052 vero
704 999 791 1053 altero
815 1015 908 1054 eorum

112 1089 155 1147 vel
170 1089 287 1154 duobus,
314 1089 403 1156 aliqua
426 1087 533 1140 illarum
555 1087 760 1157 praebendarum
781 1087 806 1141 in
831 1105 911 1142 uranu

110 1197 154 1244 tua
171 1189 240 1243 malo
256 1187 344 1242 studio
360 1187 469 1241 minime
484 1193 617 1251 tencatur,
649 1185 697 1240 sed
726 1186 830 1258 absque
852 1186 910 1241 iru-

110 1278 240 1332 stratoria
256 1277 393 1343 dilatione,
415 1284 471 1329 ate
496 1276 610 1330 honesto
637 1273 738 1330 clerico
763 1277 910 1346 praebetur.

110 1366 190 1435 Quod
207 1367 229 1421 si
244 1366 370 1420 dominus
386 1364 568 1418 Credoneusis
590 1363 719 1418 voluntati
748 1372 802 1418 tum
817 1365 843 1419 in
860 1366 911 1420 hoc

109 1455 280 1511 contraircel
308 1455 342 1507 de
372 1453 485 1506 duarum
510 1453 619 1507 datione
643 1453 851 1522 praebendarum
885 1463 911 1509 tc

111 1544 247 1615 impedire
277 1542 430 1606 tentaterit,
468 1543 613 1610 episcopus
638 1541 726 1608 ipsum
759 1546 911 1599 secuudum

108 1649 187 1688 suum
203 1630 318 1688 otlicium
334 1639 359 1686 et
373 1646 517 1686 censuram
547 1630 766 1685 ecclesiasticam
797 1648 911 1689 coerce-

115 1721 166 1776 bit.

147 1812 186 1865 De
203 1818 318 1882 quatuor
346 1824 410 1864 vero
437 1806 592 1878 praebendis
616 1824 679 1878 qriae
705 1808 820 1864 residuae
836 1818 909 1878 sunt,

107 1901 251 1973 regulares
268 1898 393 1955 canonici
405 1897 438 1951 dc
451 1897 519 1951 llota
535 1906 599 1963 tres,
618 1905 643 1951 ct
660 1897 804 1967 episcopus
833 1899 902 1953 simi·

107 1989 169 2044 liter
184 2005 264 2043 unam
282 1988 432 2058 praebcant.
448 1986 655 2057 Andegavensis
666 1988 910 2058 autemepiscopus

108 2077 160 2132 nisi
175 2077 226 2131 sibi
243 2077 426 2148 praebendam,
438 2091 517 2146 quam
536 2075 617 2128 habet
632 2074 658 2128 iu
674 2076 790 2130 ecclesia
818 2077 910 2133 Sancti

106 2175 210 2231 Nicolai
238 2173 390 2238 retinuerit,
421 2181 466 2227 aut
496 2171 633 2228 canonicis
663 2172 753 2228 Sancti
787 2176 910 2230 lllauricii

108 2263 224 2330 dederit,
241 2262 306 2316 nulli
321 2261 372 2315 nisi
390 2261 584 2316 vindocinensi
600 2262 728 2316 caenobio
744 2263 810 2318 darc
845 2281 909 2334 pos·

109 2353 154 2408 sit.
171 2352 205 2406 Et
223 2354 351 2424 quoniam
368 2351 443 2405 locus
460 2351 531 2404 idem
546 2349 637 2404 Sancti
653 2351 761 2405 Nicolai
777 2351 907 2424 frequen-

108 2441 202 2496 tationi
218 2440 408 2511 religiosorum
425 2438 546 2492 virorum
577 2439 744 2511 incongruus
772 2456 834 2495 csse
859 2458 909 2497 co·

107 2533 258 2603 gnoscituc
276 2545 328 2585 nec
343 2528 469 2584 monachi
486 2528 710 2593 vindocinenses,
724 2545 775 2584 nec
786 2531 908 2587 canonici

107 2621 244 2677 Rctenses
258 2619 359 2673 ibidem
377 2617 530 2671 inhabitare
554 2626 727 2686 praesumant,
755 2620 805 2673 sed
828 2629 909 2689 prout

106 2711 281 2766 coustitutum
298 2715 348 2774 est,
365 2707 392 2760 in
421 2706 517 2760 eodem
548 2705 608 2760 loco
631 2722 678 2760 sex
706 2708 828 2762 canonici
853 2717 909 2764 sta-

105 2807 223 2855 tuantur.
259 2797 349 2852 Status
382 2803 471 2849 autem
513 2794 634 2849 matricis
662 2796 785 2851 ecclesiae
818 2797 908 2852 Sancti

106 2886 265 2952 Clementis,
280 2894 334 2940 tam
351 2884 377 2938 in
397 2883 530 2952 baptismo
544 2898 624 2951 quam
641 2882 668 2936 in
680 2885 788 2954 propriu
812 2885 906 2956 sepul·

106 2981 177 3042 tura,
209 2983 235 3030 et
256 2975 284 3028 iu
312 2973 371 3029 aliis
394 2972 513 3026 illibatus
540 2979 566 3026 et
581 2971 687 3044 integer
715 2985 905 3029 conservetur.

1005 462 1062 532 Ego
1093 461 1240 517 vassallius
1268 463 1398 520 diaconus
1428 463 1576 520 cardinalis
1608 464 1636 519 S.
1669 465 1768 520 Eusta-

968 551 1032 605 chii.

1003 650 1063 718 Ego
1080 651 1218 720 llybaldus
1233 651 1365 708 diaconus
1379 653 1529 710 cardinalis
1543 652 1649 708 Sanctae
1673 651 1766 708 hieriae

968 736 994 790 iu
1012 737 1058 790 Via
1073 738 1148 793 Lata.

1003 835 1061 905 Ego
1077 836 1247 909 Grisogonus
1262 838 1391 895 diaconus
1402 839 1547 919 cardinalis
1558 838 1664 896 Sanctae
1673 839 1765 896 llariae

967 923 993 976 iu
1005 924 1123 980 l‘orticu.

1001 1021 1069 1076 Data
1084 1021 1153 1077 Pisis
1166 1039 1217 1093 per
1228 1039 1337 1080 manum
1355 1025 1486 1093 alberici,
1502 1031 1603 1083 saneim
1632 1027 1763 1083 Romanae

965 1118 1096 1175 Ecclesiae
1119 1120 1228 1177 diaconi
1257 1123 1404 1178 cardinalis
1432 1133 1459 1179 et
1482 1124 1649 1194 cancellarii,
1684 1142 1702 1180 ιι
1722 1125 1762 1180 ld.

965 1217 1036 1282 lau„
1070 1217 1165 1273 indict.
1204 1236 1261 1285 ιιιιι,
1290 1222 1487 1277 incarnationis
1510 1223 1662 1278 Dominicac
1692 1238 1763 1277 anuo

966 1312 1045 1380 trac,
1069 1314 1240 1383 pontificatus
1262 1319 1443 1374 verodomni
1464 1320 1614 1376 lnnocentii
1637 1336 1715 1391 papae
1740 1317 1763 1373 ll

965 1427 1038 1468 anno
1054 1429 1090 1478 vr,

1303 1512 1435 1570 ccxvii.

965 1609 1123 1666 Hernicum
1142 1611 1382 1681 arcldcpiscouum
1406 1614 1594 1667 senonensem
1619 1613 1761 1669 abstiererc

1176 1684 1271 1753 ,officio
1286 1685 1439 1754 episcopali
1449 1684 1540 1755 jubet.

1191 1780 1279 1845 (Auno
1295 1780 1372 1836 tiso.
1388 1781 1450 1833 Jatt.
1466 1781 1528 1849 tti.)

1108 1869 1197 1936 [Call.
1218 1868 1334 1934 Christ„
1346 1868 1408 1935 Xll,
1426 1869 1551 1922 lustrum.
1562 1868 1619 1937 dil]

1003 1977 1196 2030 lanocarsrtcs
1212 1975 1373 2045 episcopus,
1389 1991 1485 2029 servus
1500 1991 1642 2032 servornm
1654 1976 1763 2042 Deire·

963 2073 1078 2128 acrabili
1092 2072 1164 2126 l'ratri
1179 2073 1214 2125 Η.
1234 2070 1385 2126 Senoncnsi
1411 2070 1617 2141 nrcliiepiscopo
1645 2071 1761 2128 salutem

964 2169 992 2216 ct
1003 2161 1182 2230 apostolicam
1201 2159 1429 2214 benedictionem.

999 2251 1104 2304 Statuta
1127 2248 1374 2319 sedisapostolicae
1396 2256 1422 2302 et
1444 2264 1579 2304 canonum
1605 2251 1763 2305 veneranda

962 2336 1074 2393 decreta
1089 2339 1154 2393 nulli
1170 2337 1341 2393 sacerdotum
1366 2337 1473 2392 Domini
1497 2338 1625 2410 ignorare
1648 2338 1762 2393 liberum

963 2435 1015 2481 cst.
1032 2427 1266 2484 Sacerdotisenim
1287 2427 1434 2498 astiagem
1456 2427 1526 2482 scire
1545 2436 1571 2482 et
1593 2427 1626 2482 ad
1642 2428 1763 2482 interro·

962 2516 1099 2587 gatiouem
1116 2517 1282 2586 respondere
1293 2516 1327 2569 de
1338 2518 1400 2585 lege
1417 2530 1423 2568 :
1439 2517 1511 2587 qarod
1528 2517 1549 2569 si
1565 2517 1654 2589 legem
1679 2517 1762 2589 igno·

963 2613 1013 2668 rat,
1037 2605 1095 2674 ipse
1124 2622 1154 2659 se
1186 2606 1274 2676 arguit
1308 2603 1429 2659 indebite
1456 2605 1588 2658 honorem
1617 2605 1761 2661 sacerdotii

962 2710 1108 2764 occupare.
1133 2694 1186 2748 Sed
1211 2703 1235 2748 et
1257 2693 1412 2758 ignorantia
1440 2708 1574 2747 canonum
1601 2694 1760 2765 episcopum

960 2799 1016 2838 non
1031 2791 1155 2838 excusat.
1183 2783 1315 2837 Caeterum
1337 2782 1481 2852 episcopus
1506 2783 1551 2853 qui
1570 2783 1689 2838 scienter
1712 2799 1760 2839 ca-

960 2888 1046 2926 nones
1077 2872 1169 2939 violat,
1200 2886 1216 2926 a
1244 2870 1346 2926 sanctis
1380 2871 1504 2925 Patribus
1531 2871 1681 2942 judicatur,
1705 2881 1760 2927 cta

960 2970 1053 3015 sancto
1067 2960 1168 3031 Spiritu
1177 2960 1254 3028 cujus
1270 2959 1398 3014 instinctu
1415 2975 1446 3015 ae
1461 2959 1534 3015 douo
1558 2968 1620 3015 sunt
1648 2961 1759 3028 conditi,

106 3066 233 3119 hlensura
248 3063 300 3119 olei
317 3078 376 3133 qtiae
392 3061 521 3116 Ecclesiae
537 3061 629 3115 Sancti
643 3061 749 3116 Nicolai
772 3079 786 3115 a
802 3064 905 3119 Rotcn-
920 3069 944 3132 C
959 3052 1165 3105 0⁰¹1<¹0¹¹l¹¹a¹1¹¹'·
1183 3048 1321 3111 Quoniam
1340 3048 1532 3117 blasphemare
1548 3048 1679 3120 Spiritum
1694 3066 1761 3104 ⁵³¹¹·

106 3153 181 3208 sibus
202 3151 343 3207 canouicis
364 3149 443 3204 anuis
468 3149 585 3219 singulis
608 3150 768 3219 parabatur,
795 3152 906 3207 ulterius
959 3147 1032 3194 Cium
1054 3154 1107 3194 ‘¹0²¹
1131 3139 1282 3206 issssffidl'lle
1314 3136 1760 3208 iidemu¹'‘l115001121'21effidem

107 3267 164 3309 ιιοιι
179 3253 269 3307 delur.
286 3249 445 3320 Supradicta
457 3264 564 3319 quoque
585 3265 644 3319 qliae
658 3251 816 3305 auctoritate
845 3253 905 3322 epi·
960 3244 1055 3283 ⁵³⁰¹'05
1067 3243 1184 3282 ⁰³⁰⁰¹¹0⁵
1199 3225 1300 3298 ali<inid
1315 3233 1361 3280 ³¹¹³
1376 3234 1503 3296 l)roterve
1518 3237 1612 3299 &dunis
1627 3235 1673 3282 flul
1688 3228 1762 3299 lO‘lUi

106 3336 556 3411 scopihudegaverisisindigeut,
575 3337 678 3406 proprii
699 3337 790 3408 scripti
819 3340 905 3393 muni.
960 3325 1140 3388 praesumunt,
1158 3325 1201 3369 aut
1229 3315 1319 3370 iacere
1342 3315 1497 3369 volentibus
1520 3323 1618 3385 sponte
1641 3331 1760 3372 consen-

105 3438 178 3494 mluc
204 3448 229 3494 et
253 3438 424 3492 attestatione
448 3436 640 3491 canonicorum
663 3437 754 3492 Sancti
787 3439 906 3495 hlauricii

104 3537 278 3602 roborentur,
303 3537 338 3588 ita
355 3534 529 3595 videlicet,ut
544 3551 703 3605 nequeam,
726 3552 816 3606 neque
845 3554 906 3593 suc·
980 3583 985 3593 .

104 3649 247 3693 cessurum
263 3641 397 3702 tempore,
414 3631 603 3699 hujuscemodi
625 3648 679 3701 pax
708 3641 733 3686 et
758 3635 905 3689 concordia

104 3724 245 3796 quainter
259 3736 308 3776 nos
321 3727 420 3775 statuta
440 3727 489 3782 est,
516 3719 607 3788 aliqua
625 3721 825 3775 machinatione
851 3722 905 3777 sol·

105 3823 192 3869 vatur.
206 3811 384 3867 Decernimus
400 3825 468 3880 ergo
482 3817 511 3862 ut
535 3809 601 3863 nulli
625 3812 734 3865 omuino
765 3811 903 3866 hominum

103 3902 184 3958 liceat
211 3901 335 3956 eamdem
356 3898 531 3954 concordiam
557 3896 717 3970 infringere,
745 3917 794 3955 seu
814 3902 905 3972 aliqua

105 3999 249 4057 occasione
264 3997 427 4063 convellere,
443 3995 491 4050 sed
505 3995 598 4050 omnia
613 3998 648 4049 ita
665 3996 744 4052 lirma
760 4009 786 4054 et
800 4000 904 4055 illibata

104 4091 139 4144 ab
154 4099 269 4159 utraque
284 4086 399 4157 partein
415 4093 557 4156 perpetum
572 4096 780 4157 conserventur,
809 4105 905 4160 quem-

104 4178 252 4234 admodum
285 4175 412 4245 superius
453 4173 552 4244 legitur
585 4173 750 4229 institutum.
786 4177 814 4232 Si
844 4178 904 4248 eruis

104 4274 306 4324 autemcontra
330 4266 388 4319 uaec
417 4270 517 4317 temera
543 4263 636 4317 venire
664 4266 823 4333 tentaverit,
859 4284 906 4323 se·

105 4357 193 4412 cundo
209 4355 322 4409 tertiove
336 4352 526 4415 commonitus,
543 4351 594 4405 uisi
609 4361 712 4406 reatum
735 4371 813 4409 suum
835 4372 903 4411 con-

960 3406 1040 3460 liunt.
1061 3404 1227 3474 Euangeliou
1251 3420 1359 3476 quoqtre
1384 3412 1497 3458 testatur
1518 3405 1665 3459 auctoritas
1692 3405 1760 3460 bea-

960 3504 1015 3548 tum
1032 3496 1140 3548 Petrum
1151 3509 1213 3549 esse
1228 3493 1255 3547 in
1270 3492 1354 3548 terris
1377 3493 1477 3547 Christi
1500 3494 1632 3548 vicarium
1652 3502 1679 3548 et
1697 3509 1759 3549 ma·

960 3592 1073 3654 gistrum
1090 3583 1171 3638 totius
1187 3582 1326 3647 Ecclesiae,
1352 3589 1378 3636 et
1401 3582 1435 3635 ab
1453 3582 1513 3652 ipso
1530 3583 1646 3638 Domino
1658 3582 1759 3638 institu-

959 3677 1027 3736 tum,
1039 3672 1156 3727 diceudo
1174 3687 1179 3725 :
1202 3673 1239 3727 Tc
1252 3688 1281 3726 es
1296 3674 1406 3737 Petras,
1422 3676 1449 3726 el
1465 3687 1550 3742 super·
1564 3670 1638 3727 ιιι-ηε
1648 3677 1761 3743 petram

959 3761 1101 3828 edificabo
1112 3762 1266 3817 Ecclesiam
1276 3776 1379 3815 arcum.
1390 3766 1428 3817 dc
1439 3777 1488 3830 per
1500 3763 1550 3817 hoe
1561 3763 1641 3816 sedes
1651 3770 1761 3832 aposto.

959 3849 1008 3903 lica
1023 3857 1063 3904 cst
1079 3851 1201 3903 omnium
1218 3850 1402 3905 Ecclesiarum
1416 3858 1496 3917 caput
1513 3858 1539 3904 et
1554 3851 1648 3916 cardo,
1672 3860 1761 3906 mater

959 3945 1041 4009 atquc
1061 3938 1200 4008 magistra,
1224 3939 1257 3992 ad
1282 3953 1362 4009 quam
1387 3937 1508 4008 prolecto
1522 3937 1607 3993 libare
1622 3937 1685 3994 licet
1700 3954 1762 3994 om·

959 4027 1039 4080 nibus
1053 4027 1200 4097 appellare.
1221 4026 1410 4097 debellatione
1421 4043 1488 4083 vero
1500 4027 1661 4097 interposita
1671 4029 1760 4083 omnia

959 4115 986 4169 iu
1002 4116 1098 4170 eodem
1114 4124 1184 4169 statu
1199 4130 1309 4171 manere
1324 4115 1434 4178 debent,
1448 4123 1474 4171 et
1499 4117 1590 4171 tandiu
1620 4116 1687 4170 nibil
1709 4119 1761 4173 erit

959 4206 1068 4274 penitus
1083 4205 1267 4261 innovandum
1279 4204 1366 4260 donec
1381 4204 1518 4260 Romanus
1534 4205 1667 4275 pontilex.
1685 4204 1710 4259 si
1724 4203 1760 4259 ad

958 4310 1020 4348 eum
1035 4294 1202 4364 appellatum
1227 4302 1278 4358 est.
1296 4293 1369 4364 prius
1397 4295 1535 4348 examinet
1559 4294 1582 4348 si
1609 4296 1681 4363 justa
1717 4293 1762 4349 rel

962 4382 1061 4450 injusta
1077 4384 1157 4438 l'uerit
1170 4384 1327 4454 appellatio.
1344 4384 1375 4437 tat
1394 4383 1416 4436 si
1436 4383 1602 4451 judicaverit
1627 4398 1761 4438 renovan-

104 4460 172 4516 grua
201 4442 391 4498 emendatione
419 4441 581 4504 correxerit,
618 4432 1533 4538 el⁰0¹¹¹¹12111150321011i⁵Deumessejntieiumaetianos-os<taire
1558 4469 1677 4537 judices,
1702 4467 1759 4523 sive

105 4532 268 4588 sententiam
284 4546 313 4586 se
329 4530 435 4584 noverit
451 4529 636 4584 incursurum.

139 4631 199 4703 Ego
213 4626 385 4683 innocentius
401 4624 548 4680 Catholicae
564 4626 696 4684 Ecclesiae
711 4629 867 4701 episcopus.

140 4719 202 4792 Ego
220 4715 348 4771 Willoius
360 4715 541 4770 Praenestinus
554 4715 708 4787 episcopus.

138 4809 201 4881 Ego
216 4805 343 4878 Ulgerius
357 4803 445 4859 dietus
458 4804 821 4879 episcopushndcgaveusis
836 4811 906 4864 sub·

104 4912 211 4969 scripsi.

139 4997 200 5068 Ego
219 4993 378 5052 Littilredus
404 4992 546 5063 presbyter
577 4992 724 5050 cardinalis
752 4995 821 5051 tituli
849 4997 904 5052 Ve-

105 5085 192 5141 stium.

139 5176 199 5248 Ego
215 5173 372 5245 Rodulphus
386 5170 507 5226 Ortanus
522 5169 678 5242 episcopus.

139 5273 199 5346 Ego
218 5274 305 5327 Lucas
320 5269 463 5341 presbyter
477 5266 625 5322 cardinalis
641 5269 712 5325 tituli
739 5270 852 5327 loannis
877 5281 903 5328 et

104 5362 188 5417 Pauli.

138 5461 197 5532 Ego
213 5457 303 5515 Guido
318 5456 447 5529 indignus
462 5456 596 5513 sacerdos
617 5457 778 5530 subscripsi.

959 4558 1116 4629 probaverit
1129 4558 1211 4612 talem
1226 4572 1337 4612 causam
1349 4573 1410 4612 esse
1424 4566 1453 4611 ut
1466 4573 1520 4613 non
1536 4557 1705 4628 replicentur
1726 4571 1760 4612 ea

962 4663 1022 4719 quae
1036 4656 1097 4701 aeta
1112 4655 1182 4714 sunt,
1199 4647 1273 4718 quod
1287 4646 1322 4701 ab
1337 4646 1518 4701 eodecretum
1530 4646 1619 4711 luerit,
1645 4645 1758 4700 irrefra-

959 4734 1089 4806 gabiliter
1109 4736 1279 4790 observatur.
1303 4733 1369 4803 Qnae
1391 4750 1452 4790 cum
1478 4737 1516 4789 ita
1540 4736 1603 4801 siut,
1627 4736 1760 4790 miramur

959 4824 1107 4880 admodum
1136 4831 1162 4878 et
1183 4825 1261 4896 gravi
1278 4839 1396 4879 moerore
1417 4822 1548 4880 allicimur
1581 4824 1706 4895 qnoniam
1730 4824 1758 4878 in

959 4923 1095 4971 conventu
1110 4929 1198 4983 nuper
1209 4914 1319 4968 Paveris
1334 4912 1484 4982 habitopro
1495 4927 1578 4969 causa
1592 4913 1759 4968 matrimonii

959 5001 1029 5057 inter
1043 5007 1093 5057 Ar.
1113 5002 1147 5057 de
1163 5001 1269 5057 Soliaco
1284 5008 1310 5056 et
1325 5001 1408 5055 liliam
1434 5003 1483 5056 lla.
1502 5003 1536 5057 de
1562 5001 1758 5075 baugentiaco,

959 5092 1057 5164 quibus
1072 5091 1260 5161 opponebatur
1274 5091 1366 5146 titulus
1379 5090 1535 5161 parentelae,
1558 5107 1619 5146 cum
1643 5105 1695 5161 pro
1717 5091 1760 5160 ju·

958 5188 1019 5245 dice
1035 5189 1183 5255 resideres,
1199 5204 1250 5259 par
1264 5205 1324 5245 esse
1337 5189 1417 5244 beato
1432 5190 1510 5244 Petro
1525 5195 1570 5242 aut
1592 5203 1755 5259 supereum

958 5279 1109 5336 ascendere
1124 5279 1323 5335 contumaciter
1347 5277 1493 5334 attentasti.
1520 5279 1585 5332 Post
1599 5277 1760 5348 appellatio·

959 5383 1021 5423 aem
1038 5385 1155 5441 natuque
1171 5369 1313 5423 abeodem
1329 5370 1376 5423 Ar.
1394 5367 1428 5423 ad
1444 5383 1494 5422 uos
1512 5364 1612 5424 iactam
1628 5365 1673 5437 qui
1696 5365 1760 5421 lieet

958 5465 1067 5538 indigni
1083 5465 1186 5520 Christi
1210 5465 1346 5538 legatione
1370 5463 1517 5535 fungimur,
1545 5470 1572 5519 et
1594 5462 1665 5519 beati
1689 5461 1759 5518 Petri

139 5561 200 5634 Ego
223 5557 374 5632 Gregorius
403 5555 534 5615 diaconus
569 5557 715 5614 cardinalis
744 5560 904 5619 Sanctorum
958 5561 1163 5618 interrisnces
1184 5563 1370 5633 exsequimur,
1393 5558 1569 5633 quantumin
1593 5562 1620 5615 te
1645 5556 1704 5628 luit,
1726 5575 1759 5618 os

103 5659 233 5734 Sergiiat
246 5656 357 5717 esau.

954 5659 987 5719 in
1000 5661 1099 5720 coeluru
1112 5676 1220 5734 ponens
1233 5668 1262 5721 ct
1275 5659 1398 5730 ejusdam
1420 5657 1553 5732 principis
1569 5655 1757 5731 apostolorum
