3772 6006
113 224 166 280 lii

755 210 960 271 lNNOCENTll
980 212 1004 269 ll
1028 209 1124 274 PAPAE

1713 218 1765 274 l'rtt

117 353 218 401 temere
246 341 413 415 perturbare,
429 349 476 397 aut
504 340 563 411 ejus
590 339 772 412 possessiones
800 337 915 403 auferre,
929 338 956 399 A
972 338 1189 410 communimus;
1217 349 1362 397 statuentes
1385 350 1413 397 ut
1432 357 1604 415 numenque
1616 341 1766 412 possessio-

114 433 157 491 vel
172 433 277 489 ablatas
292 431 418 499 retinere,
443 430 613 495 imminuere,
643 436 688 484 aut
703 427 849 483 temerariis
864 442 912 480 ve-

117 521 273 580 xationibus
289 521 413 593 fatigare,
430 519 477 574 sed
506 519 598 575 omnia
625 519 731 591 integra
753 531 914 572 conserven-

117 621 158 669 tur
172 627 277 678 eomm,
305 624 354 682 pre
369 623 483 680 quomm
511 607 703 664 sustentatione
728 614 755 663 et
780 605 914 677 guberna-

114 703 187 758 tione
202 714 331 756 coucessa
358 704 428 766 sunt,
453 696 547 752 usibus
571 694 736 753 omnimodis
761 693 911 764 profutura.

115 791 144 849 Si
158 805 212 860 qua
228 788 311 861 igitur
324 787 352 842 iu
375 792 513 857 postemm
540 784 719 841 ecclesiastica
744 779 914 838 secularisve

112 893 242 952 persona,
254 876 335 946 hujus
350 883 449 931 nostrae
458 873 655 931 constitutionis
673 873 801 945 paginam
815 869 912 937 sciens,

113 976 209 1026 contra
223 982 283 1022 eam
301 973 400 1021 temere
428 963 520 1021 venire
550 963 701 1030 tentaverit,
724 959 841 1016 secundo
857 966 912 1013 ter·

113 1058 185 1114 tiove
200 1054 377 1120 commonita,
407 1053 459 1108 nisi
486 1060 589 1109 reatum
605 1067 684 1107 suum
696 1065 818 1122 cougma
831 1047 912 1103 satis·

114 1146 230 1204 factione
244 1143 400 1210 correxerit,
424 1141 564 1214 potestatis
590 1141 752 1210 honorisque
765 1138 805 1193 sui
819 1135 911 1209 digni-

114 1245 167 1293 tate
182 1242 282 1301 careat,
298 1247 429 1303 reamque
458 1247 487 1287 se
515 1229 607 1287 divino
632 1228 737 1299 judicio
751 1227 864 1283 existere
878 1224 912 1279 de

114 1330 269 1398 perpetrata
297 1321 436 1391 iniquitate
466 1326 622 1393 cognoscat,
651 1325 678 1373 et
700 1313 912 1373 asacratissimo

112 1429 226 1487 corporo
242 1427 274 1469 ac
288 1409 420 1483 sanguine
435 1409 486 1466 Dei
500 1417 527 1464 et
540 1405 650 1465 Domini
664 1402 852 1476 Redemptoris
866 1416 912 1456 no-

110 1505 158 1560 strl
184 1504 245 1558 lesu
274 1499 371 1556 Christi
399 1498 489 1554 aliena
528 1494 585 1566 liat,
625 1503 706 1566 atque
735 1494 763 1548 in
791 1499 911 1547 extremo

109 1592 237 1650 examino
252 1588 380 1645 districtae
394 1586 533 1658 subjaceat
561 1584 669 1640 ultioni.
699 1581 808 1638 Cunctis
821 1587 911 1635 autem

109 1683 199 1739 eidem
215 1681 274 1737 loco
298 1694 347 1733 sua
370 1675 434 1746 jura
461 1673 630 1731 servantibus
656 1673 690 1727 sit
719 1687 772 1743 pax
800 1666 909 1725 Domini

109 1771 194 1829 nostri
209 1770 271 1825 lesu
286 1765 384 1823 Christi
403 1771 534 1835 quatenus
562 1768 587 1818 et
616 1761 659 1816 hic
688 1760 800 1815 fructum
828 1757 909 1813 bonae

110 1858 225 1917 actionis
254 1854 414 1928 percipiant,
452 1862 481 1908 et
516 1850 588 1924 apud
615 1849 763 1905 districtum
787 1845 908 1918 judicem

108 1947 221 2023 premia
236 1954 343 2002 aeternae
358 1942 433 2016 pacis
447 1939 595 1997 inveniant.
611 1941 709 1994 Amen.

145 2047 205 2119 Ego
219 2040 393 2099 innocentius
407 2037 552 2096 Catholieae
566 2035 694 2092 Ecclesiae
709 2034 864 2106 episcopus.

144 2145 204 2217 ligo
219 2138 417 2197 Theodewinus
431 2137 538 2195 Sanetae
552 2134 654 2191 Rufina
670 2133 821 2204 episcopus.

144 2243 203 2315 Ego
219 2237 303 2296 Suido
316 2236 448 2293 diaconus
461 2231 606 2290 cardinalis
628 2229 787 2287 Sanctorum
802 2229 908 2283 cosm

109 2341 136 2391 et
150 2328 289 2388 Damieni.

143 2431 203 2502 ligo
231 2423 367 2484 Gerardus
395 2421 533 2495 presbyter
570 2419 644 2476 card.
674 2417 713 2472 tit.
749 2415 907 2471 Sanctorum

109 2525 222 2585 leannis
235 2531 261 2579 et
277 2522 362 2578 Pauli.

143 2626 202 2698 ligo
216 2624 303 2679 Lucus
315 2618 457 2691 presbyter
483 2615 627 2672 cardinalis
656 2612 722 2668 tituli
747 2611 906 2667 Sanctnmm

107 2713 220 2772 loannis
233 2720 260 2767 et
273 2709 361 2765 Pauli.

146 2813 204 2884 Ego
220 2809 389 2880 Grisogonus
404 2802 543 2876 presbyter
561 2798 706 2855 cardinalis
721 2796 787 2851 tituli
803 2795 908 2851 Sanctae

110 2899 249 2959 Praxedis.

968 440 1024 491 aas,
1040 442 1209 499 quecunque
1229 429 1302 486 bona
1329 429 1402 487 idem
1431 430 1506 487 locus
1533 429 1766 503 inpresentiarum

967 514 1096 570 meoniae
1106 516 1234 588 possidet,
1245 518 1339 575 sivein
1350 519 1479 587 futurum,
1490 519 1621 592 largiente
1635 518 1763 586 Domino,

967 604 1139 660 concessione
1184 605 1353 678 pontificum,
1395 607 1556 664 liberalitate
1600 607 1763 679 principum,

967 699 1104 757 oblatione
1118 701 1249 772 fidelium,
1274 703 1347 774 juste
1375 713 1401 761 et
1428 705 1558 763 canonice
1581 705 1679 776 poterit
1701 703 1763 759 adi-

967 787 1043 859 pisci,
1073 788 1151 847 lirma
1178 792 1226 847 tibi
1253 794 1357 864 tuisque
1384 794 1582 850 successoribus
1604 801 1630 849 et
1657 793 1765 864 integra

966 887 1167 934 conserventur.
1197 880 1320 936 Obeunte
1348 897 1413 939 vere
1440 890 1467 938 te
1481 897 1552 937 nuuc
1574 880 1696 952 ejusdem
1711 881 1765 936 loei

966 963 1074 1034 abbate,
1117 968 1161 1023 vel
1200 977 1305 1025 tuorum
1346 971 1528 1040 quommlibet
1568 985 1763 1033 successorum,

966 1062 1055 1118 nullus
1068 1062 1123 1119 illic
1137 1065 1256 1136 qualibet
1283 1067 1464 1139 subreptionis
1490 1069 1586 1124 astutia
1599 1085 1645 1123 seu
1660 1067 1765 1124 violen-

967 1151 1004 1206 tia
1015 1162 1196 1224 praeponatur,
1212 1155 1262 1210 nisi
1286 1172 1366 1227 quem
1391 1157 1486 1213 batres
1502 1156 1641 1213 communi
1654 1173 1763 1212 assensu

965 1240 1008 1296 vel
1024 1241 1134 1297 fratrum
1149 1259 1212 1313 pars
1224 1245 1328 1300 consilii
1343 1246 1459 1301 sanioris
1474 1245 1508 1301 de
1519 1261 1579 1312 suo,
1608 1247 1631 1300 si
1650 1246 1763 1318 dignum

965 1328 1125 1398 invenerint,
1155 1332 1199 1388 vel
1219 1332 1253 1388 de
1282 1333 1380 1401 alieuo,
1408 1335 1430 1388 si
1445 1335 1604 1406 oportuerit,
1632 1334 1763 1406 collegio,

964 1427 1112 1481 secundum
1127 1428 1177 1484 Dei
1194 1429 1319 1486 timorem
1342 1439 1368 1485 et
1394 1430 1465 1487 beati
1480 1431 1615 1486 Benedicti
1630 1431 1762 1504 Regulum

965 1515 1108 1587 elegerint.
1127 1517 1220 1573 hbbas
1232 1534 1295 1574 vero
1306 1534 1366 1575 cunr
1387 1519 1514 1575 iratribus
1536 1520 1697 1576 advocatum
1710 1520 1762 1574 sibi

965 1618 1045 1672 quem
1061 1604 1194 1661 utiliorem
1211 1606 1358 1677 providerit
1371 1607 1503 1664 instituat.
1535 1607 1587 1677 Qui
1602 1608 1625 1662 si
1639 1615 1762 1679 postmo-

921 1692 1028 1774 Bdum
1045 1695 1207 1750 monasterio
1221 1695 1323 1750 inutilis
1350 1696 1439 1766 luerit,
1469 1704 1496 1751 et
1521 1696 1647 1752 iratribus
1660 1695 1760 1770 gravis,

961 1798 1067 1846 remoto
1081 1806 1113 1847 eo
1126 1792 1208 1846 alium
1228 1791 1385 1864 praeficiant.
1415 1793 1511 1849 Oleum
1541 1801 1674 1860 sanctum,
1691 1809 1760 1850 con-

959 1880 1122 1935 secrationes
1137 1880 1260 1936 altarium
1290 1883 1332 1938 vel
1367 1883 1551 1951 ecclesiarum,
1568 1882 1761 1939 ordinationes·

961 1984 1014 2038 quc
1030 1970 1223 2025 monachorum
1238 1971 1284 2040 qui
1298 1970 1333 2025 ad
1347 1987 1438 2027 sacrm
1462 1971 1562 2028 luerint
1577 1971 1684 2027 ordines
1703 1987 1762 2044 pro·

962 2055 1088 2112 movendi
1103 2057 1280 2131 abepiscopo
1308 2059 1335 2113 in
1362 2061 1439 2130 cujus
1466 2060 1575 2115 dioecesi
1598 2067 1668 2126 sunt,
1684 2060 1759 2131 ejus-

962 2154 1024 2209 dem
1041 2154 1093 2209 loci
1107 2154 1203 2210 iratres
1217 2155 1360 2227 accipiant,
1390 2157 1411 2212 si
1427 2157 1535 2227 quidem
1550 2157 1666 2231 gratiam
1681 2165 1761 2229 atque

963 2242 1184 2299 communionem
1212 2245 1368 2316 apostolica
1396 2246 1467 2302 sedis
1492 2246 1624 2315 habuerit,
1651 2254 1675 2302 et
1690 2247 1713 2302 si
1727 2263 1760 2302 ea

961 2333 1045 2406 gratis
1059 2339 1086 2387 et
1099 2333 1156 2388 siue
1172 2334 1302 2404 pravitate
1328 2334 1443 2390 voluerit
1469 2335 1607 2390 exhibere.
1631 2335 1760 2406 Alioquin

962 2421 1041 2476 liceat
1056 2421 1094 2477 eis
1109 2422 1287 2491 Catholicum,
1318 2438 1399 2493 quem
1427 2423 1580 2490 maluerint,
1599 2423 1673 2479 adire
1686 2424 1759 2479 anti-

961 2519 1061 2585 stitem,
1077 2526 1104 2574 et
1118 2518 1153 2574 ab
1167 2535 1201 2575 eo
1227 2521 1458 2577 consecrationum
1487 2530 1654 2578 sacramenta
1675 2523 1761 2577 susei-

963 2622 1038 2679 pere.
1059 2606 1110 2676 Qui
1126 2608 1281 2679 apostolice
1309 2609 1381 2664 sedis
1408 2609 1489 2665 lullus
1516 2610 1684 2677 auctoritate,
1699 2627 1760 2682 quae

963 2695 1129 2767 postulantur
1142 2696 1289 2770 indulgeat.
1313 2696 1405 2753 Abbas
1427 2698 1499 2754 beati
1522 2699 1591 2754 Petri
1621 2698 1759 2754 delibera-

964 2793 1035 2849 tione
1050 2801 1077 2847 et
1090 2799 1179 2849 nostro
1194 2792 1323 2867 suffragio
1343 2794 1478 2850 licentiam
1503 2795 1603 2851 habeat
1627 2803 1653 2851 et
1678 2803 1758 2866 pote-

961 2889 1056 2937 statem
1072 2881 1245 2953 praedieaudi,
1262 2883 1422 2955 poenitentes
1450 2900 1569 2956 quosque
1585 2885 1757 2954 suscipiendi,

143 2999 203 3071 Ego
233 2996 280 3051 lvo
310 2990 450 3065 presbyter
464 2984 609 3044 cardinalis
622 2982 706 3040 sancti
722 2980 855 3037 Laurentii
871 2979 906 3033 ti·
962 2971 1115 3039 accurandi,
1144 2970 1245 3044 ligandi
1275 2978 1354 3042 atque
1383 2972 1516 3041 solvendi,
1545 2972 1666 3029 infirmos
1692 2974 1758 3030 visi·

109 3087 158 3144 tuli
172 3087 200 3143 S.
217 3082 340 3142 Damasi.

143 3186 241 3241 Datum
258 3178 380 3236 Laterani
395 3192 444 3248 per
458 3189 568 3230 manum
584 3169 719 3237 himerici,
734 3175 833 3224 sanctia
847 3167 905 3221 ltc-

109 3291 198 3332 rnante
226 3267 356 3327 EcclesIse
384 3263 490 3321 diaconi
518 3270 545 3318 et
572 3257 734 3326 cancellarii,
755 3273 787 3311 ιιι
809 3254 905 3311 lduum

107 3363 216 3439 Aprilis,
234 3358 380 3415 indictione
396 3370 425 3423 tt,
455 3349 650 3408 lucarnatiouis
673 3345 822 3402 Dominieae
836 3358 907 3399 anno

106 3455 187 3520 ttae,
205 3445 376 3522 pontificatus
403 3457 468 3499 vero
497 3439 595 3498 Domni
623 3435 772 3493 iunocentii
788 3435 812 3490 ll
828 3447 906 3504 papoe

107 3554 180 3601 anno
194 3555 225 3593 Χ.

420 3627 586 3687 ccccxxt.

107 3734 273 3799 nonasterii
283 3733 317 3790 S.
330 3731 423 3789 lasea
435 3726 613 3800 Ds'barpcasia
626 3724 813 3798 possessiones
819 3719 907 3793 privi-

300 3817 426 3890 lepioqttc
436 3816 543 3870 iterum
556 3809 718 3879 confirmat.

320 3917 410 3986 (huno
425 3914 506 3980 1139,
526 3909 611 3984 April.
629 3908 692 3976 11.)

215 4016 380 4090 [muneras
402 4011 476 4067 tltst.
496 4007 658 4078 Schriften,
682 4021 708 4075 p.
724 3999 799 4072 351]

421 4140 599 4199 ccctxrttt.

196 4246 381 4317 Privilept'ttm
393 4254 443 4314 pro
458 4237 631 4296 monasterio
648 4232 826 4291 Corieltauvi.

325 4344 413 4412 (hum
430 4336 508 4404 1139,
523 4334 608 4405 hpril.
626 4332 683 4405 ll.)

230 4437 425 4509 [Documenta
440 4432 531 4498 Beira,
552 4428 652 4495 XXIV,
670 4442 698 4498 p.
714 4423 789 4497 tlt]

148 4560 337 4615 muceranus
350 4549 503 4620 episcopus,
532 4560 625 4599 servus
639 4556 777 4598 servorum
792 4540 852 4607 Dei,
868 4539 908 4593 di-

110 4652 181 4706 lecto
207 4644 263 4700 filio
292 4641 401 4697 Οποιιι
430 4634 521 4691 abbati
556 4630 728 4689 castellensis
753 4628 906 4685 monasterii

109 4742 220 4810 eiusque
248 4727 446 4788 suecessoribus
477 4722 637 4796 regulariter
663 4718 854 4776 substituendis
879 4717 906 4772 in

145 4833 280 4899 rpeluum.

110 4847 200 4983 pel‘iae
215 4917 401 4996 postulationis
415 4912 481 4970 ordo
497 4909 649 4983 expostulat
662 4917 690 4964 ut
702 4906 781 4978 justis
795 4905 906 4978 petitio·

108 5017 188 5073 nibus
202 5013 317 5068 libenter
331 5002 516 5077 impertiamur
544 5013 692 5055 assensum.
723 4994 848 5061 Proinde,
865 4993 905 5048 di·

106 5107 174 5162 lecte
184 5105 210 5157 in
224 5098 341 5156 Domino
352 5095 388 5149 tili
399 5092 462 5149 Otto
473 5087 566 5153 abbas,
579 5088 631 5142 tuis
645 5083 850 5141 rationabilibus
858 5098 905 5154 pe-

109 5192 249 5250 titionibus
264 5188 411 5243 clemeuter
424 5179 577 5245 annuimus,
588 5184 614 5232 et
630 5174 793 5232 castellense
808 5186 907 5227 mona-

107 5282 217 5340 sterium
232 5272 399 5334 arabilibus
420 5267 557 5340 quondam
584 5265 649 5321 viris
668 5262 823 5334 Beringcro,
855 5259 908 5316 l'ri.

108 5373 199 5428 elerico
212 5385 243 5425 ac
257 5365 313 5420 h'lio
339 5360 398 5430 ejus
426 5357 534 5424 Ottoue,
562 5369 667 5410 uccnou
696 5349 841 5424 siutgarda
854 5363 905 5405 eo-

922 3060 1044 3127 Caudi,
1062 3060 1174 3115 mortuis
1187 3059 1367 3132 undecunque
1393 3062 1421 3116 in
1445 3061 1503 3132 ipso
1527 3063 1586 3118 loco
1600 3063 1758 3134 sepeliendi,

961 3155 1014 3203 tam
1031 3148 1100 3204 vivis
1115 3164 1196 3219 quam
1211 3148 1344 3205 defunctis
1358 3149 1484 3206 universa
1497 3150 1594 3206 delicta
1608 3152 1758 3208 relaxandi.

960 3245 1086 3301 Ecclesiis
1113 3245 1276 3302 monasterio
1304 3246 1434 3318 praedicto
1462 3247 1607 3316 concessis,
1634 3246 1760 3303 videlicet

960 3335 1167 3405 loviterhoven,
1183 3336 1394 3408 phapenhoven,
1423 3335 1554 3392 llesvvanc
1579 3343 1606 3391 et
1619 3344 1673 3392 tam
1691 3336 1760 3392 Fur-

960 3433 1066 3490 henriet
1079 3450 1159 3504 quam
1175 3432 1243 3490 alias
1257 3450 1319 3504 quae
1334 3433 1404 3488 inira
1419 3433 1550 3488 ambitum
1566 3435 1660 3490 harum
1676 3434 1761 3490 eccle

960 3522 1059 3578 siarum
1075 3522 1156 3578 modo
1172 3522 1205 3577 ad
1220 3539 1341 3593 praesens
1356 3530 1416 3578 sunt
1427 3521 1483 3578 sive
1493 3539 1554 3593 quae
1564 3522 1761 3580 inluturocon·

960 3618 1094 3677 struendae
1108 3628 1179 3690 sunt,
1195 3636 1275 3676 nemo
1292 3620 1344 3675 nisi
1359 3637 1409 3692 per
1422 3620 1529 3676 abbatis
1552 3620 1596 3676 vel
1608 3623 1761 3677 monacho-

960 3725 1020 3764 rum
1035 3708 1155 3779 ejusdem
1171 3708 1223 3765 loci
1238 3709 1403 3766 voluntatem
1420 3717 1603 3781 preponatur.
1624 3710 1675 3766 Pro
1690 3725 1759 3767 con·

960 3798 1090 3855 solatione
1113 3814 1220 3869 quoque
1249 3798 1362 3854 fratrum
1376 3798 1410 3854 ad
1425 3807 1527 3854 certum
1541 3798 1640 3856 victum
1654 3815 1758 3866 eorum,

960 3887 1154 3944 decimationes
1179 3890 1248 3942 intra
1277 3902 1372 3943 omnes
1402 3888 1529 3943 terminos
1543 3896 1569 3943 et
1581 3887 1696 3944 circulos
1710 3904 1758 3944 ea·

961 3985 1085 4040 mmdem
1113 3984 1296 4051 ecclesiarum,
1325 3985 1382 4042 sive
1411 3984 1553 4051 nobilium,
1584 3985 1640 4042 sive
1660 4001 1761 4058 paupe·

961 4090 1031 4142 rum,
1048 4073 1081 4129 de
1096 4073 1223 4130 omnibus
1235 4073 1335 4141 tundis,
1365 4074 1399 4130 de
1424 4075 1583 4142 redditibus,
1603 4075 1637 4131 de
1652 4074 1760 4132 novali·

961 4163 1022 4232 bus,
1052 4179 1118 4233 quas
1142 4164 1292 4220 interventu
1321 4163 1511 4235 praedictorum
1540 4163 1672 4219 nobilium
1687 4164 1763 4220 viro·

962 4268 1021 4307 rum
1041 4259 1068 4307 et
1086 4251 1202 4308 Uldarici
1218 4252 1394 4309 Eisthetensis
1406 4253 1527 4324 episcopi
1543 4268 1652 4309 assensu
1666 4253 1762 4325 acqui·

962 4350 1042 4417 sistis,
1058 4357 1103 4405 aut
1114 4350 1172 4421 jam
1186 4359 1265 4406 antea
1293 4350 1482 4423 episcopomm
1509 4350 1682 4407 conniventia
1703 4351 1761 4407 adi·

923 4428 1030 4508 Dpisci
1044 4437 1175 4510 poteritis,
1204 4437 1282 4495 vobis
1309 4438 1484 4493 nihilominus
1509 4435 1710 4495 confirmamus.
1726 4439 1762 4494 Et

960 4543 994 4582 ne
1009 4527 1069 4597 quis
1082 4526 1281 4598 episcoporum,
1297 4526 1466 4593 clericorum,
1495 4542 1543 4582 seu
1572 4526 1702 4583 luicomm
1716 4527 1761 4582 vel

960 4613 1142 4687 quommlibet
1157 4615 1296 4670 hominum
1311 4631 1361 4672 vos
1386 4629 1434 4686 pro
1462 4614 1504 4670 his
1532 4615 1681 4686 inquietare
1694 4631 1763 4687 pre·

958 4720 1057 4782 sumat,
1083 4712 1135 4768 sub
1163 4715 1333 4768 anathemate
1363 4712 1557 4768 interdicimus.
1584 4712 1764 4769 Prohibemus

960 4802 1041 4858 etiam
1055 4818 1090 4858 ne
1105 4801 1185 4858 alicui
1199 4801 1310 4856 omnino
1325 4802 1465 4856 homiuum
1486 4801 1528 4856 ius
1542 4802 1576 4856 sit
1589 4802 1695 4872 aliquas
1709 4818 1762 4859 no-

960 4907 1007 4947 vas
1022 4891 1177 4948 exactiones
1190 4890 1341 4962 imponere,
1372 4906 1460 4962 neque
1488 4890 1522 4945 de
1542 4890 1680 4946 laboribus
1694 4907 1762 4962 quos

959 4982 1076 5054 propriis
1103 4979 1256 5052 sumptibus
1284 4980 1372 5035 colitis
1408 4980 1529 5035 decimas
1556 4996 1572 5034 a
1600 4979 1679 5037 vobis
1705 4981 1762 5036 eri·

958 5087 1034 5143 gere,
1050 5087 1096 5124 seu
1111 5077 1228 5125 vestrum
1246 5069 1441 5125 monasterium
1471 5076 1572 5126 temere
1591 5068 1758 5141 perturbare,

960 5170 1004 5227 vel
1017 5169 1079 5239 ejus
1092 5167 1275 5238 possessiones
1284 5167 1400 5234 solome,
1411 5168 1453 5222 vel
1466 5166 1570 5223 ablatas
1580 5168 1694 5223 retinere
1705 5169 1757 5223 rni-

959 5273 1052 5326 nucre,
1068 5265 1112 5312 aut
1126 5257 1186 5312 aliis
1200 5256 1383 5328 quibusliquet
1411 5256 1542 5312 molestiis
1571 5257 1696 5329 fatigare,
1712 5257 1760 5312 sed

958 5348 1051 5404 omnia
1065 5346 1170 5418 integra
1183 5353 1378 5402 conserventur
1391 5360 1496 5411 eorum,
1512 5360 1561 5415 pro
1576 5360 1689 5416 quorum
1704 5363 1759 5418 gu·

106 5461 208 5519 mitissa
223 5457 249 5510 in
265 5449 365 5508 allodio
379 5463 428 5502 suo
456 5445 597 5501 fundatum
626 5449 652 5499 et
677 5441 706 5496 Β.
724 5441 801 5495 Petro
816 5437 852 5494 ab
865 5438 905 5494 cis
957 5435 1115 5492 bernatione
1130 5442 1157 5491 et
1170 5434 1361 5490 sustentatione
1390 5449 1518 5490 concessa
1543 5434 1758 5492 suntontnimo-

102 5552 233 5614 oblatum,
248 5543 283 5600 ed
298 5537 453 5608 exemplum
482 5532 685 5607 predecessoris
705 5529 787 5586 nostri
802 5536 903 5584 sanctas
956 5525 999 5581 dis
1013 5524 1105 5580 usibus
1118 5523 1270 5596 protutura.
1301 5523 1374 5579 Nulli
1394 5522 1467 5579 enim
1481 5523 1594 5579 fratrum
1607 5532 1756 5580 vanorum

97 5637 241 5700 memoria
268 5627 404 5690 l’ascltalis
428 5622 573 5699 pontilicis,
602 5619 729 5695 present
751 5617 901 5690 privilegio
953 5621 1018 5687 post
1044 5614 1144 5670 laetam
1157 5612 1185 5669 in
1203 5611 1301 5669 οοᾱοιιι
1327 5613 1390 5669 loco
1413 5611 1624 5684 poleoeionem,
1651 5611 1756 5684 absum
