3772 6006
72 221 151 284 6666
351 202 354 207 ’
550 214 603 277 66
627 213 759 277 nescis
781 212 933 279 66666.
954 213 1071 278 nuuc.
1094 247 1133 260 -
1155 216 1228 278 666.
1251 217 1305 280 tv.
1694 224 1772 290 6666
1812 290 1817 303 ,

71 357 145 414 ravit
159 356 326 422 accendere,
339 367 392 410 noc
402 350 504 410 616666
514 350 686 424 popularem
697 350 892 409 litteraturam
906 352 935 421 Α
948 350 1170 425 Cernonturque
1184 352 1214 410 in
1228 352 1357 411 66166666
1383 355 1552 429 hujusmodi
1576 360 1699 421 llttertc:
1715 364 1772 423 boc

70 463 175 518 666666
190 450 235 502 666
250 444 390 517 66666666,
402 439 491 500 66661
506 441 638 497 ciborum
654 439 803 497 6111666666
817 439 893 496 6616·
947 440 1099 498 66666666
1115 442 1144 498 S.
1160 442 1329 516 Augustini,
1345 443 1511 518 llgelnodus
1533 449 1771 529 archiepiscopus
1835 472 1838 483 ·

70 539 160 605 66666,
178 533 340 606 6616666166
364 532 442 604 rigor
461 533 490 588 et
504 529 632 587 66666666
653 528 736 602 66666
759 529 893 586 66666666
946 529 1061 586 rediens
1074 547 1091 587 a
1105 530 1198 588 Roma
1216 531 1252 588 66
1277 532 1397 607 Papiam
1420 536 1493 595 6616
1513 541 1631 598 uantum
1654 541 1773 602 66166666

69 620 442 694 61666666666666.6666666
457 620 548 692 666666
561 619 639 675 66666
654 620 684 675 66
696 617 803 674 triviali
818 616 892 675 litte·
946 618 1056 690 argenti
1071 623 1100 677 et
1115 617 1222 678 1616666
1237 621 1367 679 6666166
1386 624 1699 705 ergojacetepisoopns
1714 632 1771 690 110.

70 722 168 770 ratnra
191 712 318 770 contenti
342 711 413 768 satis
428 709 577 766 habebant
588 707 614 765 66
627 707 671 765 661
686 706 783 779 quiete
798 706 892 765 vivers
947 707 1047 765 666666
1060 724 1119 766 non
1130 708 1170 765 666
1180 709 1299 767 inlsmis
1310 711 1340 768 in
1350 714 1498 786 omnibus,
1509 732 1573 773 nam
1585 719 1773 790 etjncundus

69 806 197 875 possent.
209 801 285 868 Quin
296 800 383 858 etiam
395 800 522 857 moriens
532 813 591 854 non
607 796 685 869 6666
701 795 891 854 Cestramsed
947 796 1056 854 dicitur
1068 802 1099 855 66
1112 797 1245 871 66666166,
1256 807 1284 856 66
1295 817 1464 872 magnarum
1475 807 1553 878 6666
1569 806 1692 866 Liceield
1703 810 1772 867 666·

70 892 147 965 6666
172 892 367 950 Coventreiam
388 907 419 948 66
436 887 609 947 666616666
625 886 660 944 666
676 886 821 960 66666666,
838 902 893 945 666
947 884 1112 943 1166166666
1124 885 1277 944 inchoator
1286 889 1405 947 exstitit.
1416 893 1447 947 66
1460 893 1600 951 ambabus
1611 896 1773 969 porticibus

69 979 208 1053 66666666
227 980 395 1052 relinquens
421 976 641 1037 successorihus
656 992 713 1032 666
728 974 892 1032 666666666
946 973 1496 1046 (166666661666666666666666661661
1508 983 1772 1054 praecellentissimi

65 1072 118 1141 666
130 1069 327 1127 66166666666
342 1070 393 1126 666
403 1067 485 1140 qnasi
498 1065 663 1140 legitimum
678 1062 855 1121 vindicandi.
947 1063 1097 1136 conjuges,
1113 1080 1238 1136 quorum
1255 1067 1380 1125 maxime
1395 1068 1770 1147 6666666666166666,666

104 1158 529 1216 6666666666661166116666666
552 1159 747 1229 cognomento
769 1158 891 1212 Peeoam
946 1166 1014 1210 oum
1037 1151 1189 1211 thesauros
1209 1154 1308 1213 666666
1320 1155 1361 1212 666
1376 1160 1453 1216 66666
1468 1161 1676 1234 congessisset,
1686 1164 1769 1236 jnm·

67 1246 387 1320 exoapellallenriciod
398 1246 599 1318 episcopatum
612 1242 890 1315 datus,sixitpaucis
942 1241 1064 1315 jamque
1087 1243 1230 1301 moritura
1244 1243 1387 1303 circulum
1402 1263 1595 1318 gemmarum,
1613 1268 1702 1325 quem
1718 1252 1766 1312 illo

66 1337 153 1394 66666
163 1342 192 1394 66
202 1336 310 1393 ibidum
320 1335 454 1408 66666666
465 1339 519 1405 666,
531 1332 750 1406 predecessoris
759 1332 808 1389 sui
818 1348 890 1403 quo·
945 1331 1086 1399 insuerat,
1096 1331 1320 1405 utringulsrum
1332 1339 1468 1393 66666666
1480 1337 1613 1411 66666166
1623 1343 1770 1400 orationes

66 1426 101 1481 66
117 1426 188 1481 vixit
202 1426 306 1483 sedulo
322 1424 477 1481 emulatus
491 1423 626 1496 vestigia.
944 1419 1087 1494 incipiens
1103 1437 1260 1479 numerum
1277 1439 1334 1479 non
1352 1426 1598 1500 66666666666666;
1609 1429 1686 1488 6666
1701 1445 1770 1504 ergo

101 1519 184 1571 Nunc
199 1522 243 1573 est
257 1515 296 1572 ibi
312 1518 443 1588 Rogerus
456 1512 610 1585 episeopus
620 1526 655 1568 ex
666 1511 743 1569 6666
756 1509 888 1583 ejusdem
944 1525 1127 1579 gemmarum
1139 1511 1282 1569 circulum
1297 1512 1372 1571 coilo
1386 1514 1527 1588 imaginis
1548 1524 1656 1577 sanctos
1670 1520 1766 1578 Mario

66 1607 141 1678 regis
156 1621 245 1677 66666
264 1604 417 1677 cujusdam
441 1602 563 1660 Galiridi
577 1601 613 1659 66
627 1601 771 1669 clintone,
788 1599 888 1673 magni
943 1599 1069 1673 appendi
1081 1600 1181 1672 666666.
1197 1601 1254 1658 Sed
1270 1618 1359 1675 quom
1373 1606 1565 1677 pretiosarum
1581 1612 1667 1680 66666
1681 1625 1767 1682 gem·

64 1696 210 1768 qnondam
236 1696 266 1752 in
287 1695 391 1766 Augila
413 1693 551 1751 nominis.
568 1691 743 1750 Govontreirs
758 1690 885 1748 6666666
941 1690 1079 1746 murum?
1093 1689 1221 1762 66616666
1236 1708 1253 1747 6
1267 1693 1367 1763 666666
1382 1698 1501 1752 666666
1523 1696 1628 1754 666666
1651 1698 1766 1772 argenti

64 1784 214 1842 66666666
226 1782 884 1858 magniilugustinithecainclusumargentea.
941 1779 1137 1837 estimantur.

807 1911 1024 1930 ῃ

597 2009 643 2068 ot
660 2007 841 2068 RPlSGOPlS
862 2005 1231 2067 teuccesTltnltsleus

98 2141 268 2214 Legeeestra
290 2146 335 2199 est
358 2139 459 2198 civitas
481 2138 602 2211 antiquo
617 2139 647 2195 in
663 2135 885 2196 mediterraneis
975 2140 1070 2206 Totta,
1086 2137 1243 2208 66666666,
1263 2140 1400 2212 Unwinc,
1416 2142 1614 2217 werenberth,
1630 2144 1764 2220 Bothum,

61 2231 183 2303 anglie,
203 2247 220 2286 6
241 2231 329 2303 Legna
353 2229 440 2286 tluvic
464 2228 676 2302 praeterfluente
698 2226 741 2286 616
765 2232 883 2296 6666666
939 2226 1057 2295 616666,
1074 2225 1765 2310 (161666,66661666616666666666666666661

60 2321 144 2391 cujus
157 2319 361 2392 episcoporum
375 2318 496 2375 nomina
511 2317 607 2374 sulum
623 2331 740 2389 ponam,
756 2315 833 2389 qnod
848 2315 885 2373 de
939 2315 1093 2388 coniunxit
1102 2317 1287 2391 episcopatus
1298 2319 1527 2382 Lindislcrorom
1540 2325 1589 2397 qui
1601 2340 1680 2383 nuno
1690 2325 1764 2384 diei·

60 2408 133 2481 66666
147 2409 220 2466 nihil
236 2409 315 2467 61166
330 2410 365 2467 66
382 2424 436 2467 666
451 2407 591 2466 6666616.
939 2409 987 2462 tur
1002 2404 1217 2465 6166616666666
1232 2414 1261 2466 66
1276 2408 1553 2483 legecestrensium.

362 2632 407 2690 66
426 2629 605 2690 66166666
623 2591 1010 2687 66666666666666666
1029 2627 1112 2687 6666
1132 2631 1458 2694 6666666666666.

94 2757 293 2818 Dorcecestria
308 2756 480 2816 6666661666
496 2772 570 2830 pago
585 2752 805 2827 oxenfordensi,
822 2755 883 2811 exi·
938 2757 998 2812 6666
1013 2755 1334 2832 666666611666666666
1348 2764 1414 2818 acta
1427 2761 1604 2837 6666666666
1619 2770 1764 2841 apparatu
1815 2816 1820 2829 .
1860 2748 1863 2757 ¹

57 2849 95 2906 lis
122 2853 151 2906 et
178 2849 371 2922 infrequens:
397 2849 537 2921 majestas
564 2852 661 2906 tamen
689 2844 883 2904 ecclesiarum
938 2844 1763 2924 consecrationissueLindocolniampridieiuturadedl·

59 2954 176 3011 magna,
192 2955 242 2995 666
259 2939 347 2996 666666
362 2953 462 3011 66666,
478 2953 529 2994 666
547 2935 703 2994 sedulitate
718 2951 801 2993 nova.
937 2932 1061 2991 untionis
1075 2933 1276 2994 emulaillum
1288 2954 1367 2997 mors
1378 2939 1468 2997 666666
1479 2941 1596 3014 6666666
1606 2944 1762 3002 subtraxit.

94 3027 136 3084 166
152 3033 215 3098 post
229 3028 398 3086 lledhedum
414 3027 444 3083 hi
456 3027 575 3084 luerunt
589 3024 733 3098 episcopi:
744 3023 883 3097 ilpelpine
937 3022 1009 3079 Nam
1021 3027 1049 3080 61
1059 3024 1237 3095 magnanimi
1247 3025 1302 3082 viri
1313 3029 1429 3087 6666666
1440 3045 1540 3088 omnes
1550 3032 1681 3105 undique
1690 3050 1763 3108 pon·

57 3112 881 3192 [6666616666666666661666666,Α16666[6661661166
937 3110 1030 3169 6661666
1053 3111 1165 3185 666666
1189 3113 1316 3171 edictum
1340 3116 1597 3177 asciscerentur
1620 3121 1765 3179 Rubenius

58 3205 168 3270 Alduli,
184 3204 308 3274 tlelnull,
324 3205 418 3273 Eduli,
435 3204 597 3275 Brictbred,
612 3203 747 3261 Leovine.
770 3203 820 3258 llic
838 3204 882 3259 est
936 3200 1159 3260 llereiordeosis
1175 3203 1270 3260 666166
1285 3203 1436 3275 abnuerat,
1447 3210 1476 3263 et
1490 3213 1569 3265 certa
1582 3208 1764 3281 inspectione

58 3294 119 3360 6116,
131 3293 181 3367 qui
193 3295 296 3350 ambos
305 3293 659 3365 conjunxitepisoopatus.
669 3291 785 3360 Elinod,
797 3289 882 3364 lisupi
936 3290 1065 3348 siderum
1076 3291 1289 3350 dedicationem
1300 3297 1431 3369 tempore
1442 3296 1567 3371 Remigii
1578 3314 1636 3356 non
1647 3314 1764 3372 proces·

58 3379 879 3455 [ot.Escwi],[illelmlldnod,EthewericlldnodWluin,
936 3395 1036 3437 66666
1051 3379 1176 3451 viderat,
1193 3397 1246 3439 nec
1260 3385 1403 3441 tacuerat.

60 3472 209 3545 Remigius
230 3489 264 3529 ex
287 3471 429 3528 monacho
447 3471 646 3538 Riscaunensi,
660 3470 709 3542 qui
736 3469 880 3527 wilielmo
971 3470 1761 3552 Tnnoergoremdilutamsuccessorelusnongraviter
1874 3532 1879 3557 ,

58 3564 156 3623 666161
173 3565 407 3622 Normannorum
419 3561 448 3616 in
460 3561 594 3634 11661666
604 3560 729 3617 66666666
742 3559 881 3617 auxilium
935 3556 1072 3631 explevit,
1083 3563 1182 3632 666666
1197 3561 1287 3633 quiin
1299 3561 1540 3623 laborcsclterius
1555 3565 1698 3626 delicatus
1712 3569 1760 3627 ln·

58 3657 89 3712 in
105 3655 205 3711 661666
221 3653 356 3725 prebuit,
370 3651 571 3724 episcopatum
587 3651 612 3707 si
628 3651 753 3706 vinceret
772 3653 881 3722 pnctus.
936 3652 1050 3716 trasset,
1075 3647 1218 3706 Robertus
1244 3649 1325 3708 Bloet
1353 3652 1467 3709 bomini
1495 3670 1612 3727 nomen,
1633 3656 1703 3713 vixit
1730 3657 1761 3714 in

60 3746 116 3800 Nec
131 3743 186 3799 init
200 3741 378 3798 Willielmus
393 3741 511 3813 segnior
526 3740 554 3795 in
570 3739 667 3795 dando
677 3755 766 3811 quam
783 3737 883 3794 Remi·
935 3736 1104 3811 episcopatu
1120 3739 1205 3794 annis
1220 3739 1306 3807 paulo
1322 3739 1421 3798 minus
1435 3759 1491 3798 xxx
1503 3743 1637 3801 discessit
1659 3745 1763 3817 procul

59 3833 127 3906 gius
151 3832 181 3889 in
201 3830 379 3903 accipiendo.
404 3833 474 3886 Gom
499 3845 565 3885 666
589 3828 668 3884 6666
691 3827 770 3883 6166.
796 3844 881 3899 6666,
936 3827 1006 3885 6666
1020 3827 1098 3898 6666
1117 3826 1299 3895 Doudilocke,
1316 3828 1376 3896 ubi,
1390 3845 1458 3887 cum
1484 3830 1562 3904 regio
1584 3831 1669 3889 lateri
1692 3848 1760 3891 cum

61 3927 94 3979 66
114 3923 175 3994 jum
200 3922 271 3989 dixi,
296 3919 471 3978 convicisset
494 3924 522 3976 et
546 3917 757 3990 adjudicasset,
780 3922 882 3990 rogatu
937 3916 994 3975 clio
1005 3916 1132 3989 quodam
1143 3916 1281 3991 episcopo
1291 3917 1483 3991 adequitaret,
1495 3921 1593 3978 666666
1604 3922 1763 3982 166666666·
1878 3918 1881 3929 “

59 4017 158 4068 tumen
174 4007 549 4082 6666666666666666166666
564 4007 667 4065 honori
683 4005 883 4065 6666166661116
936 4013 1039 4079 ceptus
1054 4007 1315 4064 666616666666616
1330 4008 1393 4066 6666
1408 4008 1521 4079 6116666,
1537 4018 1564 4067 66
1577 4028 1681 4083 66666
1696 4029 1767 4087 666·
1861 4036 1867 4055 =

60 4101 165 4173 666666
176 4099 261 4156 66666
272 4099 386 4171 egregia
394 4097 473 4170 apud
483 4097 702 4154 666166666666
717 4095 883 4167 meditatus,
936 4096 995 4154 vis:
1007 4094 1510 4169 negotiorumscientiasoecolarium
1521 4098 1763 4172 nuillseonndcs,

58 4195 87 4247 66
98 4190 195 4262 aliqua
207 4188 300 4245 lacere
311 4188 473 4259 ingressus,
486 4186 645 4244 novissime
654 4202 755 4242 66666
767 4201 883 4242 omnem
935 4183 1200 4242 ecclesicstioorum
1218 4202 1275 4243 non
1292 4187 1342 4259 itu,
1357 4187 1511 4245 ecclesium
1525 4189 1572 4246 oui
1587 4190 1662 4248 sedit
1674 4206 1763 4249 orna-

58 4385 92 4425 ex
101 4365 629 4441 populosioribusilnglie,emporium
641 4365 794 4422 hominum
807 4371 883 4422 66666
936 4368 1147 4434 exenteratum,
1172 4380 1208 4422 no
1232 4366 1315 4424 666616
1340 4367 1492 4425 nidoribus
1514 4368 1630 4427 vitiaret
1652 4385 1761 4439 aerem,

58 4457 192 4527 marique
206 4456 397 4512 venientium.
409 4454 450 4509 lbi
467 4453 616 4524 Remigius
631 4452 660 4509 in
676 4454 815 4511 bonorem
831 4456 884 4510 do-
939 4454 1671 4532 viscerallgnesbum,reliquebindocolniesepulta
1681 4462 1761 4518 6666.

59 4546 144 4602 minc
160 4545 260 4601 matris
277 4542 427 4598 16666666
442 4540 596 4598 ecclesiam
617 4541 765 4599 canonicis
781 4541 883 4599 multis
935 4543 1764 4621 161666666666166666666866166666661666666666·
1841 4556 1846 4567 ’

58 4634 199 4704 implevit,
215 4636 243 4689 et
260 4632 331 4703 ipsis
347 4631 512 4688 litterarum
534 4629 657 4687 scientia
670 4635 700 4687 66
717 4629 882 4688 6166116666
934 4633 1017 4690 6666
1029 4632 1212 4704 6166666666.
1222 4632 1329 4691 Notum
1340 4640 1491 4693 66666666
1504 4636 1763 4711 666666666666-

60 4720 220 4788 6111666616,
236 4737 310 4790 cuns
324 4735 358 4776 en
374 4736 426 4777 suo
442 4723 597 4787 coemerat,
608 4718 816 4787 eminentibus,
827 4736 882 4776 666·
935 4719 1246 4779 6666666661166666
1257 4724 1760 4796 6661666666666,66666666166666.

58 4814 180 4871 666166
191 4810 485 4883 monachorumapud
495 4815 627 4868 sanctam
636 4809 756 4867 1166666
766 4812 801 4868 66
811 4811 881 4868 Stou
935 4810 1079 4882 Denique,
1094 4826 1163 4866 cum
1179 4812 1325 4883 preterito
1341 4829 1418 4870 anno
1433 4814 1555 4887 quidam
1572 4829 1674 4871 eorum
1687 4814 1763 4872 ado-

57 4919 91 4959 66
113 4917 187 4960 6666
213 4901 299 4958 iecit:
316 4900 440 4957 alterum
466 4900 543 4972 apud
568 4897 709 4956 ilardensi
733 4915 769 4955 ex
791 4900 881 4957 veteri
934 4898 1762 4974 leecensdecumberct‚conspicatnsesteamsibianxllio

57 4994 153 5049 lavore
168 5008 221 5049 sno
237 4990 395 5048 innovavit.
410 4989 490 5055 Quod
505 5005 538 5047 eo
550 4988 710 5062 jucundius
725 4991 798 5058 erat,
814 4988 882 5060 quia
935 4989 1137 5047 adventantem
1160 4990 1262 5048 turbas
1286 4991 1453 5050 demonum
1478 4991 1529 5065 qui
1554 4996 1761 5060 convenerant,
1803 5037 1806 5041 .

57 5076 881 5154 ipseproaxiguitatecorporispeneportentumbominis
936 5078 1074 5149 61166666.
1091 5078 1168 5144 Quos
1190 5077 1239 5136 ille
1262 5079 1352 5153 digito
1375 5081 1566 5153 presentlbus
1590 5080 1758 5151 ostendens,

56 5170 218 5232 videbatur.
230 5169 397 5227 1666666166
406 5168 543 5226 excellere
553 5176 579 5224 et
590 5164 660 5224 ioris
676 5165 805 5224 eminere
818 5165 880 5224 666·
935 5167 1093 5223 benedicta
1109 5183 1192 5239 aque
1203 5168 1357 5242 aspergine
1370 5170 1489 5242 rogabat
1499 5169 1588 5243 abigi.
1599 5167 1646 5227 llll
1656 5184 1691 5227 ex
1702 5186 1763 5228 cna

56 5275 135 5329 mus,
152 5263 283 5333 eratque.
935 5260 1016 5329 parte
1026 5255 1200 5329 6666616661,
1212 5256 1313 5315 statim
1323 5257 1392 5315 61161
1403 5258 1761 5332 666666611666666666,

164 5347 275 5404 Grotior
289 5351 390 5420 666666
405 5348 516 5407 ueniens
531 5362 546 5404 6
561 5361 671 5419 corpore
685 5346 775 5403 666666
934 5344 1044 5419 6666666
1070 5344 1257 5418 imperatrice
1280 5346 1461 5419 adveniente,
1482 5363 1584 5407 omnes
1606 5364 1763 5408 evanuere.

91 5437 182 5503 Quem
197 5436 261 5493 ideo
276 5445 378 5495 666666
388 5437 566 5511 6666666666
577 5435 701 5506 6666666,
713 5439 746 5493 66
757 5435 882 5494 66166666
932 5434 1006 5491 'lum
1022 5441 1147 5507 egrotus
1164 5450 1284 5506 prorsus
1299 5436 1383 5508 quasi
1398 5435 1555 5496 incolumis
1571 5453 1676 5496 canora
1692 5453 1759 5496 voce

56 5526 260 5585 beatissimum
275 5524 426 5600 ingenium
441 5527 471 5583 in
482 5525 647 5584 miserrimo
662 5540 780 5600 corpore
795 5523 879 5583 6666·
932 5523 1149 5600 responsorium
1163 5523 1283 5599 incoepit
1294 5541 1301 5581 :
1313 5524 1415 5599 Gaude,
1422 5526 1513 5587 llario
1525 5528 1615 5600 l'irpo.
1626 5527 1758 5602 Cumque
