3750 6000
179 224 295 284 GESTA
314 223 438 284 ababli
459 223 665 279 ,laetentur
688 252 718 263 -—
741 222 808 274 lats.
831 222 880 278 tlt.
900 251 935 262 -·
951 220 997 275 Dii
1017 222 1103 277 abt.
1124 222 1289 284 NORMAN.
1493 226 1561 279 tata

84 350 150 406 illud
180 348 293 405 terribili
323 348 441 420 quodam
470 356 585 404 occentu
615 345 802 416 perse-Aue
823 360 964 401 urnacuno
989 360 1063 408 Quen
1083 360 1190 400 acerurr
1210 361 1238 399 ra·
1259 361 1395 400 runnansr
1413 362 1558 403 coeuoaro.

70 456 85 492 ¹·
117 438 293 509 Quapropter
320 452 334 490 ⁸
364 435 474 491 ftmttiiss
507 436 579 491 ulit&
608 435 715 503 jacium
804 442 896 514 2293.
927 442 982 499 Sed
1003 441 1064 515 quia
1088 439 1222 497 Fuldensc
1245 443 1402 498 caenobium
1425 443 1565 499 nominari

70 545 76 582 t
103 528 220 600 peltcut
241 534 395 598 pffltttlub
421 541 472 582 ¹¹00
491 525 533 581 ⁸30
559 522 716 579 'loitsslitm
771 532 839 600 (ast,
856 530 945 588 dicam
962 531 1038 602 quod
1058 529 1162 587 ibidem
1181 531 1316 587 accidisse
1335 530 1379 587 vir
1399 531 1567 590 reverendus

73 617 170 673 utinno
183 616 256 672 enirn
271 622 346 670 tanta
357 615 396 668 vis
411 615 529 669 murium
545 621 626 686 ponto
641 611 719 667 inun-
771 619 837 674 mitri
863 607 945 673 471
974 619 1106 690 narrarit,
1131 618 1290 676 walkerius
1317 619 1393 692 prior
1415 620 1567 689 malverni,

70 721 187 763 marmor
209 704 296 776 paleis
320 711 486 760 constratum
516 704 636 773 jurares.
665 698 720 756 Sed
774 704 853 774 cuius
867 704 959 761 rerbis
969 704 1015 776 qui
1030 719 1086 760 non
1102 704 1197 772 credit,
1213 703 1338 774 iujuriam
1352 704 1478 779 religioni
1494 705 1568 762 facit.

70 794 186 850 tabulata
200 794 278 848 navis
291 793 478 858 corroderent,
504 799 530 847 et
545 789 720 863 naufragium
778 816 789 840 ι·
805 794 866 849 Non
890 793 952 866 (sit)
973 793 1119 866 plusquam
1138 791 1292 864 quindecim
1317 795 1382 849 anni
1411 803 1473 850 sunt
1497 794 1572 868 quod

70 901 102 938 un
114 900 184 954 aqua
203 899 253 955 per
266 883 377 936 rimulas
392 881 551 954 ingrediens
561 878 720 945 minaretur,
775 882 803 936 in
817 883 917 938 eodem
930 882 991 939 loco
1010 880 1130 938 exitialis
1144 883 1202 937 lues
1215 890 1342 957 grassata
1355 880 1431 956 prius
1443 882 1571 940 abbatem

70 988 206 1044 tpuppem
227 972 261 1026 ad
282 971 357 1025 littus
377 977 548 1040 retorquent.
567 970 724 1024 Terrorem
776 971 917 1042 corripuit,
939 984 1006 1028 mox
1028 970 1127 1027 multos
1147 973 1342 1028 monachorum
1366 971 1490 1028 extinxit.
1518 973 1573 1029 Su·

83 1062 165 1132 juxta
187 1060 306 1116 carinam
337 1059 537 1131 annavigantia,
573 1057 666 1130 pn'ora
689 1054 725 1110 ad
777 1060 902 1131 perstites
923 1059 1010 1131 pn'mo
1034 1060 1149 1132 quisque
1173 1059 1227 1115 sibi
1251 1060 1357 1129 timere,
1385 1061 1527 1118 orationes
1548 1069 1576 1118 et

70 1151 233 1218 erveniunt3
258 1149 295 1203 itn
319 1148 405 1203 miser
416 1149 462 1203 ille
480 1148 507 1202 in
522 1146 628 1202 aridam
638 1159 724 1215 enpo=
777 1148 968 1219 eleemosynas
986 1148 1119 1221 largiores
1143 1145 1233 1204 faeere
1253 1164 1259 1204 :
1282 1149 1331 1205 sed
1350 1165 1479 1221 processu
1502 1157 1575 1207 tem·

70 1255 140 1312 aque
152 1246 224 1295 totus
240 1238 412 1307 dilaceratus,
429 1237 593 1293 horrendem
608 1233 725 1291 mnrium
780 1237 862 1308 poris,
887 1243 917 1291 ut
930 1244 972 1292 est
985 1236 1106 1292 omnium
1121 1245 1219 1293 natura
1232 1236 1382 1310 bominum,
1398 1238 1574 1313 pedetentim,

70 1329 172 1401 :pluvit
780 1332 853 1382 rnatu
873 1326 993 1397 dempto,
1009 1326 1154 1395 omitters;
1176 1324 1333 1382 cellerarius
1351 1327 1513 1401 presertim,
1531 1329 1577 1401 qui

469 1457 615 1498 mmm
633 1456 727 1497 „unes
780 1416 870 1487 palam
895 1422 922 1470 et
943 1413 1056 1471 ridicule
1079 1414 1232 1471 clamitaret
1251 1429 1307 1472 non
1331 1431 1412 1488 posse
1427 1432 1525 1490 penum
1541 1425 1579 1475 tot

781 1504 910 1576 expensis
926 1502 1074 1567 suffectu
1100 1519 1224 1575 sperasse
1238 1518 1267 1560 se
1282 1520 1370 1577 nuper
1385 1506 1495 1578 aliquod
1510 1507 1580 1563 alle·

782 1595 956 1663 elementum,
975 1608 1028 1665 pro
1039 1598 1076 1648 tot
1092 1592 1254 1649 elationibus
1264 1590 1410 1663 funerum;
1427 1595 1493 1651 nihil
1508 1595 1580 1651 ultra

741 1683 840 1764 Bspei
855 1698 925 1749 esse,
949 1681 973 1737 si
996 1682 1068 1754 quod
1090 1681 1146 1737 riri
1168 1680 1335 1755 nequissent,
1360 1684 1460 1740 mortui
1481 1700 1580 1740 consu-

781 1779 894 1827 merent.
918 1773 1014 1842 ltaque
1027 1786 1089 1826 cum
1108 1771 1227 1843 quadarn
1253 1779 1336 1829 nocte
1351 1787 1399 1845 pro
1414 1788 1443 1830 re
1458 1789 1583 1832 necessa·

779 1861 818 1914 ria
838 1874 964 1931 soporem
984 1860 1031 1914 diu
1056 1858 1211 1925 distulisset,
1237 1861 1345 1917 tandem
1361 1860 1507 1933 elaqueatis
1522 1879 1583 1919 mo·

782 1963 872 2003 rarum
888 1948 990 2005 retibus
1005 1949 1032 2002 in
1047 1948 1237 2005 dormitorium
1249 1951 1291 2006 ire
1303 1951 1452 2024 pergebat;
1469 1959 1494 2007 ct
1509 1967 1583 2020 ecce,

784 2054 842 2093 rem
859 2038 1106 2092 miramauditurus
1123 2054 1162 2105 cs,
1178 2038 1251 2095 ridet
1269 2040 1296 2094 iu
1312 2041 1431 2111 capitulo
1445 2041 1583 2108 abbatem,

70 1463 98 1503 ΞΜ
118 1460 287 1501 montanas
311 1461 450 1500 ttottmct's

226 1549 421 1590 CONBINGANT.

77 1652 142 1708 Ideo
166 1651 256 1706 minus
277 1650 331 1706 hoc
347 1651 443 1705 mirum
457 1649 562 1721 judico,
579 1648 641 1721 quia
665 1664 727 1704 ecr-

78 1742 105 1796 iu
126 1740 252 1797 Asiaticis
270 1740 428 1812 regionibus
461 1739 484 1794 si
506 1738 650 1810 leopardus
672 1738 725 1793 ali·

71 1830 163 1886 rdlous
175 1829 306 1901 attigerit,
327 1827 471 1883 confestim
486 1828 606 1883 murium
618 1825 725 1898 copiam

70 1939 85 1986 r,
108 1929 136 1975 ut
150 1919 322 1974 vulneratum
338 1919 535 1989 commingant,
558 1915 726 1971 immundum

70 2008 177 2064 furium
213 2006 335 2063 comitari
371 2006 488 2062 bominis
523 2004 660 2067 exitium;
686 2002 728 2057 sin

70 2097 156 2153 nlitate
172 2096 320 2153 arcentium
336 2096 523 2150 ministrorum
544 2095 616 2148 iutra
629 2107 728 2148 novem

70 2195 93 2242 ta
121 2185 204 2241 fuerit
232 2185 377 2255 pernicies,
404 2183 531 2239 advocari
561 2182 729 2237 medicorum

70 2290 91 2331 n
109 2274 234 2347 profecto
257 2274 411 2330 valituram.
424 2271 603 2342 conspicatus
626 2277 668 2325 est
684 2285 729 2325 re·

70 2367 249 2436 rsquemdam
260 2362 399 2433 ejusmodi
414 2359 548 2426 saucium,
566 2374 625 2414 cum
637 2357 730 2428 elespe

73 2470 136 2510 erra
151 2453 275 2521 salntem,
288 2453 314 2506 in
331 2451 412 2506 altum
426 2449 508 2521 jactis
523 2448 651 2505 anchoris
665 2462 730 2519 pro·

87 2557 140 2599 nee
154 2557 241 2609 mora,
259 2541 352 2612 plures
366 2540 414 2596 illo
429 2539 486 2608 (91)
501 2551 592 2593 mures
602 2551 729 2602 annasse,

70 2631 235 2688 amalorum
258 2638 436 2703 granatorum
461 2643 576 2701 quorum
598 2624 732 2682 medullas

70 2730 75 2776 t
95 2720 228 2789 inclusos,
253 2718 378 2773 mirabile
394 2718 476 2785 dictu,
500 2716 549 2772 sed
564 2716 731 2785 obstrepen-

70 2811 104 2866 tia
117 2809 273 2864 demersos.
287 2808 362 2861 rtttnt
376 2791 462 2859 470
479 2806 552 2861 enirn
569 2805 616 2860 ille
630 2805 735 2859 terens

69 2906 156 2955 eatam
174 2895 425 2969 destiteritingenio,
443 2894 507 2950 nibil
524 2910 605 2967 porro
618 2892 731 2948 noxium

784 2135 809 2181 et
823 2142 921 2181 omnes
937 2126 982 2197 qui
995 2126 1120 2182 obierant
1135 2127 1180 2182 lllo
1198 2142 1279 2194 anno,
1296 2143 1329 2184 eo
1345 2144 1397 2200 quo
1413 2138 1585 2186 excesserunt

783 2215 879 2271 ordine
893 2215 996 2271 sedere.
1013 2213 1141 2271 Timidus
1158 2226 1185 2271 et
1206 2214 1327 2288 effugere
1352 2218 1483 2291 gestiens,
1498 2218 1525 2274 ri
1539 2233 1586 2275 re-

784 2313 887 2360 tractus
913 2313 980 2368 est;
1012 2304 1169 2376 increpitus,
1199 2312 1227 2361 et
1252 2307 1402 2362 monastiea
1429 2322 1506 2363 more
1534 2306 1586 2363 fs-

785 2393 865 2465 gellis
894 2393 1037 2460 coercitus,
1074 2394 1176 2450 audivit
1213 2395 1297 2450 rerba
1324 2395 1430 2451 abbatis
1464 2397 1491 2450 in
1523 2398 1593 2452 baua

785 2482 898 2537 omnino
914 2483 1091 2548 seutentiam,
1118 2483 1236 2540 Stultum
1253 2500 1313 2540 esse
1335 2485 1370 2540 de
1384 2485 1495 2540 alterius
1509 2493 1595 2541 morte

785 2569 969 2626 emolumento
984 2571 1107 2639 anlriare,
1128 2588 1189 2628 cum
1207 2588 1266 2627 sors
1277 2575 1409 2644 cujusque
1424 2573 1475 2629 sub
1489 2572 1587 2630 eodem

787 2658 907 2730 pendeat
923 2659 997 2722 fsto;
1020 2660 1133 2732 impium
1147 2676 1219 2731 esse,
1234 2675 1293 2717 cnm
1314 2663 1465 2720 monachus
1481 2679 1598 2722 omnam

787 2749 870 2803 vitam
886 2748 913 2803 in
925 2749 1050 2806 eeclesiae
1065 2764 1185 2806 censum
1198 2750 1285 2823 pserit
1303 2750 1448 2824 obsequio,
1464 2754 1503 2808 ub
1520 2767 1601 2812 cares

788 2831 867 2888 urrius
889 2833 988 2889 saltem
1017 2833 1081 2888 unni
1107 2842 1169 2904 poet
1191 2843 1307 2892 mortem
1330 2837 1497 2908 stipendio:
1519 2838 1596 2894 illm

104 2987 110 2999 1
785 2922 929 2979 citissime
947 2923 1092 2992 abiturum,
1115 2923 1163 2977 sed
1180 2923 1311 2995 quicquid
1333 2926 1382 2996 pr‘o
1397 2939 1433 2981 eo
1448 2920 1537 2992 fleret,
1562 2926 1599 2983 ad

70 2987 143 3045 2³¹⁰·
786 3012 902 3067 aliorum
917 3011 1015 3084 quibus
1024 3011 1171 3067 abstulerat
1182 3012 1381 3070 refundendum
1392 3015 1567 3074 commodum
1584 3027 1591 3073 t

746 3059 772 3122 C

169 3136 206 3176 Β,
226 3136 381 3177 mmm
400 3135 497 3176 scopo,
788 3101 842 3158 iret
860 3100 952 3168 modo,
969 3108 996 3157 et
1009 3100 1079 3158 alios
1093 3101 1244 3175 corrigeret
1257 3101 1400 3174 exemplo,
1418 3120 1487 3175 quos
1501 3119 1592 3163 norru-

790 3189 984 3262 perntverbo.
1015 3190 1167 3254 anitium
1196 3191 1348 3248 etnibilse
1363 3207 1462 3249 nanum
1478 3195 1588 3263 vidisse,

790 3289 845 3336 tam
874 3280 1030 3338 recentibus
1059 3279 1151 3354 plagis
1173 3295 1253 3352 quam
1282 3281 1410 3354 monimo
1435 3282 1478 3339 sul
1506 3281 1593 3353 obitu,

791 3369 966 3425 monstrarit.
989 3392 1001 3418 u

824 3457 925 3533 gast.
956 3459 1075 3525 Interea,
1099 3458 1165 3515 dum
1187 3457 1240 3517 alia
1262 3460 1380 3533 winus,
1403 3461 1517 3534 irrepsit
1532 3478 1594 3521 nan·

790 3547 869 3614 teris,
895 3555 921 3604 et
937 3548 1061 3606 nonnus
1080 3549 1205 3617 accessit,
1230 3558 1262 3606 ut
1284 3551 1351 3622 quid
1371 3559 1493 3625 tempora
1516 3552 1593 3610 Wil-

70 3680 204 3754 ,yclomm
221 3680 343 3751 Dionysii
354 3679 446 3754 exigui
460 3678 518 3748 494)
529 3678 564 3732 ab
577 3675 737 3748 evangelica
791 3636 867 3692 lebni
881 3635 957 3709 regin
969 3635 1110 3692 definitum
1125 3638 1161 3692 sit
1179 3638 1215 3694 de
1229 3641 1419 3696 controversia
1433 3654 1494 3713 quaa
1504 3641 1593 3699 adbuc

70 3770 265 3843 deprehensum
291 3769 394 3841 tuqus,
415 3767 539 3824 turnino
553 3764 638 3824 ecurt
652 3780 738 3821 snos
791 3725 861 3779 iffi
882 3723 1102 3796 militnm
1120 3723 1340 3826 caunensium
1360 3737 1387 3786 et
1407 3714 1491 3782 4⁷2
1519 3728 1591 3788 stc

714 3853 719 3864 ·
792 3827 936 3869 racensem
954 3815 1101 3879 volutatur,
1139 3812 1303 3872 describam.
1340 3818 1380 3873 be
1408 3835 1461 3888 qua
1488 3834 1529 3885 re,
1561 3828 1593 3876 ut

83 3876 241 3926 recensens,
257 3857 355 3932 viginti
373 3858 442 3913 duos
460 3872 547 3913 annes
566 3855 612 3928 qui
629 3854 737 3913 eircubs
949 3902 955 3914 ,
1099 3903 1104 3913 ,
1172 3902 1177 3913 ,
1222 3904 1228 3915 ι
1354 3907 1360 3916 ,
1402 3906 1408 3919 ·

70 3967 76 4004 r
104 3950 218 4005 deerant
251 3947 448 4019 superaddidit,
480 3947 528 4002 sed
559 3960 664 4017 panem
690 3951 738 4000 ant
793 3904 874 4004 ΡΨ
897 3911 988 3960 ”⁰⁰⁰¹
1004 3910 1117 3974 men·
1133 3903 1197 3974 ΨΜ
1221 3905 1286 3961 '¹¹⁶⁶
1306 3913 1410 3980 ’ΜΠ
1424 3916 1590 3979 P‘lmteb·

70 4039 186 4095 rntentiae
205 4055 261 4093 suae
276 4045 424 4092 sectatores
436 4034 541 4091 habuit.
558 4033 648 4104 Quare
664 4047 736 4106 saepe
791 4000 1037 4065 serantapm‚

70 4129 128 4184 olco
154 4145 202 4184 cur
230 4128 312 4183 nostri
340 4126 468 4197 temporis
495 4125 593 4181 doctos
614 4125 665 4180 boe
689 4139 736 4180 re·
875 4141 951 4189 enon
968 4139 1065 4183 ouans
1083 4140 1208 4183 arpenni
1226 4142 1327 4186 ronnas
1342 4143 1504 4188 samm

77 4218 266 4281 infortunium,
298 4224 325 4271 ui
346 4215 373 4271 in
396 4223 470 4271 tento
492 4229 606 4272 flumem
627 4213 737 4270 discest-
851 4248 1071 4291 Aflfflggpqgcopo
1105 4250 1292 4294 Dggommg
1324 4253 1532 4298 gupgqfflmgg,

79 4315 133 4362 tam
148 4307 217 4360 tristi
234 4306 337 4375 pallore
352 4304 562 4369 lucubrantium,
580 4304 628 4358 vix
639 4301 737 4375 aliquis
794 4349 851 4406 Gn
905 4352 912 4363 ,

69 4395 190 4452 scientim
213 4394 320 4450 landem
341 4393 449 4448 referat.
474 4393 553 4448 Adeo
572 4393 778 4483 inveteretusD
852 4351 1478 4519 mmzpiffifflrgmignflmm
1493 4357 1587 4416 mm·

70 4491 128 4552 cet,
151 4484 220 4540 adeo
240 4482 297 4539 fere
313 4483 403 4538 nullus
420 4481 508 4547 nonis,
533 4482 595 4538 licet
608 4479 737 4552 probabi-

70 4573 157 4638 rearis,
187 4573 361 4629 serenitatem
397 4586 530 4626 assensus
564 4585 616 4642 pro
643 4569 741 4624 merito
826 4564 917 4634 ‘6²95-
938 4561 1024 4616 urus
1040 4561 1195 4617 fraternitas
1211 4563 1366 4620 nonsolnm
1381 4580 1429 4622 eos
1444 4569 1589 4643 episcopos

79 4680 86 4725 ;
114 4663 179 4717 totis
206 4661 351 4717 conatibus
379 4660 407 4713 in
434 4658 595 4714 sententiam
618 4667 740 4714 veterum
792 4664 863 4722 quot
877 4648 1056 4714 ormnararit,
1076 4664 1166 4722 neque
1191 4649 1241 4707 bos
1261 4654 1448 4712 tantummodo
1472 4659 1521 4731 qui
1540 4677 1589 4732 per

70 4765 173 4816 ,omne
188 4765 285 4806 recens
298 4747 394 4804 sordet
411 4766 417 4802 ε
434 4747 480 4812 ira,
497 4745 559 4818 quia
575 4747 649 4801 solua
664 4745 742 4802 favor
791 4737 995 4797 Eberaeensem
1011 4739 1071 4810 (97)
1088 4738 1247 4812 episeopunn
1269 4739 1367 4798 fuerint
1390 4744 1517 4813 ordinati,
1539 4749 1590 4804 red

70 4839 140 4909 enin,
169 4846 295 4895 cessante
323 4837 425 4904 favore,
459 4834 656 4908 obtorpuerunt
683 4835 742 4907 (95)
792 4827 873 4886 etiam
890 4844 989 4885 ΟΜ
1000 4828 1152 4884 Brllttffliffl
1160 4829 1326 4897 mm.
1343 4833 1591 4900 tabernacola·

793 4917 870 4975 mino
882 4925 977 4974 nortm
988 4916 1053 4974 lesu
1068 4917 1182 4984 Christo,
1202 4926 1312 4976 numere
1325 4919 1480 4992 subiectos.
1499 4948 1510 4973 t

82 3239 140 3295 snb
154 3237 207 3292 isto
220 3237 384 3308 imperatore
398 3242 531 3307 regnante
547 3231 637 3288 floruit
652 3231 734 3287 lfari·

70 3335 144 3383 notus
159 3327 226 3396 (ae),
248 3326 292 3397 qui
308 3325 395 3395 primo
413 3322 556 3381 fuldensis
570 3321 736 3387 monachus,

70 3419 77 3483 )
101 3415 174 3486 apud
198 3413 397 3485 Mogontiacum
422 3410 554 3475 inclusus,
579 3417 735 3481 contemptu

70 3503 177 3568 avitae,
201 3503 318 3575 gratiam
342 3503 441 3558 futura
463 3500 667 3556 demerebatur.
698 3498 735 3565 ls,

70 3591 113 3649 itae
136 3592 191 3649 otio
214 3590 446 3662 chronographos
469 3595 614 3654 scrutatus,
644 3586 737 3643 disto·

70 5148 154 5206 'tures
179 5150 241 5217 illo,
270 5164 294 5205 e.
316 5147 344 5204 d.
365 5164 402 5215 e..
428 5146 580 5221 plusquam
594 5144 684 5215 mille,
706 5160 741 5213 s,
828 5144 855 5213 (9
901 5139 978 5196 Potf·
999 5152 1024 5195 θ·
1040 5135 1068 5193 d·
1084 5152 1112 5194 Θ·
1132 5136 1163 5204 ia
1178 5152 1290 5206 mom·

70 5221 118 5284 rra,
133 5237 156 5275 a,
176 5221 197 5276 ι,
829 5214 874 5279 tat
911 5211 1128 5292 bumannum
1154 5210 1300 5291 egctnmm
1325 5203 1453 5287 &nupsit
1472 5218 1586 5295 catgur,

70 5291 235 5347 torinicum
250 5293 359 5348 Scalas.
381 5290 519 5345 Marianus
533 5289 632 5344 &otus
648 5289 677 5344 in
692 5287 744 5343 tti-
794 5281 929 5340 ΟΜΝ
941 5278 1071 5351 arripias
1091 5281 1283 5352 imaginariam
1296 5282 1367 5340 bane
1380 5284 1505 5361 Dionysii
1524 5309 1589 5351 ως.

70 5370 180 5417 atusest
195 5379 221 5415 a.
233 5363 264 5417 b.
282 5368 361 5417 tona.
378 5361 505 5417 (bonici
520 5360 663 5427 cujusdam
674 5359 747 5414 ceto·
794 5355 945 5412 restionem
954 5364 1070 5408 erroneo
1092 5363 1204 5420 proram
1219 5359 1292 5408 stare
1304 5352 1492 5419 fundamento.

70 5433 109 5488 nit
126 5434 225 5502 (prima
239 5434 299 5488 rice
316 5451 365 5488 an.
385 5437 455 5488 ttae
467 5434 495 5488 in
510 5433 596 5487 lucem
611 5430 690 5490 eatan
708 5429 745 5485 ab
830 5426 888 5496 (98)
905 5425 1129 5496 nanquemnt.
1142 5436 1168 5478 ⁸·
1184 5435 1210 5478 ⁸·
1228 5422 1257 5479 d·
1274 5438 1299 5480 e·
1317 5423 1348 5487 i..
1365 5430 1490 5503 torpent,
1504 5447 1532 5491 a.

70 5502 132 5559 nudi
147 5505 190 5558 -ad
216 5504 277 5567 eius
300 5522 317 5559 u
352 5520 389 5560 on
404 5513 510 5560 etatem
533 5518 571 5559 ra.
593 5505 626 5559 ll.
651 5502 742 5568 rabat,
831 5499 887 5563 l⁹⁶i
901 5495 1061 5552 domimi
1077 5508 1102 5549 Ι·
1119 5509 1142 5548 ⁸·
1159 5498 1186 5548 ἀ.
1203 5509 1230 5549 n·
1245 5494 1277 5566 l.,
1292 5499 1381 5556 semel
1394 5504 1553 5578 annotaturi,
1564 5527 1590 5566 e.

70 5574 319 5707 qrsunbffiom.
358 5591 436 5706 igin
448 5575 659 5633 tundamentum
671 5589 745 5647 pran-
830 5567 888 5640 ffb
904 5566 1115 5638 domm,
1129 5578 1192 5622 aa.
1209 5565 1236 5622 d.
1251 5566 1477 5642 salibaracse.
