3750 6000
89 195 146 251 425

687 199 865 258 EPISTOLAE
886 203 928 260 ET
947 205 1158 262 Pntvtlacta.

1693 211 1746 268 tte

89 355 119 402 et
133 347 179 402 bic
194 346 309 402 true-tum
323 346 403 404 benae
418 349 533 405 actionis
547 350 706 421 percipiant,
723 359 749 406 et
763 353 834 423 apud
848 353 891 407 di·
906 357 934 419 A
950 357 1046 424 sciens,
1062 364 1155 412 contra
1168 371 1228 412 eam
1244 365 1345 412 temere
1359 358 1450 414 venire
1464 358 1613 426 sanaverit,
1627 359 1745 416 secundo

90 436 216 492 strictum
230 435 349 506 judicem
366 438 477 508 praemia
504 447 612 493 arternae
635 440 709 509 pacis
735 440 888 520 inveniant.

88 527 188 580 Arnen.

128 623 228 678 [tatum
244 622 366 678 Laterani
383 639 432 695 per
442 640 551 678 manum
564 625 706 695 aymerici,
719 626 826 683 diaconi
837 645 894 684 car·

88 711 191 766 dinalis
203 719 231 765 et
244 711 397 766 cancellarii
429 721 528 767 sanctae
555 714 686 770 Romanae
710 716 848 786 Ecclesia,
864 733 893 772 ιιι

89 799 157 853 ldus
172 799 282 869 Aprilis,
299 800 394 855 indict.
414 815 443 869 n,
454 802 648 858 iucarnationis
664 804 813 861 Dominicae
823 823 893 861 anno

91 889 161 943 ttae
176 886 264 958 (ιιι),
282 888 451 959 pontificatus
479 891 571 946 domni
603 893 750 949 innocentii
777 911 854 965 papae
870 897 894 950 ll

86 990 167 1031 anno
184 992 214 1031 x.

416 1079 577 1135 CCCLXlX.

91 1173 279 1242 Confirmatio
301 1173 437 1231 bonorum
460 1178 629 1233 monosterii
659 1179 896 1249 prufeningensis

309 1259 520 1316 Ratirbonensis
544 1260 681 1318 dioecertr.

293 1357 381 1425 (Anno
415 1359 493 1422 trau,
520 1357 607 1427 April.
637 1361 699 1429 ιι.)

274 1453 493 1524 [(ἶοοοιιιιιιιιιιε,
518 1456 553 1522 ll,
579 1472 609 1526 p.
634 1457 715 1525 111]

127 1571 321 1625 lssocasrros
336 1571 491 1642 episcopus,
506 1587 598 1627 seruus
612 1588 755 1627 seruorum
776 1574 835 1642 llei,
851 1574 895 1628 di-

92 1657 166 1713 lecto
181 1654 239 1713 filio
255 1659 365 1714 Eanum
381 1660 601 1733 Pruseningensis
626 1663 780 1718 monasterii
804 1663 895 1719 abbati

93 1747 211 1817 ejusque
239 1748 439 1803 successorihus
465 1749 625 1821 regulariter
649 1749 843 1807 substituendis
868 1752 894 1805 in

93 1843 270 1905 perpetuum.

132 1950 210 2006 Sicut
224 1952 326 2021 injusta
341 1953 510 2024 posccetibus
528 1954 616 2009 nullus
630 1964 670 2011 est
684 1955 840 2011 tribuendus
853 1956 897 2011 es-

96 2038 196 2105 tectus,
212 2040 250 2095 ita
265 2040 386 2113 legitima
403 2041 613 2098 desiderantium
629 2060 683 2099 non
697 2052 737 2098 est
751 2043 899 2101 differenda

95 2128 203 2200 petitio.
222 2130 348 2199 Proinde,
364 2130 461 2186 dilecte
489 2132 517 2185 in
532 2132 648 2186 Domino
663 2130 701 2187 tili
717 2133 788 2189 Erbo
802 2134 896 2203 abbas,

95 2217 149 2271 tuis
164 2218 341 2289 petitionibus
356 2220 503 2275 clementer
529 2221 684 2288 annuimus,
713 2228 740 2275 ct
754 2222 897 2278 Prusenin-

95 2321 184 2379 geuse
198 2307 402 2378 monasterium,
418 2308 462 2363 cui
476 2308 533 2363 Deo
549 2316 656 2365 auctore
673 2325 788 2380 pracesse
802 2310 898 2383 (ligno-

95 2396 189 2463 sceris,
205 2395 257 2450 sub
269 2396 426 2467 apostolicae
437 2397 510 2453 sedis
519 2398 776 2469 tutelasuscipimus,
789 2407 815 2453 et
824 2416 897 2469 prm-

94 2484 181 2539 sentis
207 2485 300 2557 scripti
328 2486 430 2557 pagiua
457 2486 666 2552 communimus,
696 2494 842 2542 statuentes
870 2493 899 2540 ut

96 2588 273 2643 quascunque
287 2574 480 2645 possessiones,
497 2590 662 2645 quaecuuque
680 2574 751 2630 bona
767 2574 838 2629 idem
854 2575 897 2630 lo·

95 2676 143 2715 cus
155 2661 390 2733 inpraesentiarum
417 2664 487 2733 juste
511 2670 538 2717 et
565 2663 695 2719 canonice
709 2663 838 2734 possidet,
854 2671 899 2718 aut

95 2749 123 2803 in
140 2749 260 2804 futurum
276 2751 448 2806 concessione
465 2750 631 2822 pontificum,
647 2751 788 2824 largitione
802 2768 897 2825 regum

95 2837 139 2894 vel
152 2837 319 2911 principum,
331 2838 467 2894 oblatione
477 2837 609 2906 fidelium,
620 2855 667 2895 seu
678 2840 737 2894 aliis
748 2840 827 2910 justis
840 2856 898 2895 nro·

95 2927 148 2995 dis,
164 2928 226 2983 Deo
242 2927 369 2999 propitio,
386 2927 484 2999 poterit
498 2927 621 3001 adipisci,
638 2925 717 2983 firma
733 2927 779 2983 tibi
794 2929 898 2998 tuisque

95 3014 301 3071 successorihus
313 3023 339 3069 et
353 3015 455 3071 illibata
469 3022 658 3087 permaneant.
688 3019 717 3071 ln
733 3016 829 3087 quibus
841 3019 897 3072 trac

95 3104 216 3176 propriis
229 3104 357 3165 duximus
380 3104 555 3175 exprimenda
584 3105 744 3161 vocabulis:
774 3106 899 3163 videlicet

95 3192 174 3248 rillas
188 3209 237 3246 seu
252 3192 443 3262 possessiones,
464 3209 529 3263 quas
556 3193 718 3249 venerabilis
732 3202 822 3249 noster
835 3193 898 3249 Otto

95 3280 306 3352 hamburgensis
319 3281 462 3353 episcopus
476 3281 564 3336 eidem
595 3284 759 3338 monasterio
775 3282 896 3347 contulit,

95 3369 306 3430 Gebemebach.
342 3370 521 3432 llunnebaclr,
564 3370 714 3438 llalistorti,
749 3371 897 3435 Stainloch,

95 3458 236 3526 anehactr,
265 3456 404 3522 Obcrdoli,
420 3457 597 3531 Grassolfiug,
622 3460 899 3524 Hemburcl1,Neun·

96 3547 220 3614 kirchen,
242 3546 471 3619 Dietpurgerreut,
488 3548 646 3615 vittenreut,
668 3565 729 3603 curn
745 3548 799 3602 suis
813 3548 898 3619 perti·

96 3635 210 3690 nentiis.
231 3636 407 3691 Prohibemus
429 3636 538 3706 insuper
551 3652 586 3692 ne
600 3638 727 3708 praelatas
741 3653 793 3704 res,
810 3637 897 3692 eidem

96 3724 265 3779 monasterio
277 3723 335 3792 jam
350 3725 473 3793 collatas,
502 3725 545 3780 rel
573 3725 600 3779 in
616 3735 694 3780 antea
708 3726 896 3792 conferendas,

95 3814 230 3886 praedicto
245 3814 384 3884 episcopo,
401 3815 443 3868 rel
459 3814 537 3868 alicui
552 3830 735 3869 suceessorum
751 3814 899 3869 distrahere

94 3902 140 3956 rel
168 3901 293 3956 minuere
321 3902 409 3957 liceat.
442 3902 617 3956 Decernimus
650 3911 738 3956 autem
768 3911 806 3966 ut,
837 3903 900 3972 qnia

92 4006 273 4047 communem
289 3991 370 4046 vitam
385 3991 513 4045 ducentes
536 3991 570 4045 de
593 3991 706 4045 aliorum
722 3992 900 4062 eleemosynis

93 4088 121 4135 et
135 4076 317 4135 beneficentia
329 4079 429 4134 debent
443 4080 545 4145 vivere,
571 4096 638 4149 qrros
653 4080 768 4150 propriis
782 4080 899 4150 sumpti-

94 4169 149 4223 bus
163 4167 304 4240 colligitis,
321 4185 336 4223 a
351 4168 430 4223 vobis
445 4168 565 4223 decimas
587 4169 706 4240 exigere,
724 4169 766 4222 rel
782 4169 901 4239 recipere

94 4272 180 4313 neruo
211 4264 369 4326 presumat.
389 4257 530 4312 Saueimus
545 4257 625 4311 etiam
646 4265 674 4310 ut
688 4256 753 4312 ordo
768 4258 900 4312 monasti-

93 4362 155 4412 cus,
166 4346 215 4417 qui
227 4345 376 4401 secundum
390 4347 419 4400 B.
434 4345 568 4402 Beueffimi
594 4346 726 4417 Regulam
742 4353 769 4400 et
782 4346 899 4401 studium

948 447 1059 502 tertioue
1075 447 1248 514 commonita,
1265 446 1314 501 nisi
1329 454 1433 502 reatum
1447 463 1525 502 suum
1539 463 1659 522 congrua
1669 448 1744 505 satis·

947 535 1064 591 factione
1079 536 1235 600 correxerit,
1253 536 1392 606 potestatis
1419 536 1580 606 honorisque
1595 538 1636 591 sui
1651 538 1744 611 digni-

949 630 1002 678 tate
1017 631 1115 690 careat,
1130 640 1257 693 reamque
1285 640 1314 678 se
1343 623 1436 678 divino
1461 623 1565 694 judicio
1584 624 1698 682 existere
1711 628 1745 682 dc

949 721 1100 784 perpetrata
1113 712 1252 782 iniquitate
1265 720 1422 784 cognoseat,
1444 719 1523 783 atque
1543 714 1746 770 asseratissimo

948 816 1060 871 corpore
1088 809 1114 855 et
1142 800 1273 873 sanguine
1301 801 1410 855 Domini
1438 802 1520 857 nostri
1560 802 1622 857 lesu
1650 802 1746 857 Christi

949 888 1105 944 alienafiat.
1135 890 1332 945 conservantes
1360 898 1449 945 autom
1471 892 1539 959 haec,
1556 891 1748 962 omnipotentis

949 977 998 1032 Dei
1024 985 1051 1031 et
1076 978 1217 1033 beatorum
1243 978 1313 1031 Petri
1333 986 1360 1033 et
1375 979 1449 1033 Pauli
1478 979 1660 1051 apostolorum
1688 980 1747 1051 ejus

948 1067 1063 1136 gratiam
1076 1072 1284 1137 consequantur.
1301 1067 1397 1121 limen.

985 1165 1043 1235 Ego
1071 1164 1243 1220 Innocentius
1276 1164 1421 1220 Catholicae¹
1448 1164 1576 1223 Ecclesiae
1600 1165 1744 1238 episcopus

950 1267 989 1306 ss.

986 1349 1043 1421 Ego
1058 1349 1205 1424 Gregorius
1219 1349 1349 1408 diaconus
1360 1351 1434 1407 card.
1452 1350 1500 1407 SS.
1517 1351 1629 1424 Georgii
1644 1359 1669 1407 et
1684 1353 1747 1409 Bac-

949 1437 1001 1492 chii
1016 1455 1054 1493 ss.

986 1535 1044 1607 Ego
1060 1537 1150 1592 Petrus
1177 1537 1320 1593 cardinalis
1348 1536 1486 1610 presbyter
1511 1538 1617 1594 Sanctae
1644 1537 1748 1593 Susan-

950 1641 992 1679 nae
1007 1641 1045 1679 ss.

909 1716 936 1777 B
986 1723 1044 1794 ligo
1060 1723 1195 1780 Gerardus
1207 1725 1348 1797 presbyter
1362 1725 1438 1782 eard.
1460 1726 1498 1781 tit.
1512 1726 1541 1782 S.
1558 1725 1650 1782 Crucis
1665 1725 1691 1781 in
1706 1726 1748 1781 le·

951 1812 1067 1867 rusalem
1082 1829 1120 1867 ss.

986 1910 1044 1982 Ego
1074 1911 1158 1967 lucas
1184 1912 1325 1984 presbyter
1351 1914 1431 1970 card.
1466 1913 1506 1969 tit.
1532 1912 1582 1969 SS.
1599 1914 1709 1970 loannis
1724 1923 1750 1970 et

951 1999 1025 2053 Pauli
1040 2015 1079 2054 ss.

984 2095 1041 2167 Ego
1059 2064 1177 2151 l'assallo
1193 2095 1266 2153 diac.
1285 2099 1361 2154 card.
1389 2099 1418 2156 S.
1430 2099 1566 2155 Eustachii
1577 2098 1657 2168 juxta
1672 2107 1743 2154 tem·

952 2182 1026 2254 plum
1041 2184 1169 2256 Agrippae
1184 2201 1223 2241 ss,

987 2281 1084 2335 Datum
1100 2282 1222 2336 Laterani
1238 2298 1407 2352 permenam
1420 2284 1554 2355 hymerici
1582 2285 1655 2341 diac.
1674 2283 1749 2339 card.

951 2377 978 2424 et
993 2370 1154 2436 cancellarii,
1170 2385 1201 2424 ιιι
1216 2371 1278 2425 ldus
1305 2371 1414 2442 Aprilis,
1444 2373 1592 2430 indictione
1608 2390 1637 2445 tt,
1654 2375 1750 2428 lncar·

951 2458 1068 2513 nationis
1084 2459 1232 2514 Dominieae
1261 2475 1331 2514 anno
1362 2462 1440 2529 113⁰,
1470 2460 1640 2532 pontificatus
1659 2460 1752 2516 domni

951 2546 1099 2602 Innocentii
1114 2546 1138 2601 ll
1152 2562 1231 2619 papae
1245 2563 1316 2603 anno
1332 2565 1363 2603 x.

1005 2743 1168 2801 decertarit
1183 2745 1371 2803 dorcacensis
1380 2749 1452 2818 jara
1467 2752 1497 2803 et
1510 2752 1699 2822 possessiones

1269 2825 1432 2894 confirmet.

1170 2914 1263 2982 (Anno
1279 2917 1358 2981 1139,
1373 2915 1459 2984 April.
1477 2918 1539 2986 ιι.)

1023 2995 1227 3068 [Sarmens.
1243 2997 1352 3053 Aitolia
1365 2998 1494 3069 diplom„
1514 2999 1534 3069 l,
1550 3018 1577 3071 p.
1594 3005 1676 3073 ata]

987 3096 1178 3149 luuocasrrus
1192 3094 1343 3165 episcopus,
1359 3110 1453 3151 sersus
1467 3113 1605 3154 serrorum
1629 3101 1688 3167 Dei,
1705 3102 1751 3157 di-

952 3182 1020 3237 lecto
1034 3179 1089 3236 filio
1104 3183 1249 3236 Banrutro
1264 3182 1430 3238 llurbacensi
1446 3185 1537 3240 abbati
1562 3187 1672 3258 ejusque
1687 3206 1751 3245 suc-

951 3270 1101 3325 cessoribus
1128 3270 1287 3343 regulariter
1312 3271 1512 3344 substituendis,
1547 3274 1748 3349 inperpetuum

952 3374 1122 3415 memoriam.

988 3457 1170 3511 Sacrosanetce
1199 3456 1326 3512 Ecclesiae
1353 3459 1483 3515 ltomanae
1506 3461 1616 3532 antiqua
1637 3479 1749 3520 consue·

953 3545 1015 3599 tudo
1030 3551 1056 3599 et
1070 3544 1187 3615 dignitas
1212 3545 1296 3617 exigit
1311 3548 1437 3602 oneribus
1451 3548 1508 3616 ejus
1522 3549 1679 3624 suffragium
1695 3553 1750 3608 irn-

952 3632 1118 3705 plorantibus
1133 3641 1292 3703 opportunae
1302 3635 1421 3690 tuitionis
1436 3636 1595 3710 suffragium
1610 3641 1749 3699 exhibere.

952 3722 1008 3778 Nec
1021 3721 1133 3775 dubium
1149 3722 1231 3790 quod,
1256 3724 1279 3775 si
1306 3724 1495 3796 religiosorum
1511 3728 1629 3783 uirorum
1644 3731 1747 3801 petitio·

952 3810 1032 3863 nihus
1046 3808 1295 3876 condescendimus,
1325 3813 1424 3866 nostris
1449 3816 1541 3884 procul
1556 3815 1638 3872 dubio
1653 3826 1749 3889 postu·
1805 3820 1808 3825 '

952 3896 1097 3953 lationibus
1110 3898 1270 3954 clementem
1287 3900 1434 3955 Dominum
1448 3918 1607 3972 reperimus.
1634 3906 1691 3962 lloc
1705 3909 1749 3962 ni·

952 3987 1050 4040 urinum
1066 3987 1172 4054 intuitu,
1188 3987 1285 4043 dilecte
1313 3988 1342 4043 in
1370 3989 1488 4044 Domino
1516 3990 1749 4051 liliBertullcab-

952 4076 1011 4145 bas,
1028 4076 1078 4130 tuis
1090 4076 1229 4131 desideriis
1256 4083 1368 4146 paterna
1396 4078 1562 4149 benignitate
1581 4080 1751 4152 impertimur

953 4182 1101 4231 assensum,
1132 4173 1158 4219 et
1184 4165 1359 4219 ltlurbacense
1391 4168 1594 4236 monasterium,
1623 4170 1666 4225 cui
1693 4173 1751 4229 Deo

954 4262 1061 4309 auctore
1072 4269 1187 4323 praeesse
1202 4253 1378 4324 dignosceris,
1396 4256 1534 4325 praesentis
1547 4257 1638 4329 scripti
1653 4261 1754 4332 pagiua

953 4341 1162 4410 coniurauimus,
1177 4349 1324 4397 statuentes
1350 4351 1378 4397 ut
1408 4360 1581 4416 quascunque
1600 4349 1752 4419 possessio-

95 4443 232 4502 roeunm,
246 4435 274 4490 in
288 4450 321 4490 eo
336 4435 497 4492 monasterio
522 4434 642 4490 noscitur
664 4434 807 4500 institutus,
825 4434 898 4491 lutu-
914 4427 940 4488 D
955 4448 1012 4502 nes,
1028 4446 1195 4502 quaecunque
1222 4431 1294 4486 bona
1321 4431 1393 4487 idem
1422 4434 1587 4490 venerabilis
1612 4436 1688 4492 loeus
1714 4439 1754 4494 in·

94 4526 136 4582 ris
148 4524 318 4595 temporibus
331 4524 432 4579 ibidem
447 4530 576 4595 perpetuo
591 4530 777 4579 conservetur.
797 4523 900 4579 Statui-

95 4632 161 4671 mus
173 4615 287 4685 insuper
299 4620 329 4666 ut
341 4613 442 4668 neurini
459 4613 569 4667 tratrem
590 4620 740 4667 vestrorum
761 4618 822 4681 post
839 4611 900 4668 iac-

98 4714 155 4761 tam
170 4704 202 4758 in
216 4703 313 4758 eodem
333 4702 495 4757 monasterio
523 4701 719 4772 professionem
747 4700 850 4771 absque
865 4701 900 4755 li-

97 4793 191 4849 eentia
216 4790 320 4861 praelati
344 4789 386 4844 sui
415 4790 449 4845 ad
477 4790 558 4844 alium
574 4790 662 4844 locum
678 4789 757 4844 liceat
771 4789 896 4847 transire.

97 4881 175 4937 Nulli
190 4896 258 4952 ergo
272 4880 412 4935 homiuum
427 4879 505 4934 liceat
532 4878 603 4934 idem
632 4878 785 4934 arenchium
800 4885 900 4934 temere

98 4969 271 5043 perturbare.
288 4977 333 5024 aut
348 4968 408 5038 ejus
421 4968 604 5037 possessiones
626 4967 742 5034 auterre,
768 4968 899 5035 minnere,

99 5061 145 5117 rel
160 5056 300 5128 nliqttibus
314 5057 445 5112 molestiis
469 5055 594 5127 fatigare,
619 5056 667 5111 sed
689 5057 781 5112 otrrnia
796 5056 901 5128 integra

98 5155 298 5207 conserventur
318 5161 424 5212 eorum,
451 5160 500 5216 pro
528 5160 642 5215 quorum
666 5145 861 5217 gubematioue
876 5153 903 5201 et

99 5237 297 5295 sustentatione
310 5250 439 5292 concessa
453 5242 523 5302 sunt,
552 5233 644 5290 usibus
658 5233 822 5289 omnimodis
835 5250 901 5304 pro·

100 5328 203 5385 lutura.
218 5326 248 5381 Si
263 5341 317 5396 qua
330 5325 413 5397 igitur
425 5323 453 5377 in
468 5322 585 5377 futurum
598 5322 778 5378 ecclesiastica
792 5323 903 5378 saecula-

99 5418 172 5475 risse
188 5429 315 5488 persona,
340 5414 409 5469 banc
436 5419 535 5467 nostra
562 5412 759 5467 constitutionis
773 5412 902 5484 paginam

140 5539 219 5611 (ιιί)
228 5539 302 5611 Lege
313 5540 381 5593 ttae
390 5543 419 5592 ut
428 5535 571 5592 conveniat
580 5551 667 5590 annus
677 5536 720 5591 hic
730 5552 789 5591 cum
801 5535 904 5591 caeteris

99 5613 176 5675 neti·
197 5608 399 5682 mmlogteis
420 5607 572 5680 appositis:
598 5607 702 5663 lucilius
725 5608 796 5663 euim
818 5607 904 5664 estin

269 5706 399 5772 Parnon.
412 5703 589 5770 CLXXIX.

954 4520 1155 4593 presentiarum
1180 4519 1253 4590 juste
1281 4528 1307 4576 et
1334 4522 1463 4577 canonice
1493 4525 1619 4595 possidet,
1650 4529 1752 4583 tamin

953 4609 1084 4680 collegiis,
1110 4624 1190 4679 quam
1220 4609 1247 4663 in
1276 4609 1469 4680 praeposituris,
1501 4613 1621 4668 ecclesiis
1640 4614 1752 4670 decimis

953 4699 1011 4754 sive
1024 4698 1084 4753 aliis
1106 4697 1271 4767 quibuslibet
1293 4699 1383 4767 rebus,
1405 4715 1472 4769 quas
1487 4702 1638 4757 Ererardus
1651 4703 1751 4760 funda·

954 4794 996 4842 tor
1009 4786 1129 4854 ejusdem
1145 4786 1310 4852 monasterii,
1339 4794 1366 4841 ot
1393 4787 1438 4841 ulii
1461 4788 1555 4844 fideles
1568 4791 1619 4844 riri
1634 4790 1684 4861 ipsi
1699 4808 1754 4848 ete·

955 4875 1036 4933 nobie
1050 4875 1230 4939 contuleruut,
1255 4892 1421 4945 quaeeunque
1448 4877 1530 4932 etiam
1559 4878 1587 4932 in
1615 4888 1752 4950 posterum

955 4965 1126 5022 concessione
1142 4962 1308 5036 pontificum,
1326 4963 1488 5019 liberalitate
1507 4982 1602 5040 regum
1618 4968 1661 5023 rel
1675 4972 1753 5038 prin-

955 5055 1055 5124 cipum,
1072 5054 1210 5109 oblationc
1232 5050 1363 5120 fidelium,
1393 5070 1440 5108 seu
1469 5053 1528 5109 aliis
1554 5056 1633 5125 justis
1661 5059 1753 5127 titulis,

954 5150 1099 5214 praestante
1113 5142 1240 5210 llomino,
1258 5142 1356 5213 poterit
1375 5142 1498 5211 adipisci,
1529 5143 1609 5200 firma
1624 5146 1671 5202 tihi
1688 5149 1755 5202 tois-

955 5249 1007 5302 que
1021 5230 1220 5287 successoribus
1249 5237 1275 5284 et
1303 5229 1406 5285 illibata
1420 5241 1607 5300 permaneant.
1625 5236 1755 5292 Decerni-

956 5319 1345 5394 musergontnulliomnino
1374 5320 1514 5376 homiuum
1544 5323 1585 5379 sus
1613 5325 1646 5379 sit
1660 5326 1758 5395 praedi-

956 5417 1027 5463 ctum
1055 5408 1209 5464 cenobium
1238 5424 1320 5479 super
1348 5409 1398 5464 hac
1425 5417 1515 5466 nostra
1551 5412 1756 5471 confirmatione

959 5536 1027 5617 hanc
1049 5534 1145 5600 solam,
1170 5550 1251 5616 quem
1265 5534 1308 5615 ¹in
1332 5543 1442 5591 ceteras
1462 5547 1548 5608 notus,
1571 5542 1757 5612 scriptoriam

958 5622 1032 5663 curta
1045 5621 1163 5662 errorem
1177 5622 1329 5679 arrepsisse.

1600 5709 1638 5768 11
