3750 6000
677 256 863 315 urtstuntt.

1538 258 1591 314 988

67 380 165 437 dantes
178 398 251 447 eum,
268 381 459 454 promittebant
473 391 556 439 lotum
573 382 740 447 sciresuum,
756 382 879 442 Alutela
912 390 1084 453 procuretur,
1100 389 1127 437 et
1147 380 1184 437 ad
1206 395 1267 437 eam
1298 382 1434 456 retugium
1465 381 1594 447 habeant,

66 490 70 524 ι
87 486 165 541 posse
188 487 275 538 suum,
293 478 320 525 et
333 487 362 526 se
376 480 503 527 venturos
526 472 559 526 ad
579 487 669 542 genua
692 488 741 525 ve·

67 559 213 615 sericonliae
237 561 258 613 si
282 576 350 630 opius
373 561 422 627 sil,
448 568 473 615 et
497 561 612 615 tacturos
636 561 662 614 in
684 560 744 629 ejus

67 663 105 703 »ne
120 648 249 719 quidquid
264 647 395 705 honorum
420 649 528 705 devotio
552 648 666 704 filicmm
691 651 741 703 lia·

67 753 104 793 ere
119 753 167 808 pro
182 736 355 793 defendendo
379 737 450 793 hono
470 747 582 809 patrono
597 754 655 793 suo.
673 738 742 793 Pro·

73 825 208 897 religiosae
223 842 345 897 perseum
359 835 437 881 orant
451 843 501 898 pro
524 827 571 883 illo
590 828 741 893 nobiscum,

67 916 243 971 recensuerit
262 915 357 971 fulcire
378 916 502 981 consitio,
518 924 544 971 el
559 916 648 972 lovere
663 916 742 971 nuxi-

67 1014 162 1060 tservet
182 1020 230 1059 vos
251 1005 326 1060 Deus
341 1004 519 1062 desideratum
536 1005 643 1060 Patrem
660 1013 687 1060 et
701 1020 744 1062 rc·

67 1094 196 1149 Ecclesiae
211 1109 268 1149 sue
281 1104 307 1149 ct
323 1095 369 1149 toti
384 1094 485 1151 inundo
500 1094 547 1150 diu
560 1095 742 1166 superstitem.

68 1183 103 1250 is,
117 1184 209 1248 Pater,
225 1198 344 1249 oramus,
361 1192 386 1239 et
404 1184 430 1238 in
446 1183 568 1252 capitulis
587 1192 613 1238 ot
635 1184 745 1239 incon·

68 1271 160 1328 rorari
177 1273 300 1329 iacimus.

320 1399 368 1453 lll.

68 1497 132 1553 nod
140 1497 467 1553 eumdem-lichenum
475 1498 594 1568 priorem
602 1497 630 1553 S.
644 1497 748 1553 Cosmoe

166 1571 336 1624 Turonensis
349 1569 538 1624 romnrendnl.

218 1693 390 1763 (Ducarnsun,
403 1693 490 1761 ibid.)

68 1867 82 1912 ·,
98 1841 147 1898 Dei
171 1840 302 1897 electione
327 1857 435 1896 summo
459 1840 625 1912 pontilieum,
650 1856 751 1896 reven-

72 1930 143 1987 l'atri
167 1946 228 1997 sue,
245 1938 272 1986 et
287 1931 418 1998 omnium,
434 1938 460 1985 et
474 1929 594 1996 domino,
612 1930 752 1986 Uacnutus

69 2018 192 2092 mdegar.
210 2020 468 2090 episcopusservus
488 2018 648 2085 sanctitatis,
663 2018 751 2075 devo·

69 2109 217 2180 »jectionem
235 2116 261 2164 et
275 2107 424 2164 officiosam
449 2108 644 2163 obedientiam.

69 2215 115 2254 nus
128 2198 274 2254 liethertus
286 2197 447 2253 verrerahilis
457 2198 533 2268 prior
543 2197 633 2253 Sancti
644 2197 752 2253 Cosmae

69 2287 127 2353 isis,
138 2288 180 2342 vir
196 2286 305 2357 quidem
318 2301 427 2358 magum
437 2286 585 2358 roligionis,
599 2285 752 2356 adjanuam

71 2375 263 2431 misericordiae
286 2390 337 2444 pro
363 2375 479 2447 negotiis
499 2383 524 2429 et
549 2374 752 2430 necessitatibus

69 2464 232 2531 silcelesiae,
253 2463 295 2520 cni
312 2472 420 2518 auctore
434 2464 490 2518 Deo
506 2463 641 2535 praesidel,
660 2471 687 2519 et
702 2477 752 2533 pro

70 2553 166 2608 rimum
182 2552 326 2619 laboravit,
340 2551 473 2622 proticisci
488 2552 658 2609 deliberavit.
675 2552 751 2609 Unde

69 2640 118 2697 alisi
143 2641 177 2698 de
201 2649 298 2696 vestrae
317 2640 514 2697 misericordiae
546 2641 751 2708 consuetudine,

80 2738 179 2785 restrae
195 2730 344 2799 hlajestatis
360 2730 514 2800 supplicare
538 2730 660 2802 rogando
683 2745 752 2799 prae·

70 2834 81 2873 s
107 2834 114 2870 :
138 2826 272 2887 quatenus
296 2834 376 2878 eum.
399 2833 461 2873 enm
486 2818 521 2872 ad
542 2828 633 2873 vestra
660 2833 752 2890 genua

84 2907 204 2979 henigne
219 2907 379 2977 suscipiatis,
396 2914 423 2960 el
440 2907 467 2959 in
484 2907 658 2976 petitionibus
681 2906 748 2972 suis,

70 3007 131 3064 gnos
145 2991 235 3046 auditu
249 3001 311 3046 ante
326 2991 496 3046 clementiam
513 3002 629 3048 vestram
643 2991 750 3059 luderit,
767 2990 792 3054 C

70 3093 100 3132 er
122 3075 291 3140 exaudiatis,
311 3083 339 3130 et
362 3091 377 3130 a
396 3076 543 3130 serenitate
563 3077 651 3131 vultus
665 3077 747 3131 vestri

70 3165 99 3220 td
121 3165 232 3236 propria
256 3181 317 3219 eum
342 3164 497 3219 remittatis.
531 3163 636 3234 Quamo
668 3165 748 3219 citius

70 3252 180 3325 lirigam
195 3254 229 3307 ad
241 3263 358 3308 vestram
371 3253 557 3324 paternitatem
571 3253 747 3325 peloquinum

70 3359 78 3398 ι
93 3349 121 3399 ιι
134 3357 243 3397 servum
260 3350 393 3404 restrum,
410 3339 554 3396 officiatem
569 3358 669 3407 meum,
685 3359 746 3398 cum

71 3432 109 3487 nis
123 3431 259 3487 servitutis
274 3447 362 3486 meae:
379 3431 424 3500 qui
445 3431 504 3487 viee
528 3432 581 3486 mei
604 3430 747 3487 desidera·

71 3536 111 3577 roa
127 3521 215 3575 vultus
231 3519 366 3586 videndo,
382 3527 408 3574 et
421 3527 538 3591 optatam
556 3526 674 3575 vestram
698 3537 748 3577 so·

70 3628 77 3665 ι
92 3611 158 3665 mihi
175 3608 332 3674 nuntiando,
344 3608 510 3663 desiderium
526 3625 616 3663 meum
627 3609 746 3680 impleat.

71 3698 181 3770 quidem
216 3698 382 3768 impediente
411 3695 563 3752 infirmitate
577 3714 638 3754 mea
657 3708 682 3753 et
701 3715 749 3752 ss·
852 3748 856 3756 .

71 3786 127 3854 ,ad
150 3801 215 3851 vos,
240 3786 401 3842 charissime
425 3785 549 3852 domine,
576 3786 669 3842 venire
693 3802 747 3842 non

90 3876 238 3933 Conservcl
253 3891 302 3930 ros
318 3875 404 3945 pietas
425 3875 522 3929 Christi
545 3875 592 3931 diu
615 3876 748 3944 supersti-

72 3982 104 4022 ιι
117 3974 230 4031 terram,
247 3964 400 4033 piissimum
417 3966 522 4019 l‘atrem
533 3963 665 4021 Ecclesiae
680 3980 747 4022 suae.

323 4150 367 4205 ll'.

797 473 894 541 quihus
927 473 1065 544 surgentia
1091 471 1162 527 halla
1184 470 1294 526 exilium
1324 471 1492 527 minitantur.
1512 471 1597 543 Igitur

797 568 920 616 veterum
949 561 1068 616 hostium
1093 559 1276 632 deprehensas
1300 559 1406 617 nouiter
1428 559 1538 615 insidias
1559 560 1594 615 ad

797 656 915 705 vestram
946 648 1151 720 paternitatem,
1176 647 1220 704 cni
1243 647 1345 704 credita
1372 656 1415 703 est
1442 645 1596 703 sollicitudo

797 737 916 794 omnium
951 737 1135 806 ecclesiarum,
1159 736 1318 806 deserimus,
1344 744 1372 792 ιιι
1395 751 1490 792 eorum
1509 750 1596 793 cona-

797 837 839 882 tus
854 834 942 882 restra
960 825 1108 881 reliduntur
1122 825 1265 891 industria,
1281 825 1326 898 qui
1349 826 1400 881 suh
1423 824 1513 897 specie
1534 824 1596 881 reli·

797 915 885 987 gioms
906 915 1011 971 animas
1033 914 1199 987 simplicium
1222 915 1250 971 in
1274 930 1394 972 errorem
1418 915 1534 985 ducunt,
1569 921 1596 971 et

797 1004 878 1059 unius
908 1003 1063 1079 integritate
1083 1002 1166 1073 lidoi,
1182 1021 1244 1077 quae
1259 1002 1350 1059 multis
1364 1002 1391 1059 in
1406 1002 1474 1061 locis
1495 1003 1596 1060 vulne·

798 1101 856 1148 rata
870 1101 921 1161 est,
936 1091 1005 1148 sicut
1019 1091 1092 1163 apud
1107 1108 1155 1149 nos
1169 1100 1341 1163 compertum
1356 1106 1431 1148 nunc
1448 1108 1510 1148 csso
1532 1107 1599 1149 con·

798 1188 860 1246 ιιιιι,
875 1189 970 1238 sancta
983 1182 1033 1237 Dei
1048 1180 1220 1238 convalescat
1235 1181 1365 1237 Ecclesia.
1388 1183 1411 1237 Δ
1426 1181 1514 1237 ιιιιιι
1529 1181 1600 1237 Gui-

800 1270 870 1326 mari
885 1269 953 1341 t¹2)2
969 1285 1023 1341 quo
1038 1269 1147 1325 nomine
1162 1269 1273 1341 quitiam
1288 1271 1366 1327 ricus
1378 1269 1407 1325 in
1421 1268 1535 1326 Francia
1554 1269 1599 1325 di-

799 1358 877 1425 citnr,
894 1358 1020 1430 quaedam
1042 1358 1153 1416 haeresis
1174 1375 1224 1430 per
1247 1358 1370 1415 diversas
1394 1365 1523 1416 terrarum
1538 1374 1600 1430 par·

801 1457 843 1505 tes
858 1447 1006 1504 defluxisse
1020 1448 1213 1521 cognoscitur;
1230 1464 1290 1519 quae
1304 1447 1374 1504 adeo
1389 1448 1465 1504 naria
1485 1455 1511 1504 et
1526 1447 1602 1503 mul·

802 1536 886 1608 tiplex
910 1544 963 1607 cst,
989 1544 1018 1592 ut
1040 1537 1091 1594 suh
1114 1536 1194 1593 unius
1213 1545 1289 1594 certo
1323 1536 1454 1594 vocabulo
1490 1535 1602 1594 minime

803 1625 1000 1698 comprehendi
1024 1641 1103 1698 posse
1116 1626 1250 1694 rideatur,
1265 1625 1345 1696 cujus
1360 1625 1431 1698 apud
1445 1641 1497 1682 nos
1511 1632 1603 1684 secta·

764 1739 790 1799 B
806 1722 876 1773 tores
900 1713 1010 1788 qudam
1033 1714 1142 1785 detecti,
1158 1715 1276 1772 convicti
1291 1723 1319 1771 et
1331 1713 1449 1772 contessi
1463 1723 1534 1780 sunt,
1552 1714 1603 1771 hos

805 1803 883 1859 turha
898 1802 1051 1860 turbulenta
1065 1810 1162 1874 raptos,
1180 1803 1306 1860 incendio
1323 1803 1429 1859 tradere
1448 1802 1604 1876 deputarit;

806 1889 853 1944 sed
870 1903 930 1957 nos,
947 1887 996 1943 Dei
1012 1887 1119 1944 invente
1137 1886 1344 1955 misericordia,
1361 1902 1431 1959 pena
1453 1901 1550 1943 omnes
1570 1887 1606 1943 ah

805 1973 916 2027 instanti
946 1970 1098 2043 supplicio,
1113 1970 1148 2028 da
1166 1971 1231 2044 ipsis
1253 1970 1368 2028 meliora
1389 1978 1542 2041 sperantes,
1559 1969 1606 2028 vix

806 2064 896 2112 tamen
928 2055 1078 2127 eripuimus
1093 2071 1100 2112 :
1115 2071 1232 2128 quornm
1255 2072 1324 2111 unus
1348 2055 1391 2112 hic
1414 2064 1455 2111 est
1477 2053 1606 2129 quemad

807 2140 996 2213 paternitatem
1012 2148 1129 2196 sestmm
1155 2156 1205 2196 sua
1226 2140 1357 2212 petitione
1371 2140 1509 2196 destinare
1524 2155 1607 2197 cura·

807 2234 905 2288 vimus.
939 2233 1058 2290 Heresis
1081 2234 1140 2291 haec
1164 2233 1277 2290 diversis
1293 2233 1417 2290 distincta
1442 2241 1482 2289 est
1508 2233 1607 2307 gradi·

806 2329 874 2396 hus;
899 2327 981 2385 hahet
993 2328 1067 2384 enim
1082 2326 1231 2396 auditores,
1246 2327 1290 2399 qni
1305 2328 1340 2384 ιιι
1355 2343 1476 2384 errorem
1491 2326 1607 2384 initian·

807 2425 863 2485 tur;
884 2416 967 2473 hahet
989 2416 1140 2482 credentes,
1156 2418 1204 2489 qui
1227 2417 1281 2486 jam
1296 2415 1404 2488 decepti
1428 2424 1507 2485 sunt;
1522 2415 1607 2474 hahet

806 2505 970 2563 christianos
983 2521 1063 2570 snos,
1078 2505 1162 2561 hahet
1176 2506 1347 2571 sacerdotes,
1365 2504 1446 2560 hahet
1468 2512 1496 2561 et
1521 2511 1606 2562 caele-

805 2609 850 2649 ros
864 2592 991 2663 praelatos
1014 2592 1085 2650 sicut
1106 2599 1133 2648 et
1154 2608 1218 2649 nus.
1242 2591 1331 2662 liujus
1355 2591 1464 2648 heresis
1478 2591 1606 2650 uelandus

805 2681 983 2752 blasphemias
997 2689 1070 2747 sunt,
1085 2680 1157 2752 quod
1173 2681 1200 2736 in
1212 2681 1352 2752 baptismo
1367 2684 1482 2752 peccata
1504 2679 1605 2737 remitti

805 2776 898 2843 negat,
921 2769 993 2842 qnod
1014 2777 1216 2826 sacramentum
1249 2770 1374 2840 corporis
1406 2776 1431 2824 et
1462 2768 1604 2843 sanguinis

806 2859 904 2915 Christi
929 2859 1011 2915 inane
1034 2865 1152 2928 reputat,
1165 2857 1237 2931 quod
1254 2874 1303 2929 per
1316 2857 1516 2928 impositionem
1531 2873 1604 2931 pon·

804 2948 911 3004 titicalis
930 2962 1027 3004 manus
1048 2947 1167 3004 conferri
1191 2947 1229 3002 nil
1253 2956 1400 3009 asseverat.
1417 2947 1490 3017 qnod
1512 2946 1604 3004 nemi·

806 3053 868 3093 nem
893 3036 1023 3108 Spiritum
1046 3043 1168 3092 muctam
1189 3035 1313 3107 accipere
1328 3035 1429 3102 credit,
1448 3036 1500 3092 nisi
1515 3036 1604 3094 hono-

802 3142 861 3180 rum
894 3140 1006 3197 opernm
1025 3124 1242 3197 praecedentibus
1264 3125 1384 3194 meritis,
1410 3125 1482 3197 quod
1502 3126 1602 3196 conju·

803 3217 880 3289 gium
892 3214 1020 3285 damnat,
1036 3215 1110 3286 quod
1122 3214 1195 3284 apud
1220 3230 1251 3270 se
1274 3222 1377 3270 tantum
1392 3212 1536 3271 ecclesiam
1550 3229 1601 3271 ca·

803 3303 930 3361 tholieam
962 3319 1024 3359 esse
1056 3303 1200 3375 praedicat,
1220 3303 1293 3374 quod
1315 3319 1397 3360 omns
1417 3304 1600 3373 iuramentum

802 3391 879 3448 velut
904 3391 1008 3449 crimen
1028 3391 1139 3461 judicat.
1161 3392 1194 3448 lli
1213 3399 1304 3449 tamen
1326 3391 1373 3464 qui
1388 3391 1469 3463 hujus
1487 3391 1601 3450 sceleris

802 3488 951 3537 sectatores
971 3488 1043 3551 sunt,
1060 3481 1238 3538 sacramentis
1253 3483 1356 3538 nostris
1369 3479 1430 3538 licte
1443 3481 1600 3539 communi·-

802 3577 874 3635 cant,
891 3569 925 3624 ad
940 3570 1067 3642 nequitiae
1091 3586 1147 3626 suae
1169 3571 1365 3626 uelamentum.
1388 3570 1490 3627 llorum
1511 3570 1601 3628 adhuc

801 3659 907 3713 auditor
921 3665 980 3714 erat
1000 3658 1045 3714 hic
1059 3658 1208 3727 americus,
1233 3676 1313 3732 quem
1338 3659 1400 3716 ideo
1423 3660 1459 3716 ιιι
1483 3676 1532 3717 ιιι
1554 3659 1600 3716 di·

801 3763 931 3811 rexrmus.
947 3755 975 3802 ut
990 3754 1080 3804 vestro
1092 3747 1195 3816 judicio
1209 3747 1267 3805 Deo
1287 3754 1314 3805 et
1332 3757 1432 3804 sanctae
1446 3748 1530 3820 ipsius
1545 3749 1601 3808 lic·

801 3835 892 3891 clesiae
906 3834 1062 3903 satisfaciat,
1078 3844 1106 3891 et
1123 3836 1298 3907 sponsionem
1322 3852 1403 3910 quarn
1426 3836 1490 3893 iecit
1513 3837 1601 3895 hostis

800 3923 941 3997 apostolis,
956 3940 1019 3981 cum
1035 3924 1062 3978 in
1077 3923 1233 3980 discrimine
1248 3924 1309 3981 vitae
1324 3925 1429 3997 positus
1452 3935 1533 3995 esset,
1548 3926 1598 3983 atl-

801 4012 932 4084 impleat.
960 4011 1042 4069 licvit
1062 4012 1144 4082 enim,
1159 4022 1189 4069 nt
1201 4012 1275 4082 dicit,
1291 4013 1313 4068 si
1327 4029 1423 4070 eorum
1441 4015 1549 4072 meritis
1571 4023 1599 4072 et

802 4100 928 4174 precihus
942 4101 1059 4158 evadere
1073 4109 1176 4173 posset,
1193 4102 1267 4174 quod
1286 4117 1379 4159 eorum
1399 4103 1494 4160 limina
1508 4104 1598 4162 deuo-

801 4198 846 4246 tus
860 4190 993 4258 risitaret,
1009 4198 1038 4246 ιιι
1059 4191 1127 4262 ipsis
1140 4191 1289 4264 gratiarum
1312 4192 1434 4249 actiones
1456 4209 1506 4266 pro
1527 4209 1596 4251 con·

72 4274 255 4331 curcensis
269 4274 305 4329 acl
321 4274 437 4330 lercium
452 4289 565 4347 popum·
579 4303 614 4314 -·
624 4274 662 4329 De
673 4288 744 4329 ttouo
758 4245 786 4309 D
801 4287 907 4336 serrata
922 4279 1010 4336 salute
1022 4279 1201 4350 rependeret;
1221 4279 1289 4336 alios
1302 4296 1370 4337 vero
1393 4281 1474 4351 hujus
1496 4283 1597 4340 erroris

72 4346 85 4401 l
99 4345 187 4472 dthle
201 4347 334 4402 Amerino
354 4348 387 4402 oh
402 4363 434 4402 eo
446 4361 587 4412 corrueras,
605 4360 687 4418 prtem
701 4345 748 4401 illi

72 4430 113 4474 teet
133 4433 150 4471 o
171 4458 178 4472 .

78 4542 229 4614 (ιιιιιτὲιιιι
245 4543 341 4615 Ampl.
358 4543 462 4599 Collecl
479 4585 486 4612 ,
503 4544 523 4611 l,
540 4544 620 4607 tm.)

72 4683 106 4723 no
119 4676 146 4722 et
160 4667 232 4722 Patri
247 4667 400 4722 reverendo
416 4668 448 4723 L.
469 4667 520 4723 Dei
533 4667 621 4738 gratia
644 4681 748 4722 summo

85 4754 209 4811 Ecclesia
225 4755 395 4824 leodiensiS,
412 4754 505 4810 fideles
529 4755 666 4810 orationes
681 4761 706 4808 el
721 4754 749 4808 in

72 4843 169 4899 tlehitae
183 4844 363 4913 subjectionis
376 4842 571 4901 obedientiam.

73 4931 211 5000 hitramur,
228 4941 254 4990 et
269 4949 312 4988 res
336 4933 396 5004 ipsa
419 4933 546 4995 declarat,
562 4930 662 4987 idcireo
677 4929 748 4986 divi·

73 5021 143 5078 ›sitio
158 5022 185 5077 in
200 5038 260 5078 arce
276 5023 418 5078 catholicae
433 5020 563 5076 Ecclesiae
585 5020 680 5076 sedem
697 5020 750 5076 llo·

74 5112 173 5184 posuit,
196 5119 226 5166 ul
248 5112 334 5183 ipsius
348 5111 520 5183 providentia
542 5110 598 5165 suis
624 5108 751 5165 memhris

73 5391 250 5474 lortehlonte
265 5390 373 5474 Limarii
395 5390 460 5447 urhe
477 5390 572 5447 Galliac
594 5390 621 5445 in
639 5389 752 5462 Delphi·

95 5464 203 5520 radices
227 5462 315 5527 collas,
330 5463 402 5518 haud
418 5463 511 5533 prorui
525 5479 539 5516 a
555 5463 686 5517 Rhodano
699 5461 752 5517 tiu·

73 5548 99 5595 u
120 5549 203 5609 quam
225 5534 320 5589 l‘etms
344 5534 379 5589 de
403 5533 483 5589 llruis
505 5533 578 5589 Lucii
594 5533 617 5588 ll
630 5539 753 5605 tempora

74 5789 183 5846 lanua.
206 5786 353 5846 CLXXIX.

802 4365 949 4438 participes
963 4381 1012 4437 per
1025 4364 1156 4438 religioso
1170 4365 1229 4422 loca
1242 4364 1388 4423 divisimus
1403 4384 1410 4422 :
1427 4367 1492 4440 quid
1513 4383 1598 4440 super

803 4455 843 4510 eis
869 4454 904 4510 ad
929 4454 1131 4511 correctionem
1147 4454 1287 4528 agendum
1309 4455 1344 4510 sit
1367 4472 1384 4512 a
1406 4456 1484 4513 vohis
1500 4472 1598 4529 exspe-

802 4547 914 4596 ctantes.
939 4541 1072 4595 preterea
1090 4538 1215 4596 charitati
1235 4547 1333 4597 vestre
1347 4538 1518 4598 notificamus
1532 4541 1597 4613 quia

802 4627 951 4685 secundum
963 4627 1036 4700 quod
1051 4627 1087 4683 ah
1101 4628 1143 4683 his
1159 4627 1203 4700 qui
1218 4645 1233 4685 a
1248 4628 1326 4685 nohis
1340 4628 1505 4701 deprehensi
1520 4638 1596 4699 sunt,

802 4716 967 4789 accepimus,
984 4732 1082 4772 omnes
1098 4715 1196 4775 Gallici
1211 4718 1289 4790 regni
1302 4726 1385 4792 atquc
1399 4717 1484 4775 nostri
1498 4718 1600 4776 civita-

803 4814 844 4861 tes
864 4805 945 4875 hujus
966 4805 1067 4861 erroris
1088 4820 1196 4862 veneno
1218 4822 1250 4861 ea
1273 4814 1350 4878 parte
1368 4823 1467 4881 magna
1489 4807 1598 4865 inlecto

803 4902 876 4951 suot.
891 4893 1032 4950 Provideat
1052 4892 1143 4966 itaque
1165 4902 1267 4949 vestras
1290 4896 1461 4967 paternitatis
1474 4895 1597 4965 solertia,

803 5000 837 5040 ne
852 4983 928 5039 uirus
951 4983 1001 5038 hoc
1020 4982 1099 5038 altius
1119 4990 1227 5053 serpat,
1244 4983 1292 5039 sed
1307 4983 1427 5041 canterio
1447 4984 1595 5059 diligenllen

804 5071 926 5128 salutaris
942 5072 1082 5138 aduratur,
1095 5077 1125 5125 ut
1140 5069 1257 5129 deficiat.
1274 5071 1351 5129 Vale.

806 5365 911 5408 errores
930 5365 996 5408 snos
1018 5348 1215 5421 disseminavit,
1240 5350 1287 5425 qni
1310 5368 1440 5426 magnam
1465 5369 1529 5414 cum
1550 5356 1602 5415 de·

807 5422 915 5495 scriptis
928 5424 980 5480 hac
992 5421 1020 5479 in
1035 5422 1147 5495 epistola
1161 5421 1319 5482 adinilstem
1334 5424 1445 5487 hahent.
