3750 6000
86 241 136 290 tas
687 235 863 292 EPISTOLAE
883 234 926 290 ΕΤ
946 237 1156 293 l‘llll'lLllGlA.
1693 244 1744 299 tat

85 369 113 416 ut
126 358 359 430 praenominatam
374 359 523 418 Ecclesiam
538 361 587 418 tibi
602 374 619 418 a
633 362 692 418 Deo
705 363 890 426 commissam,
907 361 935 423 Α
950 361 1044 433 ligium
1058 363 1208 419 bomiuium
1224 363 1305 421 faciet
1312 363 1420 420 dilectis
1426 363 1489 421 liliis
1496 367 1598 422 uostris
1605 367 1745 438 Stephano

84 448 254 505 auctoritate
274 449 429 520 apostolica
450 449 602 524 privilegiis
629 451 794 519 muniamus,
819 457 845 508 ot
868 451 893 508 ei
949 451 1115 519 subdecano,
1131 452 1169 508 Si.
1184 453 1339 525 praeposito,
1356 460 1382 509 et
1397 452 1457 508 aliis
1476 452 1600 526 cognatis
1619 465 1645 512 et
1655 471 1744 528 nepo·

82 537 129 608 jua
144 554 228 593 sunm
245 535 349 594 illibate
363 547 390 593 et
405 539 513 613 integre
528 538 719 596 observemus.
736 540 777 596 td
798 556 893 596 erem·
949 539 1021 595 tibus
1050 539 1248 598 Arcbembaldi
1277 541 1355 597 bonae
1381 542 1521 598 memoria
1541 543 1745 601 Aurelianensis

84 626 146 698 plar
154 625 243 698 igitur
251 626 653 698 praedecessommuostrorum
661 628 747 686 felicis
755 628 895 685 memoriae
949 628 1110 698 subdecani,
1128 629 1174 702 qui
1189 631 1242 687 boc
1256 629 1380 701 recipere
1394 629 1541 699 volueriut,
1569 640 1597 687 et
1610 639 1666 687 tam
1678 631 1745 703 ipsis

86 715 192 773 Urbani
202 721 230 770 et
242 715 383 772 Pascbalis
392 715 574 774 Romanorum
583 717 754 790 pontificum,
764 718 894 790 praesenti
949 740 1031 797 quam
1046 726 1172 782 omnibus
1186 725 1248 781 aliis
1257 726 1303 798 qui
1319 742 1379 783 cum
1396 726 1627 785 eodemdefuncto
1639 728 1746 785 fuerant

87 812 203 870 decreto
218 813 366 869 statuimus
385 821 415 870 ut
428 814 560 873 uniuersa
576 832 636 888 qnae
654 815 894 888 inpraesentiarum
948 813 1086 878 exsultati,
1102 813 1184 870 vitam
1200 822 1227 870 et
1242 814 1366 870 membra
1376 822 1403 872 et
1419 815 1491 871 bona
1503 816 1608 884 iurabit
1623 834 1631 884 ;
1647 824 1746 874 etcum

88 901 187 958 eadem
202 902 328 959 Ecclesia
351 902 425 972 juste
453 912 480 960 et
501 904 623 978 legitime
647 905 780 976 possidet,
799 912 844 960 aut
866 905 894 960 in
949 917 982 957 eo
991 902 1122 959 meliores
1136 903 1171 960 de
1195 903 1359 975 cognatione
1373 903 1458 974 ipsius
1467 904 1592 960 eamdem
1616 905 1747 962 securita-

90 989 210 1046 futuram
231 990 413 1048 concessione
441 991 611 1064 pontificum,
628 991 772 1065 largitione
796 1008 892 1066 regum
948 997 1002 1046 tem
1015 989 1315 1063 jurabuntilocetiam
1330 991 1508 1064 additoquod
1522 990 1641 1049 fideliter
1664 991 1746 1050 lebo-
1840 1006 1843 1011 ’

88 1078 131 1135 vel
145 1078 318 1150 principum,
345 1079 486 1137 oblatione
505 1079 640 1151 bdelium,
663 1098 713 1137 seu
734 1080 795 1136 aliis
812 1081 895 1151 justis
948 1077 1171 1151 rabit,quateuus
1179 1079 1445 1135 ilenricussimiliter
1449 1079 1608 1148 juretidem
1616 1088 1643 1137 et
1652 1081 1744 1151 faciat,

88 1167 191 1232 modis,
214 1175 365 1239 prestante
391 1168 520 1238 Domino,
546 1170 646 1241 poterit
664 1169 791 1241 adipisci,
811 1168 895 1224 firma
948 1173 975 1221 et
1008 1174 1121 1238 uterque
1150 1165 1335 1223 aurelianensi
1369 1165 1503 1223 Ecclesiae
1524 1183 1605 1241 quam
1624 1169 1747 1242 graviter

87 1254 139 1311 siut
149 1254 202 1311 tibi
211 1255 322 1329 tuisque
332 1256 543 1314 successoribus
553 1263 580 1314 et
591 1257 695 1313 illibata
705 1264 893 1329 permaneant.
948 1253 1088 1321 laeserunt,
1097 1254 1260 1312 satisfaciet.
1279 1256 1414 1311 Praeterea
1424 1256 1745 1327 Heraeusdelficonoso,

89 1343 242 1400 statuimus
257 1346 340 1400 etiam
354 1355 384 1400 ut
392 1345 519 1403 dioecesis
529 1346 701 1402 Pistoriensis
711 1345 893 1419 episcopatus,
949 1352 1029 1423 Hugo
1043 1366 1129 1422 uepos
1144 1351 1211 1421 ejus,
1241 1359 1268 1407 et
1287 1350 1442 1408 Thebaldus
1463 1352 1572 1418 lleraei,
1588 1361 1615 1409 et
1635 1367 1698 1410 cam
1712 1370 1746 1412 eo

89 1441 160 1497 sicut
181 1442 244 1512 ejus
258 1442 366 1498 termini
383 1443 576 1515 predictomm
601 1451 758 1498 nostrorum
777 1442 895 1514 privile·
951 1445 986 1495 tol
1004 1438 1104 1496 milites
1118 1447 1147 1495 ut
1162 1439 1342 1496 centesimum
1364 1455 1507 1495 numerum
1521 1439 1685 1512 compleant,
1718 1451 1745 1499 et

90 1530 143 1603 giis
167 1529 290 1588 distincti
304 1539 377 1600 aunt,
395 1532 436 1589 sic
453 1531 480 1587 in
492 1532 552 1602 jure
567 1540 594 1588 et
621 1532 789 1599 conditione,
805 1531 893 1587 Pisto·
949 1535 1057 1583 centum
1067 1527 1246 1600 quadraginta
1260 1527 1294 1585 de
1305 1527 1464 1584 melioribus
1472 1529 1654 1599 burgensibus
1667 1529 1743 1588 urbis

92 1619 177 1674 riensi
187 1619 644 1692 episcoposinealicujusmolestia
653 1620 698 1677 vel
707 1619 894 1690 inquietudine
948 1615 1166 1686 Aurelianensis,
1182 1631 1253 1689 quos
1266 1617 1299 1672 ad
1319 1616 1373 1673 boc
1387 1623 1514 1688 poterunt
1528 1617 1661 1687 inuenire,
1672 1635 1742 1691 prta·

93 1717 277 1778 perseverent
306 1726 312 1763 :
342 1725 392 1780 per
424 1725 495 1783 quos
514 1709 643 1765 nimirum
670 1708 802 1765 terminos
828 1708 894 1764 sub·
908 1705 937 1769 B
951 1705 1030 1761 dictis
1044 1704 1237 1762 Arabembaldi
1265 1704 1414 1761 subdecani
1436 1705 1595 1776 parentibus
1621 1707 1743 1766 bominis

94 1796 206 1868 scriptae
222 1796 336 1868 capelle
350 1804 377 1853 ct
392 1798 517 1854 eeclesia
531 1798 683 1855 constituta
696 1813 759 1854 esse
774 1812 895 1854 noscun-
950 1792 1059 1850 facient.
1076 1792 1155 1863 Quod
1166 1793 1332 1850 silleurieus
1347 1795 1399 1850 boc
1410 1794 1501 1864 jumre
1526 1795 1653 1863 nolucrit,
1669 1811 1743 1868 pra·

93 1891 148 1949 tur,
166 1893 227 1943 etc.
950 1882 1038 1939 dictus
1053 1880 1199 1939 Goffredus
1214 1884 1266 1938 boc
1279 1898 1331 1954 per
1345 1897 1376 1939 se
1389 1881 1564 1939 nibilominus
1573 1883 1651 1942 faciet
1662 1884 1748 1941 adim·

128 1970 192 2047 Ego
215 1974 392 2032 innocentius
415 1974 563 2033 Catholicae
586 1973 718 2033 Ecclesiae
737 1973 895 2046 episcopus,
949 1971 1033 2044 pleri.

95 2062 262 2135 subscripsi.
986 2059 1091 2115 Deinde
1105 2074 1170 2116 sero
1179 2058 1303 2130 proxima
1321 2056 1448 2115 Omnium
1463 2058 1624 2117 Sanctomm
1641 2060 1746 2119 festivi·

129 2151 191 2224 ligo
213 2151 371 2209 willelmus
393 2152 578 2210 Praeuestiuus
602 2152 749 2226 episcopus
774 2151 896 2210 subscri·
950 2155 1005 2204 tate
1021 2156 1157 2204 nostrose
1166 2146 1325 2219 conspectui
1335 2147 1552 2218 praesentabunt,
1560 2150 1748 2221 paenitentiam

95 2240 149 2312 psi.
950 2252 1032 2309 quam
1045 2236 1085 2292 eis
1098 2235 1241 2307 injungere
1256 2234 1425 2290 voluerimus
1448 2234 1566 2292 fideliter
1580 2237 1746 2309 suscepturi,

128 2337 192 2410 Ego
201 2338 347 2394 bruneus
361 2337 526 2395 Albaneusis
540 2339 687 2411 episcopus
699 2340 860 2413 subscripsi.
951 2344 1016 2391 tunc
1030 2349 1080 2406 per
1095 2347 1146 2389 nos
1161 2333 1196 2388 ab
1222 2331 1511 2389 excommunicationis
1522 2332 1633 2391 vinculo
1656 2334 1749 2392 absol-

129 2425 192 2496 Rsso
223 2426 345 2483 loannes
381 2427 451 2484 tituli
479 2429 512 2485 S.
556 2428 725 2503 Chrysogoni
752 2429 899 2501 presbyter
952 2422 1042 2480 uendi.
1059 2421 1182 2494 Denique
1197 2419 1322 2493 praefatus
1337 2421 1376 2477 Si.
1392 2420 1577 2492 subdecanus,
1588 2430 1617 2480 et
1631 2423 1669 2480 Si.
1681 2439 1751 2494 prm-

97 2513 246 2569 oardinalis
260 2514 428 2586 subscripsi.
952 2511 1056 2584 positus
1075 2517 1190 2566 mortem
1216 2507 1358 2578 iamdicti
1378 2508 1572 2566 archembaldi
1595 2510 1752 2570 recolendae

130 2603 191 2675 Ego
224 2602 397 2659 Gottifredus
429 2604 577 2662 cardinalis
609 2605 753 2680 presbyter
771 2605 840 2662 tituli
860 2605 892 2662 s.
951 2598 1094 2656 memoriae
1120 2596 1210 2653 eidem
1242 2595 1374 2654 Goffredo
1406 2596 1434 2651 in
1453 2606 1603 2670 conspectu
1636 2598 1749 2656 fratmm

96 2689 217 2757 lustinae,
233 2691 396 2763 subscripsi.
951 2696 1107 2745 nostrorum
1119 2701 1168 2757 pro
1178 2685 1228 2742 Dei
1237 2701 1333 2742 amore
1340 2685 1555 2745 misericorditer
1566 2686 1748 2757 indulserunt,

131 2779 190 2852 Ego
204 2780 294 2835 Lucas
309 2781 457 2854 presbyter
470 2783 619 2839 cardinalis
637 2783 707 2839 tituli
735 2783 897 2842 &natorum
952 2785 979 2833 et
993 2776 1046 2833 boc
1058 2774 1148 2846 ipsum
1157 2773 1255 2831 facient
1274 2773 1335 2830 eliis
1346 2773 1479 2830 militibus
1502 2774 1628 2848 ejusdem
1647 2775 1750 2834 subde·

97 2867 163 2923 l’etri
179 2866 305 2940 {loannis
321 2877 348 2926 et
362 2870 449 2939 Pauli,
465 2871 632 2943 subscripsi.
952 2866 1013 2922 cani
1039 2863 1270 2927 interfectoribus,
1291 2861 1337 2934 qui
1351 2863 1541 2920 aurelianensi
1562 2863 1704 2932 Ecclesiae,
1724 2872 1752 2922 et

129 2957 190 3030 1330
210 2958 341 3014 martinus
364 2958 512 3032 presbyter
526 2960 675 3017 cardinalis
690 2960 757 3017 giruli
780 2961 812 3020 s,
832 2962 896 3019 sle.
952 2952 1112 3023 parentibus
1128 2950 1261 3008 interlecti
1276 2949 1457 3007 satisfaciant.
1479 2952 1671 3008 Verumtamen
1699 2951 1752 3024 ipsi

98 3045 176 3117 pbani
191 3047 219 3100 in
236 3046 318 3102 caelio
334 3055 438 3112 monte,
454 3049 616 3121 subscripsi,
911 3056 1047 3119 cambes
1061 3040 1166 3095 interim
1177 3039 1449 3096 extraEcclesiamet
1460 3040 1486 3095 in
1496 3039 1749 3112 pmuitentiaerunt,

134 3143 193 3217 Ego
209 3142 368 3215 Gregorius
383 3144 515 3201 diaconus
530 3145 678 3202 cardinalis
692 3145 767 3203 tituli
782 3147 900 3205 Sancto·
956 3135 983 3187 ‘¹
998 3130 1022 3185 δί
1033 3145 1112 3202 qoem
1132 3143 1227 3184 0⁰l¹¹¹¹¹
1244 3127 1277 3182 id
1294 3136 1449 3183 willemum
1464 3128 1527 3184 Vilae
1553 3128 1647 3184 '⁰¹¹5st
1663 3128 1752 3185 ⁰⁰⁰5·

99 3249 152 3286 mm
167 3231 255 3305 sergii
267 3241 294 3288 ιι
309 3233 416 3301 paceni,
437 3233 599 3304 subscripsi,
955 3218 1035 3294 gerit,
1052 3225 1078 3273 et
1089 3215 1224 3272 absolutio
1239 3215 1274 3271 ab
1289 3215 1569 3272 excommunicatione
1584 3224 1610 3272 et
1625 3215 1753 3272 viaticum

135 3320 194 3392 1330
210 3320 301 3377 Gurdo
315 3320 447 3378 diaeonus
475 3323 623 3380 mainan,
638 3323 745 3382 sgncgae
767 3325 860 3384 Marioe
873 3325 902 3380 jn
955 3324 1010 3364 non
1025 3306 1182 3381 negabitur.
1202 3305 1335 3360 Volumus
1342 3312 1470 3360 autemut
1484 3320 1534 3375 pro
1545 3303 1587 3360 bis
1597 3304 1643 3377 qui
1658 3302 1753 3362 Eccle-

104 3407 148 3463 Via
162 3408 238 3474 Lata,
254 3409 417 3481 subscripsi.
956 3407 1005 3463 siae
1028 3402 1217 3470 satisfecerint,
1244 3401 1451 3458 Aurelianensis
1474 3401 1599 3458 Ecclesia
1612 3402 1753 3459 ulteriusa

135 3499 196 3570 Ego
218 3496 281 3554 Odo
307 3496 442 3555 diaconus
474 3498 666 3558 cardinalias.
686 3501 809 3576 Georgii,
834 3501 902 3559 sub·
956 3495 1055 3554 divinis
1069 3509 1124 3547 non
1139 3499 1229 3548 cesset
1251 3489 1357 3548 officiis.
1372 3490 1399 3549 Si
1414 3490 1458 3564 qui
1483 3498 1573 3547 autem
1592 3491 1627 3547 de
1647 3490 1753 3548 eisdem

106 3586 209 3657 scripsi.
956 3581 1174 3642 interfectoribus
1189 3597 1220 3636 ae
1235 3579 1343 3651 abipsa
1358 3579 1542 3636 satisfactione
1570 3578 1755 3636 subtraxerint

137 3674 196 3748 ligo
210 3674 333 3732 loannes
359 3675 492 3733 diaconus
507 3677 656 3737 cardinalia
680 3677 711 3736 S.
744 3679 848 3737 Nicolei
875 3679 902 3736 in
957 3675 1046 3731 donec
1063 3671 1091 3727 in
1125 3679 1198 3726 terra
1217 3668 1251 3725 de
1279 3668 1392 3740 speciali
1411 3667 1531 3724 dominio
1563 3667 1678 3741 gloriosi
1706 3665 1754 3724 lilii

106 3762 219 3820 carcere
233 3762 369 3833 Tulliano,
386 3765 550 3838 subscripsi.
957 3761 1044 3818 nostri
1063 3757 1192 3814 badonici
1212 3757 1377 3813 Francomm
1396 3758 1469 3828 regia
1502 3756 1608 3829 inipso
1629 3755 1754 3813 Aurelia·

136 3852 236 3908 Datum
251 3852 322 3908 Pisis
332 3869 383 3926 per
397 3869 507 3910 manum
522 3855 670 3915 llaimerici
685 3863 786 3913 mactae
799 3855 904 3914 lloma-
958 3848 1036 3907 uensi
1052 3846 1213 3920 episcopatu
1227 3844 1391 3912 manserint,
1408 3852 1464 3901 tota
1474 3845 1571 3903 civitas
1584 3852 1610 3902 et
1626 3844 1756 3903 orchidia·

107 3965 145 4005 ιιι
159 3948 290 4005 aaran
315 3949 424 4007 ennean
451 3951 600 4011 ominus
615 3962 643 4010 a
669 3951 837 4020 canceltarii,
867 3969 905 4009 ιιι
958 3945 1073 3999 conatus
1102 3933 1234 4006 sapiant
1264 3933 1298 3990 de
1332 3932 1472 3989 Gstlsnds
1490 3948 1578 4006 usquc
1605 3933 1639 3989 sd
1659 3948 1755 3990 eorum

107 4037 167 4093 llal.
191 4038 321 4107 lauaem,
356 4038 453 4096 indict.
490 4057 541 4109 xrr,
584 4042 737 4099 lucaman
754 4041 905 4099 Dominicoe
958 4035 1172 4096 satisfactionem
1191 4031 1411 4090 edivinisvacet
1426 4028 1533 4088 officiis.
1554 4029 1755 4104 ideoqueaolli·

109 4129 183 4193 ttss,
199 4125 374 4198 pontificatus
389 4144 455 4186 vero
469 4128 573 4185 domini
588 4130 685 4186 lunoc.
704 4145 782 4204 papae
792 4130 818 4185 ΙΙ
831 4143 905 4187 auno
959 4125 1071 4185 citudini
1087 4131 1185 4180 vestrae
1199 4121 1372 4188 mandamus,
1387 4128 1416 4176 ut
1431 4117 1494 4191 quia
1509 4126 1593 4175 status
1608 4126 1688 4176 terre
1702 4133 1755 4176 no-

107 4223 208 4287 quarm.
958 4218 1012 4273 tior
1030 4213 1110 4271 uobis
1129 4210 1229 4282 existit,
1249 4211 1284 4267 de
1303 4208 1385 4265 modo
1403 4206 1596 4264 satisfactionis
1614 4207 1757 4264 etabsolu·

472 4313 527 4371 ct.
957 4307 1032 4363 tione
1063 4301 1202 4369 Ecclesia,
1224 4315 1284 4372 que
1312 4297 1363 4354 sub
1381 4295 1525 4354 interdicto
1544 4303 1662 4365 tenetur,
1695 4296 1756 4354 vice

109 4396 146 4453 fd
151 4396 327 4471 Goulredam
334 4397 570 4456 Gomofenaemel
577 4398 754 4471 Stephanum
761 4400 902 4456 Parietes·
915 4413 942 4475 ῃ
957 4403 1050 4452 nostra
1064 4391 1208 4464 providere
1222 4386 1333 4446 curetis.

141 4484 237 4594 ἓν
256 4471 373 4542 ‘'mlii’‘-
389 4470 520 4554 focam
542 4470 741 4557 foem‘lf'lflflm
762 4470 901 4541 lnffssfsff·
992 4493 1090 4547 Datum
1107 4487 1175 4544 Pisis
1184 4483 1470 4542 sextoldusfanuarii.

186 4555 218 4596 es
251 4539 905 4611 rebemboldasabdecunlfurefmnenaisogsre

143 4615 310 4679 teneantur,
328 4615 362 4667 ot
385 4611 609 4684 satisfecissent
620 4611 654 4669 ob
672 4613 906 4671 excommunico·
1323 4582 1392 4641 CLI·
1653 4681 1658 4693 ι

144 4683 221 4738 tione
236 4683 431 4740 msoluontnr.
1040 4686 1224 4758 Priuilegiatm
1235 4698 1287 4754 pro
1300 4683 1475 4739 monasterio
1489 4678 1671 4737 dorbacense.

343 4778 435 4848 (Anno
451 4780 528 4846 llsl,
543 4781 608 4836 fan.
628 4780 673 4849 s.)
1187 4781 1276 4850 (Anno
1291 4777 1369 4843 llll,
1384 4777 1447 4832 lars.
1462 4775 1525 4845 ΙΙ.)

282 4873 452 4948 [θ’Δωιιῐ,
466 4877 576 4949 Spicil.,
591 4877 639 4947 ΙΙΙ,
654 4874 735 4950 llis]
978 4874 1155 4948 [Dmnussra
1167 4870 1238 4926 ilict.
1249 4867 1284 4924 de
1298 4864 1408 4936 f'dgfits
1421 4863 1454 4919 de
1467 4862 1578 4930 beosa,
1593 4862 1628 4928 ll,
1637 4879 1665 4935 p.
1677 4864 1740 4937 ΙΙ]

145 4970 340 5027 [ascematus
353 4971 511 5043 episcopus,
524 4988 623 5028 servus
636 4987 779 5032 serrorum
791 4971 909 5039 Deira-
998 4974 1189 5029 Innocssrrus
1215 4964 1372 5036 episcopus,
1401 4975 1499 5016 sersus
1527 4974 1672 5018 serrorum
1695 4960 1757 5031 Dei,

112 5058 278 5115 nerabtlibus
296 5057 427 5115 fratribus
441 5059 595 5117 Gaurnsno
608 5061 771 5119 carnotensi
797 5067 909 5132 aposto·
962 5063 1062 5120 dilecto
1076 5057 1103 5113 in
1119 5055 1227 5112 Christo
1240 5053 1347 5108 Narsur
1365 5045 1532 5106 llesbaceusi
1547 5047 1649 5114 abbati,
1679 5049 1759 5121 ejus-

111 5155 171 5212 licre
185 5156 260 5212 sedis
275 5155 379 5230 legato,
393 5164 422 5213 et
436 5158 585 5216 Samuano
601 5158 749 5216 Parisieusi
758 5157 907 5233 episcopis,
962 5175 1015 5233 que
1029 5152 1239 5214 successoribus
1254 5146 1417 5223 regulariter
1430 5144 1624 5216 promovendis
1651 5146 1679 5202 in
1693 5162 1759 5220 per-

111 5243 226 5301 salutem
235 5251 265 5300 et
276 5244 454 5315 apostolicam
469 5245 702 5305 benedictionem.
959 5262 1087 5323 petuum.

145 5339 474 5399 Noreritsestradilectio
488 5343 617 5415 quoniam
628 5342 776 5400 Goliredua
784 5342 820 5398 de
830 5341 910 5400 Vico-
997 5337 1235 5414 Quemadmodum
1266 5351 1299 5392 ex
1331 5342 1471 5408 gestorum
1501 5341 1624 5391 retcmm
1649 5330 1759 5404 scriptia

112 5450 183 5496 aare
195 5451 289 5509 nuper
306 5436 343 5495 ad
360 5452 413 5495 nos
425 5438 549 5506 neumas,
568 5439 760 5513 inpraesentia
783 5437 910 5496 fratrum
962 5433 1132 5507 agnovimus,
1152 5426 1194 5484 uir
1212 5425 1322 5497 qudam
1339 5422 1515 5490 venerabilis,
1534 5421 1613 5478 Dado
1637 5420 1758 5493 nomina,

112 5541 273 5593 maurum
284 5531 480 5605 iureiurando
496 5534 624 5607 firmarit,
639 5537 714 5611 quod
729 5536 806 5594 salsa
820 5533 911 5594 fideli·
963 5530 1073 5590 natione
1087 5522 1268 5599 ancigena,
1299 5520 1327 5579 in
1359 5519 1422 5580 loco
1440 5520 1487 5595 qui
1505 5517 1645 5576 llesbaeos
1659 5515 1761 5617 dicitnr

111 5630 168 5682 tata
177 5622 337 5683 ebarhbni
349 5621 495 5682 filantii
502 5624 634 5684 monim
654 5625 818 5686 emma-um
833 5624 910 5699 regie
964 5633 1047 5693 saper
1056 5616 1144 5675 risum
1153 5612 1276 5685 ejusdem
1287 5609 1406 5669 mainis
1419 5609 1449 5667 in
1460 5623 1535 5682 pago
1551 5604 1695 5675 ualdaau,
1708 5604 1765 5664 de·
