3750 6000
843 223 933 282 LUCll
954 225 978 280 ll
996 223 1102 281 PAPAE.

636 563 901 682 nucu
933 564 1004 684 11
1037 565 1322 683 PAPAE

366 830 836 984 EPlSPOLAE
892 834 1008 980 ΕΤ
1060 832 1594 983 PittVlLEGlA

544 1315 567 1370 l,

157 1399 342 1473 Pririlcpium
348 1418 400 1474 pro
414 1404 624 1461 monasterius.
638 1403 803 1461 columbani
817 1402 954 1463 Bobicnsi.

377 1492 468 1561 (Anno
484 1493 563 1562 tttt,
577 1493 661 1550 llari.
681 1495 737 1564 to.)

302 1578 448 1652 [Uunanau
463 1582 548 1638 ltalia
561 1598 654 1650 sucro,
670 1582 717 1649 tv,
739 1582 815 1657 bii}

195 1667 298 1725 Lamus
311 1668 465 1741 episcopus,
486 1687 584 1727 servus
597 1687 740 1728 servorum
762 1671 821 1742 Dei,
849 1671 956 1728 dilectis

159 1754 222 1813 liliis
237 1756 361 1814 Oannaro
376 1758 469 1815 abbati
489 1760 518 1817 S.
535 1760 698 1817 columbani
714 1760 865 1830 bobiensis,
880 1762 956 1832 ejus·

161 1862 215 1917 que
230 1846 362 1903 iratribus
381 1855 436 1903 um
450 1848 634 1920 praesentibus
648 1865 728 1923 quam
743 1849 850 1919 luroris,
870 1867 955 1923 regu-

160 1933 247 1990 larum
262 1935 342 1992 vitam
359 1937 491 2008 professis
505 1937 532 1993 in
548 1946 719 2010 perpetuum.

195 2023 250 2080 Piae
260 2024 406 2096 postulatio
415 2026 559 2083 voluntatis
569 2026 669 2085 ellectu
680 2028 762 2085 debet
771 2036 956 2101 prosequente

159 2111 302 2185 compleri,
331 2121 361 2168 ut
390 2123 417 2170 et
442 2114 594 2172 devotionis
608 2117 755 2174 sinceritas
782 2117 956 2176 laudabiliter

158 2201 340 2270 enitescebat
350 2201 449 2258 utilitas
459 2204 593 2275 postulata
603 2205 676 2262 uires
685 2204 869 2262 indubitanter
878 2222 955 2263 assu·

158 2299 227 2346 mat.
247 2292 286 2349 lla
301 2300 414 2363 propter
426 2290 519 2349 dilecti
534 2293 562 2348 in
575 2294 692 2351 Domino
703 2294 955 2364 tibiucam-injustis

157 2379 389 2453 postulationibus
408 2379 559 2438 clementer
572 2383 726 2453 annuimus,
743 2384 819 2439 Beati
842 2383 954 2440 Colum-

158 2468 225 2525 bani
236 2468 391 2536 ecclesiam,
407 2468 435 2524 in
448 2486 500 2543 qua
522 2470 614 2528 divino
629 2471 855 2544 mancipationis
870 2474 949 2529 obse·

160 2558 225 2630 quio
241 2573 291 2614 suo
307 2557 380 2614 beati
395 2558 469 2614 Petri
482 2566 509 2616 et
523 2567 617 2617 nostra
643 2561 813 2633 protectione
831 2563 954 2633 suscipi-

968 1304 997 1369 Α
1012 1328 1076 1370 cum
1091 1313 1263 1387 pertinentiis
1278 1314 1345 1384 auis,
1362 1314 1505 1372 ecclesiam
1534 1315 1563 1371 S.
1580 1313 1769 1373 bartholomaei
1785 1314 1809 1371 in

1009 1412 1083 1459 sarto
1098 1417 1159 1459 cum
1174 1403 1346 1474 pertinentiis
1370 1405 1437 1473 auis,
1453 1413 1480 1462 et
1507 1404 1653 1462 medietate
1684 1405 1806 1473 mercati,

1009 1492 1156 1549 ecclesiam
1183 1493 1276 1551 Sancti
1302 1493 1439 1552 Desiderii
1463 1510 1526 1552 curn
1554 1492 1726 1567 pertinentiis
1741 1494 1808 1562 suia,

1010 1581 1153 1639 ecclesiam
1169 1582 1198 1639 S.
1222 1583 1360 1639 Laurentii
1375 1599 1437 1641 cum
1456 1582 1630 1657 pertiuentiis
1644 1581 1711 1639 suia.
1730 1582 1807 1639 llar-

1009 1680 1101 1727 catum
1125 1671 1217 1728 Sancti
1245 1671 1416 1739 Columbani,
1446 1679 1473 1729 et
1501 1672 1575 1729 aliud
1601 1679 1753 1728 mercatum
1773 1671 1809 1727 de

1010 1758 1101 1824 Oliva,
1112 1776 1226 1816 censum
1236 1760 1331 1817 decem
1343 1761 1491 1818 solidorum
1503 1758 1676 1833 Papiensium
1691 1759 1720 1815 in
1732 1763 1809 1817 curte

1010 1848 1149 1916 Oremale,
1161 1849 1258 1905 Villam
1269 1850 1303 1905 de
1312 1849 1435 1917 Stabulo,
1446 1849 1535 1905 villam
1545 1848 1808 1916 deCauatinanora,

1008 1937 1144 1993 decimam
1166 1937 1200 1994 de
1215 1937 1338 1994 Bradsllo
1359 1938 1505 2004 Antonino,
1533 1937 1624 1994 viltam
1651 1937 1686 1993 de
1701 1936 1809 1992 anba·

1009 2041 1076 2101 pne,
1088 2025 1221 2082 villamde
1232 2027 1318 2093 Salsa,
1330 2043 1455 2083 mansum
1465 2027 1589 2094 (lavone,
1598 2026 1806 2098 possessiouem

1009 2115 1111 2172 Tedisii
1126 2115 1161 2171 de
1171 2116 1293 2187 cicogni,
1311 2115 1402 2173 villam
1417 2114 1452 2172 de
1465 2115 1603 2183 llinturni,
1623 2123 1651 2173 et
1664 2114 1806 2181 Brodinm,

1009 2212 1035 2259 et
1051 2205 1159 2259 Pratum
1176 2205 1338 2261 bonicatum
1366 2205 1394 2261 iu
1409 2206 1501 2261 Monte
1516 2203 1631 2274 Punicis,
1660 2204 1754 2261 lloute
1768 2203 1805 2259 de

1008 2291 1174 2359 Mersouion,
1200 2292 1291 2348 villam
1306 2294 1342 2350 de
1370 2292 1480 2360 Cereto,
1507 2293 1598 2348 villam
1624 2291 1659 2347 de
1674 2291 1806 2347 &vanna

1008 2398 1070 2439 cum
1097 2381 1193 2437 limida
1226 2382 1372 2447 dominica,
1408 2381 1548 2454 Sapetelli,
1574 2388 1600 2437 et
1628 2381 1804 2449 floreretum,

1008 2471 1125 2526 Montani
1141 2471 1175 2526 de
1190 2470 1299 2541 Casina,
1316 2470 1408 2527 nillum
1444 2472 1478 2526 de
1497 2471 1633 2538 Ronenrc,
1650 2469 1741 2524 villam
1771 2469 1807 2526 de

1008 2558 1121 2619 Faideli.
1150 2560 1259 2614 Pratum
1275 2560 1408 2631 Longum,
1423 2576 1548 2616 mansum
1576 2557 1670 2630 bngoli
1685 2557 1809 2615 Gamba-

159 2663 232 2715 mus,
252 2654 279 2704 at
295 2645 444 2718 praesentis
458 2647 554 2719 scripti
574 2648 722 2721 privilegio
745 2651 953 2720 communimus,
969 2647 1072 2724 Blata,
1102 2648 1244 2704 liunebum
1273 2649 1307 2704 de
1333 2648 1421 2706 Griilo
1449 2648 1573 2715 iraeturn,
1603 2647 1745 2704 liunebum
1773 2645 1810 2703 de

160 2741 311 2791 statuentes
323 2742 351 2790 ut
367 2750 544 2808 quascunque
567 2737 767 2809 possessiones,
789 2755 959 2812 quacunque
1014 2737 1153 2804 Pradalia‚
1168 2752 1295 2793 mansum
1323 2737 1444 2804 barbuti,
1469 2738 1643 2794 mansumde
1658 2737 1736 2792 Petra
1752 2736 1810 2792 Co-

161 2821 234 2878 bona
248 2823 276 2878 in
291 2822 500 2894 praesentiarum
512 2825 588 2894 juste
600 2832 628 2881 et
641 2827 772 2885 canonice
800 2828 958 2900 possidetis,
1012 2823 1117 2892 lumba,
1133 2842 1261 2881 mansum
1288 2825 1323 2882 de
1339 2826 1497 2893 luncaritia,
1525 2841 1653 2880 mansum
1671 2825 1706 2880 de
1720 2823 1810 2892 Silva,

161 2919 207 2967 aut
222 2910 250 2966 in
265 2910 383 2967 futurum
407 2912 588 2970 concessione
616 2913 785 2986 pontificum,
814 2917 961 2990 largitione
1014 2929 1139 2970 mansum
1155 2913 1189 2970 de
1204 2914 1324 2980 buzavil,
1339 2930 1464 2970 mansum
1478 2913 1513 2971 de
1528 2913 1666 2980 Costalda,
1682 2928 1812 2968 mansum

162 3015 271 3072 regum,
287 3000 331 3056 rel
347 2999 509 3072 principum,
537 3001 674 3059 oblatione
690 3001 819 3072 bdelium,
835 3007 961 3063 seualiia
1013 3003 1049 3059 de
1063 3002 1208 3069 Corrssenti,
1228 3019 1350 3059 mensum
1366 3004 1401 3059 de
1415 3003 1517 3068 Gorda,
1546 3018 1668 3057 mensum
1683 3000 1813 3057 boniac·

162 3089 243 3160 justis
258 3088 348 3145 modia
363 3089 422 3145 lieo
436 3089 553 3161 propitio
576 3091 702 3163 poteritis
726 3093 854 3164 adipisci,
883 3094 963 3153 iirma
1015 3091 1100 3147 nioris
1115 3091 1149 3147 de
1163 3091 1259 3161 Caulo,
1276 3107 1389 3148 manans
1402 3092 1437 3147 de
1454 3091 1533 3160 llioli,
1548 3091 1669 3160 casaria,
1685 3106 1812 3146 mansum

164 3180 242 3237 robis
258 3180 410 3251 uestrisque
425 3179 642 3248 successoribus,
671 3189 697 3237 et
724 3182 830 3240 illibata
850 3202 962 3257 perma-
1015 3179 1146 3252 lisignoli
1166 3181 1235 3236 inter
1262 3181 1386 3248 Bobium,
1415 3188 1442 3236 et
1460 3180 1594 3246 Troiiam,
1621 3195 1747 3236 mansum
1777 3179 1814 3235 de

166 3276 261 3327 ncnnt.
278 3269 307 3325 ln
324 3268 423 3341 quibus
436 3269 496 3326 baec
509 3269 629 3342 propriis
644 3269 771 3328 duximus
785 3275 964 3346 exprimenda
1016 3270 1115 3335 llario,
1144 3269 1460 3334 mansnmdeGoalino,
1489 3284 1614 3324 mansum
1642 3268 1677 3324 de
1704 3267 1813 3334 cisino,

166 3357 319 3414 vocabulis.
329 3357 438 3413 cirtem
450 3357 480 3414 S.
490 3356 596 3413 buruni
609 3373 670 3414 cum
691 3360 818 3429 eeclesia,
834 3370 861 3418 et
873 3371 964 3420 castro
1016 3374 1142 3414 mansum
1171 3359 1205 3413 de
1221 3358 1311 3423 uitta,
1327 3374 1452 3413 mansum
1467 3357 1555 3424 (ὶυίτὶ.
1584 3372 1709 3413 marisam
1723 3355 1817 3413 cora·

168 3446 241 3518 quod
256 3445 357 3503 dieitur
371 3446 453 3501 Petra
480 3444 589 3501 darana
617 3462 678 3503 eum
706 3449 765 3505 auis
784 3452 963 3522 pertinentiis.
1018 3447 1088 3515 zela,
1104 3463 1231 3503 mansum
1247 3448 1281 3503 de
1297 3447 1411 3514 Albino,
1427 3461 1552 3501 mausum
1567 3445 1602 3501 de
1617 3446 1717 3513 Cutw.
1733 3461 1817 3500 ¹¹¹⁸ss-

168 3535 280 3590 Curiam
295 3533 323 3588 S.
340 3532 490 3589 salvatoris
505 3548 569 3589 cum
585 3534 715 3603 ecclesia,
744 3545 771 3593 et
796 3539 966 3609 pertinentiis
1018 3552 1078 3592 aum
1094 3536 1128 3591 dc
1145 3535 1227 3600 bivia,
1243 3551 1370 3590 mansum
1384 3535 1522 3592 llarconis
1544 3533 1706 3601 deCaneto,
1733 3550 1817 3589 man·

169 3622 237 3691 suis,
251 3630 355 3679 curtem
370 3621 405 3678 de
428 3622 514 3678 Cruce
539 3637 602 3680 cum
615 3622 744 3694 ecclesia,
759 3634 785 3682 et
797 3629 967 3698 pertinentiis
1018 3641 1079 3681 aum
1094 3625 1128 3680 da
1143 3625 1245 3691 Sancto
1261 3623 1417 3693 Desiderio,
1441 3639 1564 3679 mansum
1580 3622 1614 3678 de
1629 3623 1745 3689 Gnerro,
1759 3623 1820 3679 De-

171 3711 241 3778 suis,
269 3709 538 3778 curtamdeGarda,
570 3712 967 3787 cumecclesiis,districto,et
1018 3714 1119 3770 cimam
1132 3711 1623 3777 GiselbertideGurra‚mansumde
1640 3710 1818 3782 Ponzipiodo,

171 3798 426 3874 pertinentiarum,
455 3807 561 3856 curtem
588 3800 765 3860 Cerellicum
785 3806 911 3874 eeclesia,
940 3815 968 3862 et
1019 3818 1142 3857 inarraum
1157 3801 1260 3858 Rustici
1273 3801 1308 3858 de
1322 3801 1452 3868 Stavella,
1481 3816 1606 3856 mansum
1634 3799 1748 3857 loannis
1764 3801 1819 3857 lie·

170 3889 340 3965 pertinentiis
355 3889 422 3958 auia,
438 3898 541 3947 curtem
555 3889 590 3947 de
614 3892 737 3949 Gratilla
761 3909 824 3952 oum
839 3896 966 3968 ecclesia,
1020 3891 1118 3947 nedicti
1135 3891 1169 3946 de
1183 3891 1277 3946 Cau'o.
1302 3890 1440 3948 Decimam
1468 3887 1629 3945 Lanirnncbi
1644 3889 1678 3945 de
1706 3889 1818 3954 Ottone,

172 3987 200 4039 at
214 3979 386 4054 pertinentiis
401 3979 468 4050 suis,
484 3986 587 4037 curtem
612 3997 674 4053 quae
687 3990 800 4039 iocatur
815 3984 965 4059 Gomorga,
1022 3996 1146 4035 mansum
1162 3979 1315 4048 savonarii,
1332 3995 1458 4034 mansum
1473 3977 1606 4051 lingonis,
1620 3986 1646 4033 et
1664 3977 1770 4032 ilberti
1784 3977 1820 4033 de

174 4087 236 4129 cum
251 4070 378 4137 ecclesia,
394 4068 527 4137 districto,
543 4076 570 4125 et
583 4071 754 4141 pertinentiis
769 4073 836 4128 suis.
856 4074 969 4130 Plebem
1023 4070 1186 4144 bagathani,
1202 4085 1326 4125 mansum
1350 4069 1432 4125 vallis
1449 4067 1613 4133 lovariolae,
1629 4082 1754 4122 mansum
1783 4068 1821 4121 da

175 4164 204 4218 S.
220 4159 318 4217 Albani
333 4158 359 4214 in
375 4157 544 4214 candiubrio
558 4174 619 4214 oum
648 4159 770 4230 decimis,
786 4170 813 4217 et
828 4163 968 4234 pertinen·
1024 4158 1197 4215 Pradellede
1221 4158 1308 4226 Sarto,
1337 4173 1462 4213 mansum
1491 4157 1664 4217 Semerzarii.
1693 4170 1821 4210 mansum

175 4251 220 4307 tiis
235 4249 302 4317 suia,
313 4247 459 4304 ecclesiam
474 4247 503 4303 S.
519 4246 610 4303 blariae
623 4246 651 4303 in
667 4249 758 4305 Monte
781 4251 877 4324 lungo
903 4267 968 4308 cum
1024 4247 1058 4304 de
1079 4247 1212 4316 Pradelle,
1241 4262 1364 4303 mansum
1394 4245 1491 4302 borelli
1516 4244 1551 4300 de
1579 4245 1667 4310 Sarte,
1696 4259 1822 4299 mansum

175 4337 348 4413 pertinentiis
362 4336 426 4402 anis,
457 4334 601 4392 ecclesiam
617 4336 645 4392 S.
666 4338 838 4409 sinphoriani
852 4341 879 4395 in
894 4349 971 4399 curte
1026 4335 1198 4404 Semerzarii,
1223 4352 1346 4392 mansum
1373 4337 1408 4392 de
1427 4333 1545 4401 Solario,
1568 4349 1696 4390 mansum
1710 4332 1744 4388 de
1760 4335 1823 4388 lla-

176 4427 293 4486 Neblani
307 4441 370 4483 curn
397 4423 522 4490 decimis,
544 4432 570 4480 et
593 4427 765 4496 pertinentiis
779 4428 846 4496 suis,
867 4438 970 4486 curtem
1026 4426 1103 4492 tiottt,
1121 4441 1245 4480 mansum
1261 4425 1401 4494 cojorum,
1414 4437 1539 4478 mansum
1552 4422 1684 4490 Petrocbi,
1699 4433 1725 4478 et
1739 4421 1821 4477 inan-

179 4522 208 4575 S.
225 4514 330 4572 Martini
344 4513 374 4570 in
389 4512 459 4570 valle
473 4512 603 4585 purpuria
630 4528 691 4570 cum
706 4514 831 4584 decimis,
851 4525 877 4573 et
892 4518 973 4589 perii·

178 4606 279 4665 neutiis
293 4603 358 4671 suis,
380 4601 524 4658 ecclesiam
553 4602 644 4659 Sancti
673 4604 763 4660 Eivasii
784 4604 809 4661 in
824 4605 972 4676 Quintiano

178 4714 239 4756 cum
255 4692 378 4760 decimis,
399 4700 425 4748 et
438 4690 608 4763 pertinentiis
629 4691 696 4760 suia,
722 4693 865 4751 ecclesiam
882 4695 973 4752 Sancti

178 4786 252 4846 Petri
266 4784 294 4841 in
306 4781 374 4839 blasi
387 4796 449 4839 cnm
464 4779 591 4848 decimis,
607 4789 634 4837 et
648 4782 817 4853 pertinentiis
842 4784 907 4849 suis,
923 4799 972 4842 ec·

178 4876 293 4938 alesiam
319 4869 415 4928 Sancti
428 4868 553 4944 Georgii,
573 4886 635 4943 qua
649 4877 691 4927 est
705 4871 755 4928 sita
776 4872 866 4929 llonta
881 4881 970 4940 acuto,

179 4985 242 5027 cnm
255 4961 379 5026 decimis,
396 4958 606 5030 etpertincntiis
620 4960 688 5027 auia,
717 4960 864 5019 ecclesiam
881 4962 972 5019 Sancti

1026 4517 1069 4571 nis
1084 4515 1119 4571 de
1134 4514 1256 4581 coniolo,
1273 4521 1462 4568 sortemunam
1474 4513 1500 4566 in
1515 4511 1607 4577 liobe,
1624 4519 1726 4566 sortem
1737 4526 1821 4565 unam

1027 4605 1053 4659 in
1080 4604 1192 4661 liunnlro
1216 4603 1338 4669 loannis,
1357 4609 1460 4658 sortem
1490 4615 1571 4656 uuam
1590 4600 1616 4655 in
1634 4599 1766 4666 Parratio,
1797 4608 1824 4656 et

1026 4708 1138 4749 censum
1154 4693 1189 4748 de
1217 4690 1348 4747 cornulo.
1376 4689 1502 4745 Braidam
1521 4689 1554 4744 de
1572 4690 1665 4752 Ponte,
1695 4687 1823 4743 braidam

1025 4783 1104 4853 juxta
1131 4781 1264 4837 fossatum
1280 4779 1442 4843 debatalia,
1464 4777 1586 4833 braidam
1605 4777 1633 4832 in
1650 4777 1755 4848 Campo
1769 4776 1826 4832 Fa·

1027 4871 1107 4936 siani,
1133 4869 1254 4925 braidam
1270 4867 1296 4922 in
1313 4867 1408 4939 Pegai,
1439 4866 1561 4922 braidam
1577 4866 1603 4921 in
1633 4864 1817 4922 llarcelasco.

1027 4963 1135 5016 Pratum
1159 4958 1233 5032 quod
1249 4957 1346 5013 dicitur
1361 4955 1509 5027 Codrrpnar
1524 4971 1584 5010 cum
1600 4953 1688 5010 vineis
1702 4952 1755 5010 sibi
1769 4955 1822 5010 ad·

176 5061 289 5115 Thomae
316 5052 344 5108 in
373 5051 498 5107 nomano
526 5064 587 5104 cum
606 5048 729 5113 decimis,
755 5058 782 5107 et
803 5053 972 5121 pertinentiis
1023 5050 1136 5121 junctis.
1154 5049 1263 5103 Vineam
1280 5046 1348 5101 inira
1363 5044 1509 5110 civitatem,
1525 5052 1553 5099 et
1566 5042 1823 5113 blolendina.Quae·

177 5147 243 5212 suis,
273 5140 419 5200 ecclesiam
434 5138 469 5196 da
482 5137 609 5194 Ceraaola
632 5154 693 5195 cum
721 5141 888 5211 pertinentiis
903 5141 968 5213 suia,
1026 5155 1134 5209 cunque
1147 5137 1230 5194 etiam
1246 5134 1374 5191 venerab.
1387 5133 1472 5189 irater
1485 5141 1579 5188 noster
1593 5132 1703 5189 Simeon
1718 5133 1825 5203 epiaco

177 5233 323 5294 ecclesiam
337 5228 427 5286 Sancti
447 5225 578 5283 antonini
588 5227 623 5283 de
633 5227 729 5283 braida
752 5244 817 5286 cum
832 5229 969 5301 pertinen·
1024 5246 1078 5301 pos
1094 5235 1191 5290 vester,
1208 5224 1249 5281 rol
1266 5231 1457 5279 antecessores
1471 5222 1531 5292 ejus
1546 5221 1603 5276 sive
1620 5220 1701 5277 etiam
1724 5220 1824 5278 Aluisa

178 5324 224 5382 tiis
236 5321 304 5390 suis,
321 5316 464 5376 ecclesiam
480 5316 509 5372 S.
526 5314 640 5391 Georgii
654 5315 689 5372 de
703 5317 820 5374 llontale
834 5334 895 5375 cunr
911 5336 971 5391 per·
1026 5312 1270 5374 uxormarcbionis
1299 5311 1456 5382 ltlaiespinae
1474 5326 1536 5367 cum
1560 5309 1621 5365 liliis
1645 5309 1701 5365 suia
1729 5311 1820 5375 robis,

174 5411 296 5470 tinentiis
310 5407 376 5476 suis,
394 5403 541 5462 ecclesiam
556 5405 648 5461 Sancti
670 5406 788 5463 Andreae
802 5406 830 5462 in
843 5408 969 5464 'Pravano
986 5377 1009 5440 ὓ
1024 5403 1219 5461 rationabiliter
1242 5407 1439 5458 concesserunt
1462 5398 1586 5454 similiter
1609 5395 1816 5455 confirmamus.

173 5519 237 5564 cum
251 5495 364 5557 decimis
374 5503 401 5552 at
410 5491 580 5567 pertinentiis
598 5493 665 5561 auis,
676 5495 820 5553 ecelesiam
831 5497 860 5554 S.
878 5496 969 5554 liariae
1025 5496 1096 5554 Sene
1111 5493 1236 5548 laborum
1260 5497 1423 5554 vestrumm,
1444 5503 1512 5560 qnos
1539 5486 1660 5560 propriis
1678 5487 1818 5555 manibus,

171 5594 199 5651 in
214 5591 350 5666 Spelunca
362 5600 423 5643 enm
438 5580 609 5657 pertinentiis
624 5583 690 5656 anis,
702 5585 848 5644 ecclesiam
863 5586 968 5643 Noram
1023 5593 1070 5643 aut
1084 5581 1239 5657 sumptibus
1254 5578 1354 5646 colitis,
1374 5578 1432 5634 sire
1456 5578 1490 5635 de
1505 5575 1679 5633 nutrimentis
1706 5583 1819 5634 rastro-
