3772 6006
18 240 25 247 ’
128 251 206 314 laic
576 243 779 307 wlcassini
800 240 1175 308 matussacatehffls
1199 243 1382 307 Mensem
1776 248 1843 309 lete

123 371 950 457 aruutargudomumincolumesmagnaetditlusaomues
965 375 990 442 Α
1006 388 1072 429 rum
1085 371 1279 429 litteratorum
1298 371 1426 431 virorum
1451 372 1553 432 nobile
1582 374 1796 448 gymnasium.
1811 378 1847 434 lbi

123 457 275 544 apostolici
299 467 474 525 liberalitate
495 465 530 520 de
551 465 659 519 damno
685 463 774 535 priori
799 460 952 519 consolati.
1006 461 1196 518 streneshalh
1212 464 1379 518 sanctarum
1396 462 1544 536 virginum
1567 464 1682 535 choro,
1700 465 1847 525 beatorum

25 612 28 617 ,
125 549 953 623 Consecutisuntabauutesllomanorumlegati‚quiaan-
1008 551 1525 626 antistitum,etegregiorumregum
1538 553 1718 612 mausoleis
1730 555 1846 630 insigne,

125 639 954 715 ctissimulestauum,perconsensumAldrediWigor-
1007 640 1086 713 quod
1102 656 1179 697 nunc
1195 638 1303 697 Witebi
1320 639 1443 710 dictum,
1459 642 1666 716 semisopitos
1694 644 1811 703 cineres
1824 650 1845 704 iu

126 738 181 793 niae
201 735 374 792 ordinarunt
398 733 579 804 episcopum.
605 730 662 785 Nec
678 729 792 785 anima
814 727 952 800 Stigaudo
1007 729 1096 787 vitam
1126 730 1322 802 quorumdam
1346 729 1491 787 industria
1519 736 1690 805 satagente
1714 736 1843 794 suscitat:

124 831 195 882 tunc
224 822 430 879 cantuariensi
465 821 575 877 nomine
604 822 690 875 tenus
721 817 951 889 archiepiscopo,
1007 820 1185 892 inventaque
1209 822 1280 875 aunt
1304 819 1469 884 noviter,et
1489 820 1521 877 in
1544 822 1758 880 eminentiam
1781 827 1843 884 elata

126 916 284 988 quisquam
300 914 396 969 benus
412 909 578 984 pontificale
595 926 704 965 munus
715 909 890 980 susciperet,
902 908 952 979 qui
1008 914 1174 968 sanctorum
1191 925 1313 980 corpora
1336 909 1502 966 'trumwini
1518 911 1677 985 episcopi,
1696 913 1789 970 Oswii
1807 935 1840 975 ra
1871 932 1878 963 '-

126 1023 184 1061 non
200 1021 251 1076 per
265 1002 374 1060 estium
386 1003 415 1057 in
427 999 500 1058 evile
512 1000 610 1056 ovium
622 1000 776 1068 intrasset;
788 999 839 1070 qui
850 1015 951 1070 quam·
1007 1001 1063 1074 gis,
1074 1009 1101 1056 et
1111 999 1223 1058 stheus
1232 999 1299 1055 tiliae
1308 999 1382 1070 ejus,
1394 1015 1458 1071 quae
1468 999 1570 1057 eidem
1589 1005 1780 1062 monasterie
1789 1014 1839 1079 post

125 1096 168 1152 vie
184 1112 261 1167 saepe
276 1111 293 1150 a
308 1095 374 1148 sede
394 1099 543 1148 vocaretur
566 1089 733 1162 apostolica,
749 1094 847 1145 temen
873 1104 952 1146 nunc
1006 1090 1122 1147 llildam
1147 1090 1273 1162 prefuit,
1288 1105 1342 1146 nec
1358 1105 1416 1146 non
1431 1094 1460 1146 et
1474 1089 1559 1147 illius
1589 1094 1750 1161 monachi,
1768 1114 1836 1168 quem

127 1177 952 1247 dilationibus,nuncmuneribuseludcbatomnia,douec
1006 1180 1102 1236 divino
1119 1194 1239 1235 munere
1255 1178 1405 1236 scientiam
1421 1184 1523 1236 cautus
1538 1182 1707 1254 accepisse
1722 1185 1796 1242 Beda
1807 1205 1836 1244 re·

127 1274 237 1330 venirat
249 1290 297 1329 rex
306 1270 492 1340 willielmus,
500 1285 587 1342 quern
601 1267 680 1324 nulla
691 1283 874 1340 corrumpere
885 1285 951 1340 pes·
1007 1270 1071 1327 lert.
1079 1269 1169 1341 Cujus
1179 1284 1237 1325 non
1247 1267 1338 1324 luisse
1346 1268 1423 1340 apud
1432 1268 1524 1325 Deum
1534 1270 1693 1342 populare
1702 1275 1834 1346 meriton,

126 1366 170 1419 set
194 1359 441 1434 tergiversationis
467 1358 583 1415 astutia.
608 1357 634 1412 Is
659 1357 832 1429 stigandum
855 1355 952 1427 palam
1006 1359 1149 1416 miracula
1164 1358 1246 1414 modo
1263 1356 1364 1426 multa,
1381 1363 1413 1413 ut
1428 1358 1535 1428 larunt,
1554 1375 1699 1431 superne
1722 1363 1833 1423 demissa

124 1454 282 1510 notabilem
295 1452 429 1520 reddidit,
439 1448 540 1506 uolens
550 1450 625 1505 abeo
637 1448 951 1521 sacramentumregia
1007 1448 1191 1522 praetendunt
1213 1445 1366 1516 indicium,
1383 1447 1461 1503 uude
1485 1450 1667 1506 necessario
1690 1451 1773 1509 illius
1785 1472 1834 1524 pro

123 1540 336 1599 benedictionis
351 1544 517 1610 suscipere:
533 1536 701 1593 exhortatus
721 1536 866 1593 Aldredus
882 1554 950 1593 cou-
1006 1538 1105 1595 vincia
1122 1535 1299 1593 monasteria
1310 1552 1366 1591 uon
1378 1536 1489 1606 evolvo,
1499 1538 1583 1608 quod
1596 1545 1833 1601 vetustaomoiuo

123 1630 312 1686 secretionem
328 1629 397 1700 egit,
414 1631 514 1683 exacto
530 1626 613 1698 prius
628 1642 725 1682 ceram
741 1626 822 1683 omui
843 1625 950 1697 populo
968 1673 991 1739 B
1007 1628 1114 1699 diruta,
1127 1625 1169 1682 vel
1181 1626 1204 1682 si
1217 1625 1407 1695 uova‚adhuc
1423 1627 1680 1699 ignotaquamvis
1696 1631 1753 1687 hoc
1766 1649 1833 1705 opera

122 1719 324 1791 jurejurando,
341 1718 417 1790 quod
434 1733 465 1772 se
483 1717 610 1773 modeste
625 1733 694 1788 erga
708 1715 856 1787 subjectos
881 1731 952 1787 ege·
1006 1734 1063 1775 uon
1081 1717 1179 1773 emnia
1195 1732 1245 1788 per
1259 1715 1393 1788 angliam
1416 1717 1625 1775 enumeranda
1654 1723 1832 1794 susceperim,

125 1815 177 1875 ret,
193 1812 223 1864 et
247 1824 329 1880 reque
348 1808 414 1878 jure
439 1806 545 1879 angles
570 1822 626 1878 quc
651 1806 787 1874 Francos,
804 1809 950 1862 tractaret.
1007 1807 1061 1863 nisi
1077 1823 1142 1879 quaa
1159 1806 1219 1862 sint
1234 1821 1285 1877 pro
1302 1804 1504 1878 indigenarum
1524 1813 1712 1865 sanctorum
1728 1816 1833 1884 corpori

126 1894 950 1969 ltaqueillumquandiuergnsuostemperiemhabuerit,
1006 1897 1062 1952 bus
1086 1895 1206 1966 majoris
1235 1895 1330 1961 lcmae,
1353 1893 1466 1951 altioris
1488 1895 1604 1968 gloria.
1633 1898 1705 1957 Huc
1730 1904 1831 1970 accedit,

125 1986 226 2042 dilexit
242 1990 275 2042 ut
291 1986 414 2057 prolem,
425 1990 580 2042 veneratus
592 1990 637 2041 eet
651 1989 684 2041 ut
699 2000 806 2056 regem.
818 1984 874 2041 Sed
885 2001 950 2042 cum
1007 1987 1083 2058 quod
1100 1986 1230 2056 quedam
1247 1989 1354 2040 nostran
1370 1983 1478 2040 notitiae
1496 1985 1610 2043 occulit
1633 1990 1833 2047 memoriane

122 2073 318 2146 importabilis
333 2075 433 2131 tributi
450 2090 573 2147 pensum
584 2091 601 2130 a
612 2073 838 2146 provincialibus
853 2074 950 2147 exige·
1005 2080 1111 2146 quates,
1125 2076 1259 2147 quedam
1270 2074 1498 2131 constructionis
1509 2075 1651 2134 novitas:
1664 2077 1728 2136 ista
1737 2082 1831 2153 proriu-

124 2168 177 2234 ret‚
194 2164 328 2221 convenit
350 2181 416 2220 eum
434 2180 482 2235 per
497 2163 605 2234 legatos
628 2163 770 2232 antistes;
787 2180 861 2236 quus
876 2179 951 2237 egre
1006 2165 1056 2222 cia
1072 2164 1283 2237 longinquitas,
1295 2162 1347 2219 illa
1361 2167 1530 2220 sanctorum
1548 2165 1579 2220 in
1595 2165 1641 2224 eis
1659 2170 1832 2242 requiescan-

126 2252 272 2308 admisscs
288 2267 355 2308 cum
371 2251 540 2308 turbulente
556 2268 697 2323 response
717 2251 874 2324 abegisset,
892 2268 950 2307 uon
1005 2254 1079 2311 tium
1096 2271 1146 2326 pro
1163 2252 1369 2310 miraculorum
1385 2252 1501 2309 raritate
1526 2254 1730 2330 obscuritas;
1745 2262 1831 2332 quihus

124 2342 258 2395 meratus
269 2338 317 2395 ille
329 2339 544 2395 maledictionis
558 2338 648 2395 telum
660 2338 689 2394 in
700 2338 784 2395 illum
796 2345 824 2396 et
835 2355 949 2396 omnem
1005 2344 1143 2401 omuibus
1159 2342 1211 2398 etsi
1228 2360 1261 2399 ax
1277 2342 1451 2399 necessitate
1472 2343 1537 2416 styli
1563 2346 1665 2402 nostri
1691 2348 1774 2406 deest
1785 2351 1832 2406 olli·

126 2430 192 2502 ejus
207 2429 340 2486 vibrabat
355 2430 534 2503 progeniem,
551 2430 698 2502 praelatus,
715 2446 799 2500 posse
812 2447 842 2486 aa
858 2428 949 2485 mele·
1005 2433 1082 2491 cium
1094 2449 1197 2506 parum
1209 2436 1305 2489 temen
1319 2435 1452 2488 nostrum
1464 2432 1670 2505 suspirabunt
1681 2437 1832 2505 silentium,

127 2518 284 2575 dictionem
299 2520 367 2574 darre
383 2519 497 2588 merito,
510 2520 558 2591 qui
576 2519 806 2575 benedictionem
822 2518 951 2574 dedisset
1004 2539 1071 2580 cum
1096 2521 1206 2579 tuerint
1228 2520 1298 2577 olim
1313 2520 1356 2577 vel
1376 2521 1424 2577 Dei
1445 2521 1598 2579 voluntate
1612 2525 1665 2581 vel
1682 2544 1741 2584 sua
1764 2529 1833 2585 iuda

124 2608 282 2664 immerite.
301 2608 379 2672 Quod
397 2624 463 2665 cum
481 2607 601 2664 relatum
621 2615 697 2665 esset
712 2607 773 2681 regi
788 2607 948 2664 amicorum
1004 2612 1075 2669 atria
1090 2612 1248 2685 propalata.
1261 2610 1832 2692 intercantantur-samurinhacpra·

123 2698 324 2755 admonitione
340 2698 479 2754 delinitus
494 2699 585 2766 misit,
602 2699 652 2770 qul
669 2699 837 2770 episcopum
853 2714 949 2753 exors·
1003 2701 1108 2771 vincia,
1120 2700 1262 2757 successit
1277 2701 1375 2756 animo
1387 2699 1593 2774 episcoporum
1607 2704 1833 2776 Haugustaldeu·

125 2797 195 2844 rent.
214 2788 424 2843 Verumtamen
443 2793 619 2859 prevenerat
641 2789 760 2844 nuntios
777 2804 856 2844 mors
871 2787 947 2842 auti·
1003 2791 1127 2857 aium,et
1140 2791 1174 2845 ad
1187 2789 1348 2846 Candidum
1359 2790 1473 2855 Caeam,
1486 2791 1563 2863 quod
1578 2792 1709 2865 Anglice
1727 2798 1832 2854 ll'iterar

125 2876 215 2943 stitia,
231 2877 282 2949 qui
297 2894 331 2933 ex
345 2877 516 2949 egritudine
543 2877 633 2933 animi
649 2879 695 2948 (ut
710 2876 881 2949 plerumque
905 2877 948 2948 lit)
1003 2880 1120 2950 dicitur,
1137 2896 1195 2936 non
1209 2879 1329 2934 reticere
1345 2878 1475 2946 nemina,
1491 2879 1562 2950 quia
1585 2881 1674 2939 enim
1696 2887 1832 2956 quondan

124 2966 949 3034 contractomorbodecubuerat,etcbierat.Libertasnni-
965 2969 989 3034 c
1005 2968 1267 3042 archiepiscopatui
1291 2968 1465 3024 llberaceuai
1488 2967 1626 3040 subJ'ecti,
1656 2974 1696 3028 sd
1727 2979 1832 3048 tempus

126 3053 164 3109 mi
178 3055 241 3125 ejus
252 3054 280 3108 in
294 3072 351 3110 unc
362 3056 447 3111 verbo
462 3055 568 3111 enituit
582 3054 728 3128 preclare,
739 3057 816 3129 quod
832 3055 951 3129 Anglice
1006 3077 1064 3117 non
1087 3062 1278 3115 excurrerunt
1301 3062 1446 3127 nostrum,
1464 3061 1539 3114 recte
1554 3058 1584 3113 in
1602 3061 1767 3121 referendo
1780 3082 1833 3138 pro·

125 3159 280 3213 apponam,
307 3145 384 3216 quud
411 3144 513 3199 Latina
537 3145 624 3200 verba
649 3161 706 3201 nou
731 3145 808 3200 sicut
831 3143 952 3217 Anglica
1006 3151 1322 3221 priumncueecupnnt
1337 3146 1836 3227 locurn,lurtimergosearchirpi·

124 3230 310 3289 concinnanti
327 3233 376 3305 [ut.
394 3232 595 3307 concinnitati]
612 3234 799 3305 respondent.
1007 3241 1103 3311 scopis
1118 3239 1316 3306 immisceant,
1333 3243 1480 3295 uteorum
1505 3240 1727 3300 conturbernio
1744 3245 1835 3302 sociati

158 3320 250 3377 Ursus
265 3326 326 3377 erat
342 3322 504 3378 vicecomes
520 3323 677 3394 Wigorniae
694 3341 710 3379 a
726 3340 792 3395 rege
809 3325 951 3380 consiilu·
1007 3328 1283 3387 commemoratione
1298 3343 1356 3383 nun
1368 3330 1495 3383 careant.
1506 3330 1837 3399 Haugusaaldehemrc

123 3417 180 3477 ωδ,
193 3410 243 3481 qui
256 3411 284 3465 1¹1
298 3411 369 3481 ipsis
385 3427 457 3482 pene
473 3412 605 3468 saucibus
622 3413 831 3470 monanhorum
848 3412 952 3469 celiel·
1007 3423 1090 3476 catur
1114 3417 1192 3474 locus
1214 3417 1428 3489 quinquaginta
1443 3416 1478 3471 ab
1502 3415 1635 3474 liberaco
1663 3420 1836 3480 milliaribus

27 3492 32 3499 '
128 3498 191 3554 lum
204 3499 378 3566 construxit,
390 3501 461 3556 adeo
473 3504 506 3555 ut
517 3501 657 3557 fossatum
671 3503 825 3560 caemeterii
840 3506 952 3574 partam
1008 3509 1187 3580 disparatus,
1203 3506 1274 3563 fisco
1295 3505 1374 3576 regio
1399 3505 1606 3575 famulabatur,
1625 3512 1754 3580 quaudo
1778 3530 1835 3570 aum

128 3588 284 3645 decideret.
295 3588 417 3653 Querela
432 3591 466 3645 ad
479 3590 743 3664 archiepiscopum,
756 3594 806 3664 qui
817 3595 953 3648 tutores·
1007 3598 1097 3654 beata
1114 3597 1261 3652 memoria
1276 3592 1645 3653 Willridusabeatissima
1658 3599 1835 3658 Etheldritba

129 3681 174 3735 set
197 3679 386 3750 episcopatus
410 3679 503 3736 delata
525 3688 586 3737 est:
603 3680 653 3737 ille
667 3698 734 3738 cum
755 3683 886 3750 vidisset,
902 3686 954 3753 Ur·
1008 3686 1108 3759 rcgina
1131 3703 1182 3759 pro
1207 3683 1273 3740 aliis
1298 3681 1532 3756 possessionibus
1562 3688 1779 3744 commutavit.
1801 3687 1834 3745 lbi

127 3784 195 3824 sum
220 3766 266 3823 his
286 3768 383 3824 verbis
399 3770 519 3825 adorsus
535 3776 588 3827 est.
605 3772 697 3828 Hateri
712 3773 778 3828 elaea
795 3775 869 3842 Ursa,
885 3773 953 3828 lance
1008 3777 1131 3834 edificia
1147 3775 1252 3831 minaci
1272 3774 1427 3831 altitudine
1450 3788 1601 3828 murorum
1629 3783 1744 3848 erecta,
1762 3788 1788 3838 at
1802 3781 1835 3837 di·

129 3858 271 3928 theupoda
281 3874 376 3914 carce:
387 3857 535 3931 eleganter
546 3862 576 3917 in
587 3861 633 3917 his
643 3862 749 3932 verbis,
759 3863 809 3918 sed
819 3863 890 3919 dure
903 3878 952 3918 ne·
1007 3867 1097 3923 versis
1111 3865 1288 3922 anlractibus
1305 3879 1354 3933 per
1368 3860 1503 3920 cochleas
1522 3860 1744 3935 circumducta,
1760 3869 1835 3926 mire

129 3945 950 4024 minumeuphoniaalludens:«Vocaris,iuquit,Ursus:
1007 3957 1064 4013 bile
1087 3959 1228 4028 quantum
1255 3953 1403 4026 expolivit,
1427 3953 1568 4010 arbitratu
1593 3953 1722 4025 quidem
1752 3957 1835 4015 multa

128 4035 234 4092 habeas
249 4034 300 4091 Dei
316 4035 562 4107 maledictionem,
578 4060 593 4091 a
609 4044 637 4095 ct
652 4040 738 4111 (qued
758 4040 877 4112 anglice
893 4056 951 4096 nen
1009 4044 1196 4117 propriu,scd
1208 4049 1234 4098 et
1249 4041 1598 4111 coementariorum,qucs
1614 4055 1652 4096 ex
1668 4043 1835 4118 Remaspes

125 4125 949 4200 apposuit«meam,etcmuiumconsecratorumcapitum,
1010 4132 1216 4190 muuitlccntiae
1240 4134 1406 4199 attraxerat,
1423 4128 1600 4202 magisterio.
1620 4130 1836 4207 Ferebaturquc

127 4214 183 4270 nisi
196 4215 349 4271 castellum
361 4215 429 4272 hinc
441 4218 595 4274 amoveris.
605 4219 639 4274 hit
651 4219 726 4275 scias
738 4220 863 4292 prolecto
875 4218 951 4289 quod
1008 4230 1079 4282 tunc
1094 4223 1123 4280 iu
1141 4220 1245 4295 popule
1260 4220 1381 4288 celebre,
1398 4219 1570 4293 scriptisque
1584 4219 1677 4275 etiam
1694 4228 1745 4279 est
1767 4223 1836 4281 indi·

21 4302 25 4307 '
124 4303 276 4375 progenies
291 4309 341 4360 tua
356 4321 414 4362 non
438 4305 487 4361 diu
504 4308 754 4364 deterraSunctoe
771 4307 869 4364 Maria
887 4293 1074 4381 hae-Druna,
1099 4327 1246 4384 nusquam
1270 4310 1342 4366 citra
1364 4309 1451 4381 Alpes
1474 4308 1532 4365 tate
1561 4323 1628 4365 csse
1653 4311 1835 4370 aedificium:

127 4391 310 4449 recitabitur.
323 4394 424 4450 »Dixit
441 4394 490 4451 ille
505 4395 665 4468 implenda,
678 4414 740 4469 quae
753 4414 806 4453 nes
817 4397 948 4453 videmus
1002 4418 1079 4462 nunc
1103 4401 1153 4474 qui
1176 4401 1267 4458 Roma
1294 4399 1416 4456 veniunt
1442 4399 1519 4455 idem
1548 4395 1696 4470 allegant,
1723 4408 1770 4469 ut,
1793 4404 1834 4476 qui

124 4480 947 4557 implete-Siquidemnenmultieanniefiiiueejnsiie·
1001 4493 1284 4566 haugustaldensem
1319 4492 1459 4549 fabricam
1496 4489 1606 4559 vident,
1638 4492 1835 4553 ambitionem

123 4571 219 4642 gorius
235 4578 422 4641 paternarum
434 4575 656 4647 possessionum
668 4591 798 4648 compos,
809 4577 889 4650 gravi
903 4593 950 4633 re·
1004 4584 1166 4642 Romanam
1182 4597 1212 4639 se
1228 4581 1382 4654 imaginari
1395 4580 1495 4651 jurent
1508 4597 1514 4643 ;
1526 4578 1596 4636 adeo
1607 4583 1654 4634 tot
1668 4583 1834 4656 temporum

123 4660 294 4733 giaflcrrtci
307 4663 508 4736 indignatione
520 4664 688 4736 potensest,
700 4666 778 4738 quoe
790 4667 948 4739 quemdam
1003 4678 1031 4731 aa
1046 4671 1312 4742 calloruminjuria
1322 4674 1505 4726 venustatam
1515 4667 1648 4725 adificiis
1659 4686 1726 4728 non
1740 4673 1833 4731 autore.

123 4765 157 4806 ex
173 4750 317 4808 ministris
335 4753 421 4825 regiis
438 4753 577 4828 precipiti
594 4756 691 4812 lurore
703 4757 843 4827 jussisset
858 4756 949 4812 iuter·
1039 4762 1155 4819 Primus
1171 4762 1210 4819 ibi
1227 4760 1281 4817 luit
1297 4759 1445 4815 Willridus
1461 4758 1627 4830 episcopus,
1644 4776 1707 4829 quc
1731 4763 1834 4820 violeu-

125 4839 186 4897 imi.
202 4840 325 4898 aldredo
341 4842 489 4907 deiuncto,
505 4848 533 4900 et
552 4842 582 4899 iu
598 4845 725 4901 Eboracu
750 4844 872 4917 sepulto,
889 4844 947 4901 cla·
1002 4856 1046 4908 aar
1061 4851 1162 4922 ejecto,
1179 4849 1329 4921 subrogati
1342 4847 1513 4914 suuthata,
1524 4845 1679 4917 Tumbert,
1690 4847 1832 4907 Joanuea.

124 4928 176 4986 des
191 4929 250 4997 illu,
268 4947 354 5003 quam
371 4932 500 5003 praedixi,
516 4937 616 4990 secuta
630 4939 703 4992 este
721 4935 947 5007 vestigio,jussu
1038 4946 1075 4998 At
1089 4957 1167 5010 varo,
1187 4940 1323 4996 Willrido
1344 4953 1468 5004 reverse,
1488 4941 1517 4993 et
1541 4938 1607 5009 post
1632 4940 1832 5009 receptionem

123 5016 274 5076 Willielmi
291 5021 369 5094 regis
383 5021 504 5079 inflicta.
517 5022 551 5078 ut
567 5027 637 5080 tuuc
652 5024 770 5095 quidem
787 5024 883 5080 omnis
899 5041 949 5080 no·
1002 5030 1081 5087 aedis
1096 5031 1230 5087 defuncto
1246 5027 1387 5086 successit
1410 5032 1497 5096 Acca,
1510 5025 1554 5081 vir
1569 5023 1598 5080 in
1617 5026 1731 5098 primis
1754 5028 1832 5086 indu·

124 5106 220 5164 bilitas
237 5111 385 5181 populeris
399 5113 541 5168 emarcuit
553 5112 623 5168 lelce
634 5111 702 5169 balli
717 5113 863 5171 demessa.
875 5115 948 5171 Nam
1002 5120 1093 5176 atrius
1104 5123 1271 5175 etSauctus.
1284 5117 1481 5187 Utrarumque
1493 5129 1590 5171 rerum
1600 5114 1833 5186 astipulatorest

119 5195 182 5267 jam
197 5196 265 5253 olim
282 5203 415 5273 temnere
431 5201 580 5258 banorum
597 5201 773 5259 monasterie
795 5219 846 5276 per
859 5208 947 5261 rotam
1002 5210 1227 5279 inaccessam,
1243 5209 1485 5281 cujustnsunotu
1507 5210 1536 5262 at
1557 5205 1655 5261 favore
1678 5207 1789 5277 mulia,
1806 5216 1832 5264 ur

126 5282 303 5355 provinciam
320 5289 380 5345 vica
403 5290 531 5347 siderum
557 5290 694 5347 micantia
709 5307 828 5364 passum
844 5292 946 5348 ierant·
1003 5304 1104 5356 uotum
1121 5303 1176 5366 est,
1191 5298 1351 5357 elaboravit
1364 5296 1533 5353 volumina:
1549 5297 1760 5353 verumtamen
1777 5313 1832 5355 nou

125 5372 210 5429 Stant
231 5374 326 5432 adhuc
348 5378 482 5435 semiruti
499 5379 632 5451 parietes,
649 5380 698 5451 qui
714 5381 774 5438 siut
790 5396 848 5438 nen
864 5381 947 5437 dele·
1002 5388 1187 5462 prosperiore
1214 5389 1331 5444 lertuna
1359 5401 1458 5451 usum,
1482 5399 1571 5455 quam
1595 5383 1779 5455 magistrum
1801 5403 1832 5444 cr

125 5461 244 5519 elationi
269 5464 429 5536 oculo,sed
455 5469 590 5541 tristitia,
612 5472 809 5527 monumento.
827 5469 868 5527 lbi
894 5471 949 5528 tuit
1002 5476 1147 5536 chronicis
1176 5480 1283 5552 accepi,
1309 5478 1484 5552 pulsumque
1507 5477 1573 5548 post
1601 5472 1719 5532 obitum
1749 5478 1831 5536 Beda

126 5552 195 5612 olim
207 5555 284 5628 apud
299 5556 463 5615 wiremuth
475 5559 696 5631 monasterium,
710 5561 789 5619 Beda
800 5560 947 5619 etmulto·
1003 5567 1127 5627 triennio
1156 5585 1174 5626 a
1202 5569 1270 5627 sade
1304 5584 1368 5636 sua,
1397 5567 1542 5625 incertum
1575 5579 1612 5621 au
1645 5578 1829 5637 rmressum.
