3772 6006
6 234 11 243 ·
57 237 138 304 rrae
511 233 712 299 mannum
737 227 1105 295 onoucsauarnasrs
1126 189 1304 298 uoracnr
1704 229 1776 291 seeo

608 391 655 447 nn
670 383 853 447 sciscorrs
867 383 1209 447 unmroannuaraos
1230 332 1235 349 ⁸

92 543 186 599 'l'rans
201 539 355 598 Sabrinam
371 553 444 611 pene
464 535 654 594 collimitatur
678 528 878 587 wallensibus
893 529 919 595 Α
971 527 1035 586 Non
1061 530 1152 589 multo
1168 536 1233 604 post
1257 532 1368 604 accepit
1384 533 1484 588 sedem
1515 530 1608 588 illam
1643 529 1782 589 liebertus

19 648 23 653 ·
58 632 159 690 ciuitas
174 631 323 698 Derelord,
340 646 397 686 non
414 627 543 702 grandis,
560 641 621 697 quc
643 627 741 680 tamen
759 621 883 676 fossato·
936 619 1144 694 botharingus,
1157 621 1509 695 quiihiecclesiamlereti
1520 620 1780 678 rsdilloaritsehe·

61 739 127 779 rum
144 727 355 794 praeruptorum
373 718 467 775 ruinis
478 716 613 774 ostendat
628 729 659 770 se
673 710 784 783 aliquid
800 723 882 780 mag·
937 710 1366 782 mate,llquensembesilicem
1378 711 1777 783 promodioimitatussue:

59 827 131 868 num
148 810 248 866 tuisse.
266 804 581 879 llujuaaprincipiobl
598 804 717 860 fuerunt
732 796 878 871 episcopi:
936 800 1068 856 omnium
1090 800 1256 859 liberalium
1277 801 1383 859 artium
1408 801 1635 875 peritissimus,
1658 801 1775 858 abacm

60 900 156 965 Putta,
171 896 271 968 Tirtel,
288 898 414 964 Tortere‚
437 894 597 961 walstoch,
613 892 764 956 Cutbbert,
780 889 881 960 postea
936 889 1092 961 precipue,
1109 890 1281 948 ellunarem
1306 896 1474 963 compotum
1491 895 1525 948 et
1541 889 1720 950 coelestinm
1733 908 1774 948 aa·

59 987 279 1046 cantuariensis
308 986 555 1058 archiepiscopus.
575 983 665 1053 Cujus
687 979 825 1037 eximiam
850 975 879 1029 in
935 978 1048 1034 trorum
1063 995 1183 1037 cursum
1198 981 1334 1037 rimatus.
1346 980 1410 1037 lirat
1421 984 1495 1036 tunc
1511 980 1672 1052 temporis
1685 995 1774 1037 mona·

57 1079 146 1134 rebus
161 1075 368 1134 ecclesiasticis
392 1073 581 1148 diligentiam,
596 1087 662 1128 cum
688 1070 718 1126 in
733 1064 881 1135 arehiepi-
935 1063 1009 1122 chus
1029 1066 1178 1125 Marianus
1204 1069 1255 1141 [ol.
1280 1068 1468 1141 llcrinianus]
1485 1070 1569 1142 apud
1588 1068 1769 1142 Mogontiam

58 1182 215 1238 scoporum
230 1165 319 1223 rebus
339 1180 436 1221 sermo
452 1169 626 1232 versaretur,
637 1157 793 1218 edisseruit
808 1175 815 1225 3
828 1155 878 1210 sed
935 1153 1080 1224 inclusus,
1095 1158 1147 1229 qui
1162 1159 1250 1231 longo
1264 1157 1431 1216 solitudinis
1446 1158 1508 1216 otio
1524 1158 1770 1232 chronographos

56 1258 85 1312 et
111 1270 214 1311 versus
243 1254 291 1310 isti
316 1269 408 1327 nuper
429 1252 501 1309 mihi
529 1251 584 1308 visi
600 1249 804 1320 antiquitatem
827 1242 881 1301 viri
935 1252 1082 1308 scrutalus
1106 1247 1321 1306 dissonantiam
1347 1248 1498 1322 cyclorum
1514 1247 1663 1322 Dionysii
1678 1254 1769 1308 contu

57 1348 320 1417 quantumcunque
349 1348 548 1399 antecessores
562 1355 633 1396 suos
648 1334 881 1395 honorificaverit
935 1342 1133 1416 evangelicam
1145 1340 1767 1412 veritat0m‚v01primugvglgolumjmffl.

57 1432 260 1498 insinuabunt,
275 1437 304 1490 et
319 1431 344 1490 si
360 1431 430 1504 quid
446 1430 483 1488 ab
498 1431 540 1486 sis
561 1430 596 1486 ad
613 1432 748 1485 ornatum
774 1426 880 1481 demus
934 1433 1031 1489 affluit,
1048 1432 1150 1504 nequo
1168 1431 1206 1489 ab
1230 1430 1314 1488 initio
1328 1429 1428 1487 amuli
1450 1446 1547 1488 annos
1572 1429 1715 1504 singulos
1728 1447 1766 1489 η,

58 1522 106 1580 bei
121 1527 261 1595 eoeptum,
277 1516 683 1594 ipsesuestudioperleccril·
935 1537 1068 1592 censens,
1090 1538 1149 1577 aaa
1177 1521 1228 1593 qui
1252 1519 1362 1578 circulo
1388 1521 1518 1591 deerant,
1549 1520 1767 1593 superaddidit,

56 1616 123 1668 Hac
137 1611 293 1667 venerande
305 1609 395 1667 σνιιοὶι
411 1609 514 1665 ceroti
528 1606 684 1689 veneranda
697 1606 814 1660 ³⁰chae
935 1625 1072 1680 magnam
1083 1607 1627 1667 etdiffusissimamchronicamlacere
1638 1609 1767 1667 adorsus.

56 1684 180 1754 G'sswrst‘
194 1684 306 1738 “mimi
320 1680 494 1737 ”mummii
508 1694 620 1736 'mmm‘
640 1679 684 1732 W
681 1677 773 1732 (ΨΜ
935 1700 1007 1756 lium
1022 1696 1131 1756 librum
1143 1699 1286 1757 liebertus
1297 1698 1420 1755 miratus
1432 1696 1529 1767 unice,
1540 1697 1709 1756 emulatus
1719 1697 1767 1755 mi·

55 1748 790 1897 ἓοῑῐρῖῗιιιῑιαιεὲἷὲὶέἵῗάιζῗιξᾜῖἰῖἶοῗέἕῖΐηαῗιξὲἕ
936 1789 1016 1845 allice
1032 1788 1142 1862 anglia
1155 1788 1353 1845 invehendum
1374 1788 1497 1846 curavit.
1514 1787 1658 1862 Denique
1668 1793 1767 1861 captur

57 1898 117 1968 pp„
130 1912 210 1968 ,pm
224 1899 255 1952 gn
269 1895 357 1953 mppr„
370 1895 501 1964 mmm,
521 1908 631 1951 ,camp
644 1893 764 1949 racemo,
935 1879 1056 1936 llariont
1079 1878 1195 1950 ingenio
1210 1878 1355 1952 quidquid
1384 1876 1433 1934 ille
1453 1876 1571 1952 largius
1598 1878 1765 1948 diseretio

60 1971 106 2025 ,tat
120 1983 169 2039 epe
184 1983 328 2024 recrearer
341 1969 454 2039 praelati
465 1965 606 2049 praculis,
622 1965 682 2035 ipae
935 1973 1048 2026 arctum
1070 1967 1246 2025 contrahens
1266 1966 1427 2024 delloravit.
1444 1967 1520 2024 Adeo
1538 1967 1717 2040 splendide,
1738 1973 1765 2024 ul

59 2039 349 2110 P0'2‘2'fi05‘l'5lu‘m
359 2041 469 2110 ΜΨ
484 2053 597 2094 'illm
609 2040 720 2108 W'lwrr
937 2058 1031 2129 magis
1060 2056 1154 2114 valere
1170 2055 1303 2113 videatur
1326 2055 1489 2123 detloratio,
1515 2072 1611 2129 quam
1640 2057 1766 2129 ingentis

57 2109 798 2308 gfflzgessslfgsg'fflmss&mam
935 2145 1015 2203 illius
1030 2145 1188 2204 voluminis
1203 2145 1332 2202 diffusio.
1349 2145 1411 2202 Pra
1430 2147 1542 2202 catoris
1559 2150 1766 2220 contempora·

95 2255 169 2310 pem
185 2269 275 2323 sup„
289 2270 360 2326 ,epu
374 2268 457 2310 orum
471 2258 700 2309 antecessorum,
935 2233 999 2291 nais
1013 2234 1159 2308 episcopis
1174 2234 1353 2291 sanctissimi
1366 2233 1495 2291 wlstani
1509 2234 1714 2292 familiaritati
1725 2237 1766 2292 dr·

56 2324 112 2452 gui
126 2325 266 2397 pecodem
281 2325 446 2408 exstiterant
463 2325 576 2409 lameri,
593 2322 696 2393 attigua
708 2335 759 2392 per
773 2320 877 2388 orbem,
934 2322 1013 2381 ditus
1024 2331 1095 2424 erat,
1107 2323 1387 2425 quemetvieinilate
1397 2323 1576 2425 praesulatus
1590 2325 1762 2427 attiugebat

1 2437 7 2471 r
77 2391 877 2468 ⁰ll⁰lss⁸⁶l⁰⁸tl¹⁶⁸h⁰mm¹⁴m2lwmwmwwmmm·
932 2413 1062 2471 llemotrs
1077 2428 1145 2486 ergo
1169 2429 1332 2485 sepissime
1354 2413 1521 2471 lunensibus
1553 2418 1688 2486 negotus
1716 2416 1764 2472 do·

56 2465 742 2611 mmfflffifissghmffiabimum?
931 2503 1085 2560 mesticum
1099 2501 1143 2558 illi
1167 2502 1391 2560 contubernium
1410 2502 1578 2576 prestabat,
1600 2504 1763 2562 delectatus

54 2612 108 2668 pp„
120 2627 169 2681 ⁶9⁰
185 2610 351 2668 egeatem„
365 2610 443 2666 ,πη
455 2625 592 2666 ,mmor
608 2608 719 2665 popm,
932 2590 996 2650 vita
1016 2592 1097 2650 illius
1112 2592 1250 2663 puritate,
1265 2598 1294 2649 ot
1316 2591 1492 2661 innocentia,
1508 2608 1602 2663 quem
1628 2594 1762 2665 quamvis

54 2681 158 2739 lecturi
169 2681 268 2748 titulis,
285 2684 472 2752 exornavique
481 2681 633 2754 repeteris:
715 2747 721 2758 ⁶
931 2683 1000 2739 ante
1014 2695 1047 2737 sa
1061 2679 1208 2751 extulerit,
1221 2684 1389 2737 nontamen
1404 2678 1520 2737 socialis
1535 2681 1654 2738 amoris
1668 2683 1763 2739 vineo

55 2753 201 2823 Pmlifim
214 2770 250 2810 θ’
264 2753 307 2809 Μ’
320 2757 411 2809 ‘mm‘
426 2756 522 2809 ’ΝΜ
537 2753 628 2823 ’ΨΜ
642 2750 742 2831 anxur
795 2818 801 2829 .
931 2768 993 2826 lum
1008 2785 1088 2827 mora
1115 2767 1196 2826 illius
1215 2769 1388 2842 prolongata
1402 2768 1543 2842 corrupit.
1560 2768 1763 2829 Decumbebat

55 2826 175 2883 Nemlno
190 2828 255 2880 aaut
269 2838 385 2895 quorum
404 2823 561 2893 walstodus,
573 2824 695 2886 tortere,
713 2819 822 2875 Terttal.

55 2894 357 2968 gequpmpqum
371 2894 562 2966 mmmm
580 2891 823 2966 conjmpukm
930 2857 1084 2916 wlstanus
1110 2857 1281 2928 wigornia,
1297 2857 1379 2915 beato
1403 2858 1465 2930 jam
1494 2857 1656 2929 proximus
1683 2859 1762 2917 lini:

55 2959 240 3035 omma,
256 2966 363 3023 ,mearet
376 2982 391 3023 θ
404 2968 477 3022 „mg
488 2966 546 3024 ῥα
561 2965 659 3022 ordin,
674 2963 781 3037 quinta,
931 2945 1076 3005 bobertus
1090 2947 1120 3004 in
1135 2947 1217 3004 curia
1228 2946 1339 3004 invitus
1354 2946 1498 3005 duntaxat
1520 2945 1638 3022 regalia
1659 2948 1763 3022 placita

55 3037 155 3096 secter
167 3041 304 3110 praterea
318 3043 357 3094 ert
371 3036 479 3094 Oretioi
492 3037 569 3108 filios
580 3036 690 3110 Offritlr.
931 3037 1112 3110 transigens,
1124 3036 1218 3094 astitit
1228 3036 1322 3108 ipsiin
1334 3035 1398 3093 visu
1410 3035 1511 3093 dicens
1522 3037 1651 3094 omnino
1661 3038 1764 3097 iutelli-

91 3130 161 3184 Post
184 3127 388 3198 Gutbbertum‚
405 3127 512 3198 Podda,
536 3129 617 3200 licon,
640 3127 745 3196 Gadda,
761 3125 877 3183 Altber·
892 3157 915 3225 c
934 3125 1080 3201 gibiliter:
1097 3148 1111 3176 a
1127 3125 1157 3182 sl
1181 3140 1228 3182 me
1241 3124 1285 3182 vis
1300 3124 1397 3183 videre
1415 3125 1525 3195 vivum,
1543 3125 1658 3184 teatina
1672 3128 1765 3186 venire

55 3216 879 3292 tus,llsne[et.wool,celmundus,Utal‚wlleard.Benna
934 3213 1130 3286 wigorniam,
1146 3215 1306 3285 antequam
1320 3211 1433 3270 obeam.
1451 3235 1465 3264 a
1480 3214 1543 3280 Quo
1559 3213 1637 3283 viso,
1651 3215 1765 3288 petitae

56 3304 879 3380 bdelidctultltucel[ol.llutel]‚Deorlat,tluemund‚
933 3320 1001 3379 rege
1019 3305 1148 3375 licentia,
1174 3306 1272 3363 venire
1310 3304 1470 3362 festinabat
1503 3306 1657 3379 concitus,
1695 3307 1766 3366 nulli

56 3394 317 3468 lidgar,Tidbelm,
330 3393 764 3466 wilelm,Allriccs,Athullua,
779 3393 880 3452 litbel·
933 3394 1025 3469 quieti
1040 3394 1101 3451 sive
1116 3394 1163 3452 die
1187 3394 1231 3452 vel
1246 3398 1331 3452 noete
1358 3393 1528 3466 indulgens.
1558 3399 1663 3457 Metus
1689 3397 1764 3455 enirn

56 3488 136 3552 stan,
152 3484 307 3558 Leovagar.
320 3485 778 3559 llunctemporeregislldwardi
789 3485 880 3542 Gritin
934 3484 1001 3559 pius
1016 3485 1205 3557 presagium,
1221 3485 1299 3558 quod
1324 3501 1370 3542 rea
1393 3482 1530 3555 firmavit,
1544 3485 1713 3557 infuderat,
1732 3504 1764 3545 na

56 3572 305 3632 norwalensium
322 3573 395 3630 urbe
410 3577 540 3631 cremata
554 3573 667 3647 expulit
685 3576 755 3632 seda
769 3583 797 3632 at
810 3574 877 3632 vita.
934 3590 993 3632 non
1003 3574 1193 3647 superstitem
1204 3573 1356 3631 inveniret.
1369 3573 1564 3646 Longiuseole
1574 3575 1658 3634 enirn
1673 3578 1764 3634 luerat

93 3661 239 3721 walterus
266 3660 418 3733 successit,
436 3662 518 3736 quia
540 3661 657 3722 Nicolao
687 3682 760 3739 papa
781 3665 879 3724 Roma
933 3662 1025 3722 curia.
1041 3663 1149 3735 titiam
1159 3662 1189 3719 in
1201 3663 1353 3720 mansione
1366 3661 1497 3733 proxima
1506 3661 1675 3738 wirgoniae
1688 3683 1764 3724 som·

56 3755 198 3823 sacratus,
221 3751 367 3824 pertendit
389 3751 424 3808 ad
445 3750 579 3825 quintum
600 3769 708 3811 annum
730 3755 879 3814 willielmi
934 3770 972 3810 no
999 3753 1126 3822 deditus,
1143 3752 1246 3810 iterato
1274 3751 1351 3809 videt
1373 3750 1561 3809 wulstanum
1587 3753 1762 3813 dicentem:

14 3852 17 3857 ·
57 3840 145 3915 regia,
161 3845 191 3899 et
209 3858 276 3898 cum
299 3843 437 3901 indecoro
456 3840 545 3904 exitu,
562 3842 620 3900 nisi
636 3845 714 3902 lama
727 3847 878 3917 mentitur,
932 3841 1011 3902 Nihil
1027 3843 1126 3901 minus
1151 3858 1240 3915 quam
1264 3842 1331 3914 pius
1352 3858 1435 3899 amor
1448 3843 1554 3916 poscit,
1571 3842 1674 3901 fecisti
1690 3863 1698 3902 :
1714 3847 1760 3903 sed

56 3929 194 3989 decessit.
211 3929 278 3987 llrat
293 3930 322 3986 in
336 3930 405 3988 villa
419 3930 603 4000 muliercula,
615 3948 698 4003 quam
715 3935 812 3993 nescio
823 3950 879 4008 quo
933 3932 1092 3991 trustratus
1106 3947 1137 3988 es
1146 3931 1288 3988 desiderio
1302 3934 1363 3989 tuo.
1377 3930 1445 3988 lam
1464 3930 1544 3988 enim
1568 3931 1709 4006 migravi,
1732 3939 1761 3991 tu

56 4015 217 4074 interlunio
228 4033 262 4075 ea
285 4033 408 4075 occursu
423 4017 527 4086 visam,
548 4019 639 4077 multo
654 4020 727 4078 arsit
740 4029 877 4094 tempore.
933 4023 1032 4093 modo,
1047 4019 1272 4089 amicesodalis,
1287 4020 1353 4077 vita
1370 4027 1425 4076 tua
1440 4019 1573 4089 consule,
1585 4023 1712 4093 provide
1722 4041 1763 4081 aa·

57 4106 212 4177 ignorabat
222 4105 272 4164 illa
287 4111 420 4165 dammas
436 4107 602 4180 pontiflcis3
619 4117 646 4166 et
661 4109 686 4166 si
703 4111 798 4184 sciret,
811 4128 879 4170 con·
932 4112 999 4180 luti,
1014 4111 1083 4184 qula
1098 4127 1157 4168 non
1171 4109 1278 4183 longas
1293 4125 1391 4167 moras
1407 4117 1472 4183 post
1487 4126 1533 4166 ma
1554 4109 1649 4169 iacies
1664 4113 1696 4168 in
1710 4112 1762 4169 bae

55 4200 219 4253 temneret:
244 4218 259 4249 α
274 4196 390 4255 Interea
403 4214 479 4270 sape
505 4198 636 4271 cogitans
655 4201 785 4273 pontilari
799 4203 878 4276 qood
932 4203 1008 4269 luce,
1025 4204 1054 4258 et
1066 4217 1102 4258 ne
1117 4198 1301 4274 phantastica
1316 4199 1427 4256 visione
1440 4203 1469 4256 te
1484 4199 1587 4256 eredas
1607 4198 1709 4274 illudi,
1723 4203 1762 4258 ai·

56 4282 334 4346 nibilestmlsorius
349 4303 436 4361 quam
452 4302 541 4345 senex
556 4304 669 4356 amans,
684 4289 879 4352 »luctabatur
932 4306 1023 4365 gnum
1040 4289 1139 4364 accipe
1159 4304 1167 4344 r
1193 4291 1353 4361 Postquam
1377 4304 1442 4345 cras
1462 4303 1581 4360 corpus,
1603 4292 1688 4362 quod
1699 4291 1762 4363 J'am

55 4391 107 4448 pro
122 4376 215 4433 artatis
229 4385 257 4433 et
271 4377 382 4449 gradus
397 4379 559 4435 reverentia
569 4380 706 4436 morbum
721 4381 875 4453 depellare.
930 4379 1025 4438 uidua
1041 4383 1126 4436 tuum
1138 4377 1266 4435 sustinet
1278 4378 1448 4446 adventum,
1464 4380 1548 4433 terra
1560 4378 1761 4448 mandaveris,

56 4464 203 4537 l’robeuue
215 4467 275 4536 jam
291 4467 488 4536 convaluerat,
500 4467 630 4527 etvictus
646 4471 817 4546 iurcrterga
827 4476 877 4531 da·
893 4479 917 4546 Β
932 4467 1050 4525 dabitur
1064 4464 1246 4523 tibixenium
1261 4481 1295 4522 ex
1310 4469 1392 4538 parte
1402 4481 1474 4534 mea,
1489 4465 1565 4537 qood
1582 4481 1688 4524 meum
1697 4483 1762 4526 esse

54 4556 147 4627 deror,
163 4572 230 4615 cun
245 4573 280 4614 ex
293 4556 445 4615 cacsiano
460 4574 549 4632 quam
566 4558 672 4617 diaboli
690 4561 770 4620 fraus
783 4564 877 4622 admi·
931 4571 1100 4630 cognoscor·
1111 4558 1156 4613 ltu
1169 4553 1300 4627 pontifex
1312 4551 1619 4627 expergefactorum
1634 4557 1760 4630 peregit,

54 4643 198 4714 nistravlt,
216 4643 295 4703 intra
306 4645 477 4704 cubiculum
490 4646 572 4705 illam
588 4649 729 4707 accersiit.
740 4651 876 4725 SubJeca·
930 4644 1109 4718 wigorniam
1133 4642 1221 4714 venit,
1237 4641 1368 4700 olflcium
1391 4640 1550 4715 sepultura
1570 4640 1720 4715 implevit,
1731 4661 1761 4701 re

53 4739 100 4792 rat
114 4750 233 4792 causam
249 4734 297 4808 lot.
314 4734 435 4793 suberat
450 4736 557 4809 causal,
575 4742 607 4794 ut
624 4739 814 4798 cubiculariis
828 4758 876 4800 ve·
930 4734 1175 4795 omnibnsrelata.
1187 4733 1311 4806 Jamque
1321 4730 1620 4789 valedictomonaobis
1632 4732 1760 4791 medita·

53 4827 112 4883 stes
128 4824 280 4895 incideret,
305 4824 550 4882 dicebaturenim
576 4826 665 4884 olllcil
692 4830 794 4901 perite.
822 4830 876 4890 llla
929 4826 1016 4883 batur
1043 4824 1203 4895 discedere,
1232 4820 1446 4894 calciatumque
1469 4820 1634 4879 calcaribus
1664 4839 1761 4896 equus

52 4912 197 4987 ingressa,
212 4919 242 4972 et
267 4913 348 4988 operi
374 4917 492 4988 propter
515 4915 592 4987 quod
622 4922 739 4974 venerat
753 4920 874 4989 intenta,
929 4914 1127 4987 operiebatur,
1142 4928 1207 4971 cum
1224 4910 1301 4984 prior
1315 4909 1371 4967 loci
1382 4909 1506 4982 genibus
1516 4910 1580 4981 ejus
1590 4916 1761 4970 reverenter

51 5001 173 5060 clientes
184 5007 363 5061 secretorum
374 5002 483 5061 conscii
494 5003 612 5076 agmine
624 5005 699 5062 lacto
709 5005 873 5065 discedunt.
928 5003 1040 5060 affusus
1055 5000 1208 5075 pretendit
1234 4999 1353 5056 aenium
1374 4998 1498 5054 dicens:
1519 5020 1534 5050 «
1548 4997 1684 5070 Accipite
1707 5000 1759 5074 [ol.

52 5090 125 5146 Tum
141 5106 178 5148 ne
189 5091 290 5149 multis
303 5108 409 5161 morer,
421 5091 557 5165 episcopo
573 5100 638 5166 post
652 5094 786 5152 obscaena
800 5096 878 5154 dicta
932 5093 1042 5166 accipe]
1064 5092 1191 5162 domine,
1207 5089 1233 5147 si
1257 5089 1340 5146 vobis
1368 5088 1474 5162 placet,
1503 5089 1645 5145 amatoria
1667 5091 1761 5147 vestri

52 5179 110 5237 vim
123 5179 227 5239 tnlcrre
237 5184 351 5255 paranti
362 5182 472 5242 lamina
482 5184 650 5257 torcipibus,
663 5202 739 5259 quas
751 5188 877 5259 tenebat,
932 5198 1054 5257 cappam
1071 5180 1186 5250 agninis
1200 5177 1326 5252 pellibus
1343 5177 1491 5246 infultam,
1507 5193 1565 5250 qua
1575 5177 1703 5237 indutus
1718 5169 1760 5236 εξ

51 5267 174 5342 inguina
190 5272 321 5330 suffodit.
338 5273 447 5330 Rumor
461 5273 633 5331 criminiset
649 5275 771 5334 ultionis
786 5282 877 5334 totam
932 5266 1442 5347 quitaresolebal3quaetiongum
1472 5271 1602 5324 vestrum
1633 5271 1762 5328 motatur

52 5363 224 5432 pervagatus
236 5360 378 5433 angliam,
389 5361 465 5435 regis
481 5379 694 5435 quoqueaurea
705 5366 811 5440 attigit.
826 5366 877 5424 llle
933 5364 1094 5420 amoremet
1104 5358 1270 5416 sanctitatis
1279 5356 1396 5414 Domini
1407 5358 1498 5414 nostri
1509 5361 1682 5415 mereantur
1692 5375 1761 5431 pro-

49 5448 194 5524 dignltate
222 5448 303 5520 regia
326 5449 528 5509 credulitatem
551 5453 752 5527 dissimulans,
769 5472 805 5514 ne
832 5455 876 5513 vel
932 5451 1096 5509 tectionem.
1106 5470 1120 5499 c
1132 5446 1191 5504 lioo
1201 5444 1359 5504 illaaudito
1369 5450 1398 5504 et
1409 5460 1529 5504 munere
1538 5445 1692 5519 recognito
1703 5447 1761 5506 im-

50 5539 147 5601 catari
175 5536 413 5610 disseminarent,
428 5541 602 5614 gravissimo
617 5544 745 5603 coercuit
769 5544 875 5606 edicto.
930 5539 1045 5616 palluit,
1061 5539 1232 5613 gelidusque
1246 5534 1376 5594 cucurrit
1390 5551 1442 5609 per
1455 5551 1522 5595 oasa
1539 5538 1652 5595 memor
1667 5553 1676 5608 ;
1691 5540 1757 5597 sta·
