<?xml version="1.0" encoding="UTF-8"?>
<!DOCTYPE html PUBLIC "-//W3C//DTD XHTML 1.0 Transitional//EN"
    "http://www.w3.org/TR/xhtml1/DTD/xhtml1-transitional.dtd">
<html xmlns="http://www.w3.org/1999/xhtml" xml:lang="en" lang="en">
 <head>
  <title>
</title>
<meta http-equiv="Content-Type" content="text/html;charset=utf-8" />
  <meta name='ocr-system' content='tesseract 3.04.00' />
  <meta name='ocr-capabilities' content='ocr_page ocr_carea ocr_par ocr_line ocrx_word'/>
</head>
<body>
  <div class='ocr_page' id='page_1' title='image "./patrologiaecurs25unkngoog_0695.png"; bbox 0 0 3750 6000; ppageno 0'>
   <div class='ocr_carea' id='block_1_1' title="bbox 164 258 1817 326">
    <p class='ocr_par' dir='ltr' id='par_1_1' title="bbox 164 258 1817 326">
     <span class='ocr_line' id='line_1_1' title="bbox 164 258 1817 326; baseline 0.002 -7"><span class='ocrx_word' id='word_1_1' title='bbox 164 258 230 320; x_wconf 76' lang='lat' dir='ltr'>tall</span> <span class='ocrx_word' id='word_1_2' title='bbox 623 265 800 324; x_wconf 75' lang='lat' dir='ltr'>wlttuutsl</span> <span class='ocrx_word' id='word_1_3' title='bbox 823 264 1146 325; x_wconf 78' lang='lat' dir='ltr'>nanuussttlttartsls</span> <span class='ocrx_word' id='word_1_4' title='bbox 1172 266 1337 326; x_wconf 73' lang='lat' dir='ltr'>MONACHl</span> <span class='ocrx_word' id='word_1_5' title='bbox 1750 261 1817 323; x_wconf 70' lang='grc'>1811</span> 
     </span>
    </p>
   </div>
   <div class='ocr_carea' id='block_1_2' title="bbox 74 386 1814 467">
    <p class='ocr_par' dir='ltr' id='par_1_2' title="bbox 74 386 1814 467">
     <span class='ocr_line' id='line_1_2' title="bbox 74 386 1814 467; baseline 0.003 -26"><span class='ocrx_word' id='word_1_6' title='bbox 74 462 80 467; x_wconf 85' lang='lat'>.</span> <span class='ocrx_word' id='word_1_7' title='bbox 165 386 253 453; x_wconf 91' lang='lat' dir='ltr'>illum,</span> <span class='ocrx_word' id='word_1_8' title='bbox 263 394 289 444; x_wconf 89' lang='lat' dir='ltr'>et</span> <span class='ocrx_word' id='word_1_9' title='bbox 303 389 499 447; x_wconf 74' lang='lat' dir='ltr'>monitionibus</span> <span class='ocrx_word' id='word_1_10' title='bbox 518 392 673 463; x_wconf 87' lang='lat' dir='ltr'>apostolicis</span> <span class='ocrx_word' id='word_1_11' title='bbox 687 391 886 458; x_wconf 75' lang='lat' dir='ltr'><strong>obsecundare,</strong></span> <span class='ocrx_word' id='word_1_12' title='bbox 911 390 956 446; x_wconf 90' lang='lat' dir='ltr'>di·</span> <span class='ocrx_word' id='word_1_13' title='bbox 971 388 999 452; x_wconf 86' lang='lat' dir='ltr'>A</span> <span class='ocrx_word' id='word_1_14' title='bbox 1014 391 1129 464; x_wconf 81' lang='lat' dir='ltr'>nudipes</span> <span class='ocrx_word' id='word_1_15' title='bbox 1155 391 1251 449; x_wconf 90' lang='lat' dir='ltr'>diebus</span> <span class='ocrx_word' id='word_1_16' title='bbox 1267 392 1489 465; x_wconf 80' lang='lat' dir='ltr'>Quadragesimce</span> <span class='ocrx_word' id='word_1_17' title='bbox 1503 391 1615 447; x_wconf 85' lang='lat' dir='ltr'>terebat</span> <span class='ocrx_word' id='word_1_18' title='bbox 1635 389 1814 446; x_wconf 86' lang='lat' dir='ltr'>ecclesiarum</span> 
     </span>
    </p>
   </div>
   <div class='ocr_carea' id='block_1_3' title="bbox 165 475 1816 1085">
    <p class='ocr_par' dir='ltr' id='par_1_3' title="bbox 165 475 1816 1085">
     <span class='ocr_line' id='line_1_3' title="bbox 167 475 1816 553; baseline 0.002 -22"><span class='ocrx_word' id='word_1_19' title='bbox 167 475 260 542; x_wconf 84' lang='lat' dir='ltr'>stulit;</span> <span class='ocrx_word' id='word_1_20' title='bbox 280 478 364 547; x_wconf 72' lang='grc'>649</span> <span class='ocrx_word' id='word_1_21' title='bbox 384 494 439 535; x_wconf 92' lang='lat' dir='ltr'>uon</span> <span class='ocrx_word' id='word_1_22' title='bbox 459 480 585 537; x_wconf 88' lang='lat' dir='ltr'>elationis</span> <span class='ocrx_word' id='word_1_23' title='bbox 608 482 723 548; x_wconf 90' lang='lat' dir='ltr'>ambitu,</span> <span class='ocrx_word' id='word_1_24' title='bbox 740 481 788 536; x_wconf 91' lang='lat' dir='ltr'>sed</span> <span class='ocrx_word' id='word_1_25' title='bbox 810 496 961 551; x_wconf 88' lang='lat' dir='ltr'>procemm,</span> <span class='ocrx_word' id='word_1_26' title='bbox 1017 480 1112 536; x_wconf 92' lang='lat' dir='ltr'>limina</span> <span class='ocrx_word' id='word_1_27' title='bbox 1127 499 1134 537; x_wconf 92' lang='lat'>:</span> <span class='ocrx_word' id='word_1_28' title='bbox 1152 497 1204 539; x_wconf 89' lang='lat' dir='ltr'>nac</span> <span class='ocrx_word' id='word_1_29' title='bbox 1218 482 1344 538; x_wconf 87' lang='lat' dir='ltr'>horrebat</span> <span class='ocrx_word' id='word_1_30' title='bbox 1376 481 1461 553; x_wconf 90' lang='lat' dir='ltr'>pedes</span> <span class='ocrx_word' id='word_1_31' title='bbox 1490 481 1584 537; x_wconf 89' lang='lat' dir='ltr'>lavare</span> <span class='ocrx_word' id='word_1_32' title='bbox 1611 478 1816 547; x_wconf 87' lang='lat' dir='ltr'>morbidorum,</span> 
     </span>
     <span class='ocr_line' id='line_1_4' title="bbox 167 565 1814 641; baseline 0.002 -21"><span class='ocrx_word' id='word_1_33' title='bbox 167 570 193 620; x_wconf 89' lang='lat' dir='ltr'>et</span> <span class='ocrx_word' id='word_1_34' title='bbox 210 565 329 621; x_wconf 84' lang='lat' dir='ltr'>maxime</span> <span class='ocrx_word' id='word_1_35' title='bbox 348 569 454 624; x_wconf 89' lang='lat' dir='ltr'>comitis</span> <span class='ocrx_word' id='word_1_36' title='bbox 477 570 512 626; x_wconf 89' lang='lat' dir='ltr'>de</span> <span class='ocrx_word' id='word_1_37' title='bbox 536 570 662 626; x_wconf 87' lang='lat' dir='ltr'>hlellento</span> <span class='ocrx_word' id='word_1_38' title='bbox 686 569 824 635; x_wconf 87' lang='lat' dir='ltr'>instinctu,</span> <span class='ocrx_word' id='word_1_39' title='bbox 852 570 907 640; x_wconf 89' lang='lat' dir='ltr'>qui,</span> <span class='ocrx_word' id='word_1_40' title='bbox 936 569 964 623; x_wconf 90' lang='lat' dir='ltr'>in</span> <span class='ocrx_word' id='word_1_41' title='bbox 1016 569 1109 625; x_wconf 87' lang='lat' dir='ltr'>ulcera</span> <span class='ocrx_word' id='word_1_42' title='bbox 1123 571 1199 626; x_wconf 87' lang='lat' dir='ltr'>sanie</span> <span class='ocrx_word' id='word_1_43' title='bbox 1213 570 1369 626; x_wconf 71' lang='lat' dir='ltr'>distillantia</span> <span class='ocrx_word' id='word_1_44' title='bbox 1383 576 1567 636; x_wconf 64' lang='lat' dir='ltr'>contrectare</span> <span class='ocrx_word' id='word_1_45' title='bbox 1583 567 1814 641; x_wconf 86' lang='lat' dir='ltr'>postremolongs</span> 
     </span>
     <span class='ocr_line' id='line_1_5' title="bbox 167 654 1816 731; baseline 0.003 -24"><span class='ocrx_word' id='word_1_46' title='bbox 167 654 337 726; x_wconf 87' lang='lat' dir='ltr'>hocnegotio</span> <span class='ocrx_word' id='word_1_47' title='bbox 352 657 443 727; x_wconf 89' lang='lat' dir='ltr'>magia</span> <span class='ocrx_word' id='word_1_48' title='bbox 457 658 566 729; x_wconf 89' lang='lat' dir='ltr'>antiqua</span> <span class='ocrx_word' id='word_1_49' title='bbox 581 658 777 714; x_wconf 88' lang='lat' dir='ltr'>consuetudine</span> <span class='ocrx_word' id='word_1_50' title='bbox 797 673 878 731; x_wconf 90' lang='lat' dir='ltr'>quarn</span> <span class='ocrx_word' id='word_1_51' title='bbox 894 657 963 713; x_wconf 89' lang='lat' dir='ltr'>recti</span> <span class='ocrx_word' id='word_1_52' title='bbox 1016 658 1143 715; x_wconf 90' lang='lat' dir='ltr'>manibus</span> <span class='ocrx_word' id='word_1_53' title='bbox 1159 659 1249 716; x_wconf 79' lang='lat' dir='ltr'>oscula</span> <span class='ocrx_word' id='word_1_54' title='bbox 1259 660 1407 731; x_wconf 89' lang='lat' dir='ltr'>protelare,</span> <span class='ocrx_word' id='word_1_55' title='bbox 1431 674 1553 714; x_wconf 90' lang='lat' dir='ltr'>mansam</span> <span class='ocrx_word' id='word_1_56' title='bbox 1575 672 1729 728; x_wconf 89' lang='lat' dir='ltr'>apponere.</span> <span class='ocrx_word' id='word_1_57' title='bbox 1753 658 1816 712; x_wconf 84' lang='lat' dir='ltr'>Erat</span> 
     </span>
     <span class='ocr_line' id='line_1_6' title="bbox 168 744 1816 820; baseline 0.004 -24"><span class='ocrx_word' id='word_1_58' title='bbox 168 749 262 798; x_wconf 88' lang='lat' dir='ltr'>tenore</span> <span class='ocrx_word' id='word_1_59' title='bbox 299 744 433 801; x_wconf 89' lang='lat' dir='ltr'>rationem</span> <span class='ocrx_word' id='word_1_60' title='bbox 465 748 653 809; x_wconf 82' lang='lat' dir='ltr'>reverberans.</span> <span class='ocrx_word' id='word_1_61' title='bbox 688 746 826 820; x_wconf 76' lang='lat' dir='ltr'>allegabat</span> <span class='ocrx_word' id='word_1_62' title='bbox 848 747 962 802; x_wconf 91' lang='lat' dir='ltr'>multum</span> <span class='ocrx_word' id='word_1_63' title='bbox 1017 748 1042 802; x_wconf 89' lang='lat' dir='ltr'>ei</span> <span class='ocrx_word' id='word_1_64' title='bbox 1057 747 1082 801; x_wconf 89' lang='lat' dir='ltr'>in</span> <span class='ocrx_word' id='word_1_65' title='bbox 1099 747 1232 804; x_wconf 90' lang='lat' dir='ltr'>audiendo</span> <span class='ocrx_word' id='word_1_66' title='bbox 1256 747 1368 804; x_wconf 89' lang='lat' dir='ltr'>servitio</span> <span class='ocrx_word' id='word_1_67' title='bbox 1381 748 1429 803; x_wconf 85' lang='lat' dir='ltr'>Dei</span> <span class='ocrx_word' id='word_1_68' title='bbox 1442 747 1567 818; x_wconf 88' lang='lat' dir='ltr'>voluptas</span> <span class='ocrx_word' id='word_1_69' title='bbox 1587 746 1684 813; x_wconf 91' lang='lat' dir='ltr'>unica,</span> <span class='ocrx_word' id='word_1_70' title='bbox 1701 745 1816 818; x_wconf 88' lang='lat' dir='ltr'>ideoque</span> 
     </span>
     <span class='ocr_line' id='line_1_7' title="bbox 166 830 1815 906; baseline 0.002 -20"><span class='ocrx_word' id='word_1_71' title='bbox 166 830 250 902; x_wconf 74' lang='lat' dir='ltr'>regiae</span> <span class='ocrx_word' id='word_1_72' title='bbox 264 833 397 902; x_wconf 88' lang='lat' dir='ltr'>majestati</span> <span class='ocrx_word' id='word_1_73' title='bbox 416 835 539 904; x_wconf 89' lang='lat' dir='ltr'>diminui,</span> <span class='ocrx_word' id='word_1_74' title='bbox 564 836 599 902; x_wconf 87' lang='lat' dir='ltr'>si,</span> <span class='ocrx_word' id='word_1_75' title='bbox 615 836 741 892; x_wconf 88' lang='lat' dir='ltr'>omittens</span> <span class='ocrx_word' id='word_1_76' title='bbox 764 851 865 892; x_wconf 89' lang='lat' dir='ltr'>morem</span> <span class='ocrx_word' id='word_1_77' title='bbox 881 842 962 891; x_wconf 88' lang='lat' dir='ltr'>ante·</span> <span class='ocrx_word' id='word_1_78' title='bbox 1016 835 1092 906; x_wconf 81' lang='lat' dir='ltr'>(ltin</span> <span class='ocrx_word' id='word_1_79' title='bbox 1107 836 1223 892; x_wconf 89' lang='lat' dir='ltr'>clericos</span> <span class='ocrx_word' id='word_1_80' title='bbox 1244 836 1314 893; x_wconf 89' lang='lat' dir='ltr'>bena</span> <span class='ocrx_word' id='word_1_81' title='bbox 1335 836 1459 892; x_wconf 91' lang='lat' dir='ltr'>melodos</span> <span class='ocrx_word' id='word_1_82' title='bbox 1480 834 1680 891; x_wconf 87' lang='lat' dir='ltr'>inconsiderate</span> <span class='ocrx_word' id='word_1_83' title='bbox 1703 834 1815 905; x_wconf 82' lang='lat' dir='ltr'>provida</span> 
     </span>
     <span class='ocr_line' id='line_1_8' title="bbox 168 922 1811 997; baseline 0.002 -23"><span class='ocrx_word' id='word_1_84' title='bbox 168 933 322 991; x_wconf 83' lang='lat' dir='ltr'>sessorum,</span> <span class='ocrx_word' id='word_1_85' title='bbox 340 938 393 978; x_wconf 87' lang='lat' dir='ltr'>nou</span> <span class='ocrx_word' id='word_1_86' title='bbox 418 924 559 980; x_wconf 89' lang='lat' dir='ltr'>investiret</span> <span class='ocrx_word' id='word_1_87' title='bbox 580 925 695 981; x_wconf 91' lang='lat' dir='ltr'>electum</span> <span class='ocrx_word' id='word_1_88' title='bbox 723 942 773 996; x_wconf 91' lang='lat' dir='ltr'>per</span> <span class='ocrx_word' id='word_1_89' title='bbox 792 924 918 980; x_wconf 89' lang='lat' dir='ltr'>baculum</span> <span class='ocrx_word' id='word_1_90' title='bbox 936 932 963 979; x_wconf 89' lang='lat' dir='ltr'>et</span> <span class='ocrx_word' id='word_1_91' title='bbox 1018 924 1080 997; x_wconf 85' lang='lat'>(5);</span> <span class='ocrx_word' id='word_1_92' title='bbox 1110 925 1209 980; x_wconf 89' lang='lat' dir='ltr'>blande</span> <span class='ocrx_word' id='word_1_93' title='bbox 1241 940 1415 996; x_wconf 90' lang='lat' dir='ltr'>quoscunque</span> <span class='ocrx_word' id='word_1_94' title='bbox 1442 924 1554 996; x_wconf 90' lang='lat' dir='ltr'>alloqui,</span> <span class='ocrx_word' id='word_1_95' title='bbox 1588 922 1674 978; x_wconf 91' lang='lat' dir='ltr'>multa</span> <span class='ocrx_word' id='word_1_96' title='bbox 1708 922 1811 993; x_wconf 87' lang='lat' dir='ltr'>largiri,</span> 
     </span>
     <span class='ocr_line' id='line_1_9' title="bbox 165 1008 1812 1085; baseline 0.003 -24"><span class='ocrx_word' id='word_1_97' title='bbox 165 1008 305 1065; x_wconf 88' lang='lat' dir='ltr'>annulum.</span> <span class='ocrx_word' id='word_1_98' title='bbox 333 1009 519 1068; x_wconf 76' lang='lat' dir='ltr'>Veruntamen</span> <span class='ocrx_word' id='word_1_99' title='bbox 555 1030 613 1083; x_wconf 85' lang='lat' dir='ltr'>rer,</span> <span class='ocrx_word' id='word_1_100' title='bbox 644 1013 801 1085; x_wconf 87' lang='lat' dir='ltr'>diligentius</span> <span class='ocrx_word' id='word_1_101' title='bbox 837 1014 961 1085; x_wconf 88' lang='lat' dir='ltr'>inspecto</span> <span class='ocrx_word' id='word_1_102' title='bbox 1016 1013 1092 1084; x_wconf 88' lang='lat' dir='ltr'>plura</span> <span class='ocrx_word' id='word_1_103' title='bbox 1102 1013 1233 1085; x_wconf 88' lang='lat' dir='ltr'>polliceri.</span> <span class='ocrx_word' id='word_1_104' title='bbox 1254 1013 1331 1080; x_wconf 87' lang='lat' dir='ltr'>luda,</span> <span class='ocrx_word' id='word_1_105' title='bbox 1353 1012 1517 1068; x_wconf 89' lang='lat' dir='ltr'>liberalitate</span> <span class='ocrx_word' id='word_1_106' title='bbox 1532 1011 1616 1084; x_wconf 88' lang='lat' dir='ltr'>ipsius</span> <span class='ocrx_word' id='word_1_107' title='bbox 1644 1027 1696 1082; x_wconf 90' lang='lat' dir='ltr'>per</span> <span class='ocrx_word' id='word_1_108' title='bbox 1722 1012 1812 1067; x_wconf 86' lang='lat' dir='ltr'>orbem</span> 
     </span>
    </p>
   </div>
   <div class='ocr_carea' id='block_1_4' title="bbox 164 1095 961 1445">
    <p class='ocr_par' dir='ltr' id='par_1_4' title="bbox 164 1095 961 1445">
     <span class='ocr_line' id='line_1_10' title="bbox 165 1095 961 1175; baseline 0.009 -24"><span class='ocrx_word' id='word_1_109' title='bbox 165 1095 233 1168; x_wconf 87' lang='lat' dir='ltr'>quid</span> <span class='ocrx_word' id='word_1_110' title='bbox 246 1098 336 1155; x_wconf 89' lang='lat' dir='ltr'>vivida</span> <span class='ocrx_word' id='word_1_111' title='bbox 350 1102 523 1171; x_wconf 88' lang='lat' dir='ltr'>epistolarum</span> <span class='ocrx_word' id='word_1_112' title='bbox 537 1104 617 1170; x_wconf 89' lang='lat' dir='ltr'>ratio,</span> <span class='ocrx_word' id='word_1_113' title='bbox 642 1104 706 1175; x_wconf 91' lang='lat' dir='ltr'>quid</span> <span class='ocrx_word' id='word_1_114' title='bbox 726 1103 878 1158; x_wconf 91' lang='lat' dir='ltr'>divinorum</span> <span class='ocrx_word' id='word_1_115' title='bbox 898 1120 961 1158; x_wconf 90' lang='lat' dir='ltr'>mu-</span> 
     </span>
     <span class='ocr_line' id='line_1_11' title="bbox 165 1187 959 1266; baseline 0.013 -27"><span class='ocrx_word' id='word_1_116' title='bbox 165 1200 261 1242; x_wconf 86' lang='lat' dir='ltr'>nerum</span> <span class='ocrx_word' id='word_1_117' title='bbox 278 1187 306 1241; x_wconf 90' lang='lat' dir='ltr'>lu</span> <span class='ocrx_word' id='word_1_118' title='bbox 322 1204 352 1244; x_wconf 90' lang='lat' dir='ltr'>se</span> <span class='ocrx_word' id='word_1_119' title='bbox 367 1189 484 1246; x_wconf 91' lang='lat' dir='ltr'>ubertim</span> <span class='ocrx_word' id='word_1_120' title='bbox 499 1192 637 1249; x_wconf 87' lang='lat' dir='ltr'>confluens</span> <span class='ocrx_word' id='word_1_121' title='bbox 663 1193 821 1249; x_wconf 88' lang='lat' dir='ltr'>admoneret</span> <span class='ocrx_word' id='word_1_122' title='bbox 843 1193 959 1266; x_wconf 78' lang='lat' dir='ltr'>largitio,</span> 
     </span>
     <span class='ocr_line' id='line_1_12' title="bbox 164 1273 959 1355; baseline 0.009 -26"><span class='ocrx_word' id='word_1_123' title='bbox 164 1273 348 1333; x_wconf 86' lang='lat' dir='ltr'>investituram</span> <span class='ocrx_word' id='word_1_124' title='bbox 363 1281 456 1336; x_wconf 91' lang='lat' dir='ltr'>annuli</span> <span class='ocrx_word' id='word_1_125' title='bbox 470 1289 495 1336; x_wconf 91' lang='lat' dir='ltr'>et</span> <span class='ocrx_word' id='word_1_126' title='bbox 508 1281 595 1337; x_wconf 89' lang='lat' dir='ltr'>baculi</span> <span class='ocrx_word' id='word_1_127' title='bbox 610 1282 721 1338; x_wconf 83' lang='lat' dir='ltr'>indulsit</span> <span class='ocrx_word' id='word_1_128' title='bbox 740 1283 767 1336; x_wconf 92' lang='lat' dir='ltr'>in</span> <span class='ocrx_word' id='word_1_129' title='bbox 783 1290 959 1355; x_wconf 68' lang='lat' dir='ltr'>perpetuum</span> 
     </span>
     <span class='ocr_line' id='line_1_13' title="bbox 165 1369 957 1445; baseline 0.011 -28"><span class='ocrx_word' id='word_1_130' title='bbox 165 1371 270 1421; x_wconf 87' lang='lat' dir='ltr'>retento</span> <span class='ocrx_word' id='word_1_131' title='bbox 284 1373 388 1424; x_wconf 88' lang='lat' dir='ltr'>tantum</span> <span class='ocrx_word' id='word_1_132' title='bbox 402 1369 460 1443; x_wconf 92' lang='grc'>(99)</span> <span class='ocrx_word' id='word_1_133' title='bbox 469 1370 609 1427; x_wconf 84' lang='lat' dir='ltr'>electionis</span> <span class='ocrx_word' id='word_1_134' title='bbox 618 1379 645 1427; x_wconf 87' lang='lat' dir='ltr'>et</span> <span class='ocrx_word' id='word_1_135' title='bbox 661 1373 791 1445; x_wconf 89' lang='lat' dir='ltr'>regalium</span> <span class='ocrx_word' id='word_1_136' title='bbox 801 1371 957 1442; x_wconf 88' lang='lat' dir='ltr'>privilegio.</span> 
     </span>
    </p>
   </div>
   <div class='ocr_carea' id='block_1_5' title="bbox 1014 1096 1813 1440">
    <p class='ocr_par' dir='ltr' id='par_1_5' title="bbox 1014 1096 1813 1440">
     <span class='ocr_line' id='line_1_14' title="bbox 1015 1096 1811 1170; baseline -0.004 -13"><span class='ocrx_word' id='word_1_137' title='bbox 1015 1109 1084 1170; x_wconf 92' lang='lat' dir='ltr'>sata,</span> <span class='ocrx_word' id='word_1_138' title='bbox 1112 1101 1249 1157; x_wconf 86' lang='lat' dir='ltr'>turmatim</span> <span class='ocrx_word' id='word_1_139' title='bbox 1275 1103 1330 1158; x_wconf 89' lang='lat' dir='ltr'>huc</span> <span class='ocrx_word' id='word_1_140' title='bbox 1360 1101 1542 1157; x_wconf 84' lang='lat' dir='ltr'>adventabant</span> <span class='ocrx_word' id='word_1_141' title='bbox 1570 1096 1727 1156; x_wconf 77' lang='lat' dir='ltr'>scholastici</span> <span class='ocrx_word' id='word_1_142' title='bbox 1757 1108 1811 1154; x_wconf 91' lang='lat' dir='ltr'>tum</span> 
     </span>
     <span class='ocr_line' id='line_1_15' title="bbox 1015 1189 1813 1260; baseline -0.004 -14"><span class='ocrx_word' id='word_1_143' title='bbox 1015 1191 1138 1246; x_wconf 89' lang='lat' dir='ltr'>cantibus</span> <span class='ocrx_word' id='word_1_144' title='bbox 1153 1199 1209 1246; x_wconf 91' lang='lat' dir='ltr'>tum</span> <span class='ocrx_word' id='word_1_145' title='bbox 1224 1190 1347 1247; x_wconf 88' lang='lat' dir='ltr'>versibus</span> <span class='ocrx_word' id='word_1_146' title='bbox 1360 1189 1458 1246; x_wconf 80' lang='lat' dir='ltr'>famosi</span> <span class='ocrx_word' id='word_1_147' title='bbox 1474 1209 1481 1257; x_wconf 88' lang='lat'>;</span> <span class='ocrx_word' id='word_1_148' title='bbox 1498 1189 1662 1260; x_wconf 80' lang='lat' dir='ltr'>felicemque</span> <span class='ocrx_word' id='word_1_149' title='bbox 1692 1204 1723 1245; x_wconf 88' lang='lat' dir='ltr'>se</span> <span class='ocrx_word' id='word_1_150' title='bbox 1738 1196 1813 1260; x_wconf 87' lang='lat' dir='ltr'>puts·</span> 
     </span>
     <span class='ocr_line' id='line_1_16' title="bbox 1016 1276 1809 1352; baseline -0.001 -16"><span class='ocrx_word' id='word_1_151' title='bbox 1016 1281 1060 1336; x_wconf 86' lang='lat' dir='ltr'>bat</span> <span class='ocrx_word' id='word_1_152' title='bbox 1074 1280 1120 1352; x_wconf 93' lang='lat' dir='ltr'>qui</span> <span class='ocrx_word' id='word_1_153' title='bbox 1134 1278 1262 1335; x_wconf 79' lang='lat' dir='ltr'>carminis</span> <span class='ocrx_word' id='word_1_154' title='bbox 1277 1280 1394 1336; x_wconf 90' lang='lat' dir='ltr'>novitate</span> <span class='ocrx_word' id='word_1_155' title='bbox 1416 1293 1497 1335; x_wconf 84' lang='lat' dir='ltr'>aures</span> <span class='ocrx_word' id='word_1_156' title='bbox 1522 1278 1651 1334; x_wconf 86' lang='lat' dir='ltr'>mulceret</span> <span class='ocrx_word' id='word_1_157' title='bbox 1680 1276 1809 1335; x_wconf 77' lang='lat' dir='ltr'>domina.</span> 
     </span>
     <span class='ocr_line' id='line_1_17' title="bbox 1014 1366 1811 1440; baseline -0.005 -15"><span class='ocrx_word' id='word_1_158' title='bbox 1014 1370 1071 1425; x_wconf 89' lang='lat' dir='ltr'>Nec</span> <span class='ocrx_word' id='word_1_159' title='bbox 1085 1369 1114 1424; x_wconf 92' lang='lat' dir='ltr'>in</span> <span class='ocrx_word' id='word_1_160' title='bbox 1131 1368 1173 1423; x_wconf 91' lang='lat' dir='ltr'>his</span> <span class='ocrx_word' id='word_1_161' title='bbox 1193 1369 1281 1425; x_wconf 91' lang='lat' dir='ltr'>solum</span> <span class='ocrx_word' id='word_1_162' title='bbox 1312 1383 1446 1440; x_wconf 84' lang='lat' dir='ltr'>expensas</span> <span class='ocrx_word' id='word_1_163' title='bbox 1470 1367 1635 1438; x_wconf 89' lang='lat' dir='ltr'>conferebat,</span> <span class='ocrx_word' id='word_1_164' title='bbox 1661 1366 1711 1423; x_wconf 82' lang='lat' dir='ltr'>aad</span> <span class='ocrx_word' id='word_1_165' title='bbox 1733 1367 1811 1423; x_wconf 80' lang='lat' dir='ltr'>cham</span> 
     </span>
    </p>
   </div>
   <div class='ocr_carea' id='block_1_6' title="bbox 56 2345 283 2415">
    <p class='ocr_par' dir='ltr' id='par_1_6' title="bbox 56 2345 283 2415">
     <span class='ocr_line' id='line_1_18' title="bbox 56 2345 283 2415; baseline 0.022 -18"><span class='ocrx_word' id='word_1_166' title='bbox 56 2373 61 2388; x_wconf 74' lang='lat'>.</span> <span class='ocrx_word' id='word_1_167' title='bbox 167 2345 283 2415; x_wconf 81' lang='lat' dir='ltr'>accepit.</span> 
     </span>
    </p>
   </div>
   <div class='ocr_carea' id='block_1_7' title="bbox 95 1452 1813 3224">
    <p class='ocr_par' dir='ltr' id='par_1_7' title="bbox 95 1452 1813 3224">
     <span class='ocr_line' id='line_1_19' title="bbox 166 1452 1810 1533; baseline 0.001 -25"><span class='ocrx_word' id='word_1_168' title='bbox 166 1452 268 1510; x_wconf 84' lang='lat' dir='ltr'>Coacta</span> <span class='ocrx_word' id='word_1_169' title='bbox 283 1471 352 1528; x_wconf 84' lang='lat' dir='ltr'>ergo</span> <span class='ocrx_word' id='word_1_170' title='bbox 367 1458 438 1527; x_wconf 92' lang='lat' dir='ltr'>apud</span> <span class='ocrx_word' id='word_1_171' title='bbox 461 1459 629 1515; x_wconf 91' lang='lat' dir='ltr'>Londoniam</span> <span class='ocrx_word' id='word_1_172' title='bbox 646 1475 748 1532; x_wconf 87' lang='lat' dir='ltr'>magno</span> <span class='ocrx_word' id='word_1_173' title='bbox 771 1462 960 1533; x_wconf 88' lang='lat' dir='ltr'>episcoporum</span> <span class='ocrx_word' id='word_1_174' title='bbox 1014 1457 1089 1514; x_wconf 91' lang='lat' dir='ltr'>omni</span> <span class='ocrx_word' id='word_1_175' title='bbox 1098 1458 1191 1529; x_wconf 87' lang='lat' dir='ltr'>generi</span> <span class='ocrx_word' id='word_1_176' title='bbox 1204 1458 1354 1523; x_wconf 92' lang='lat' dir='ltr'>hominum,</span> <span class='ocrx_word' id='word_1_177' title='bbox 1374 1457 1529 1529; x_wconf 78' lang='lat' dir='ltr'>praesertim</span> <span class='ocrx_word' id='word_1_178' title='bbox 1546 1456 1714 1512; x_wconf 87' lang='lat' dir='ltr'>advenarum</span> <span class='ocrx_word' id='word_1_179' title='bbox 1731 1473 1738 1520; x_wconf 92' lang='lat'>;</span> <span class='ocrx_word' id='word_1_180' title='bbox 1756 1456 1810 1526; x_wconf 90' lang='lat' dir='ltr'>qni,</span> 
     </span>
     <span class='ocr_line' id='line_1_20' title="bbox 166 1544 1809 1618; baseline 0.002 -22"><span class='ocrx_word' id='word_1_181' title='bbox 166 1549 194 1596; x_wconf 89' lang='lat' dir='ltr'>et</span> <span class='ocrx_word' id='word_1_182' title='bbox 208 1558 349 1613; x_wconf 88' lang='lat' dir='ltr'>procerum</span> <span class='ocrx_word' id='word_1_183' title='bbox 363 1547 546 1618; x_wconf 90' lang='lat' dir='ltr'>abbatumque</span> <span class='ocrx_word' id='word_1_184' title='bbox 556 1549 682 1615; x_wconf 90' lang='lat' dir='ltr'>coneilio,</span> <span class='ocrx_word' id='word_1_185' title='bbox 698 1550 782 1604; x_wconf 91' lang='lat' dir='ltr'>multa</span> <span class='ocrx_word' id='word_1_186' title='bbox 801 1550 961 1606; x_wconf 91' lang='lat' dir='ltr'>ecclesiasti·</span> <span class='ocrx_word' id='word_1_187' title='bbox 1013 1545 1172 1602; x_wconf 87' lang='lat' dir='ltr'>muneribus</span> <span class='ocrx_word' id='word_1_188' title='bbox 1186 1546 1313 1617; x_wconf 88' lang='lat' dir='ltr'>acceptis,</span> <span class='ocrx_word' id='word_1_189' title='bbox 1330 1545 1429 1600; x_wconf 89' lang='lat' dir='ltr'>famam</span> <span class='ocrx_word' id='word_1_190' title='bbox 1454 1545 1515 1615; x_wconf 85' lang='lat' dir='ltr'>ejus</span> <span class='ocrx_word' id='word_1_191' title='bbox 1537 1544 1620 1618; x_wconf 90' lang='lat' dir='ltr'>longe</span> <span class='ocrx_word' id='word_1_192' title='bbox 1649 1560 1700 1616; x_wconf 90' lang='grc' dir='ltr'>ρει·</span> <span class='ocrx_word' id='word_1_193' title='bbox 1723 1551 1809 1600; x_wconf 85' lang='lat' dir='ltr'>terras</span> 
     </span>
     <span class='ocr_line' id='line_1_21' title="bbox 166 1632 1812 1710; baseline 0.002 -26"><span class='ocrx_word' id='word_1_194' title='bbox 166 1643 260 1686; x_wconf 88' lang='lat' dir='ltr'>carum</span> <span class='ocrx_word' id='word_1_195' title='bbox 273 1640 300 1688; x_wconf 91' lang='lat' dir='ltr'>at</span> <span class='ocrx_word' id='word_1_196' title='bbox 319 1634 482 1690; x_wconf 87' lang='lat' dir='ltr'>secularium</span> <span class='ocrx_word' id='word_1_197' title='bbox 497 1652 588 1692; x_wconf 90' lang='lat' dir='ltr'>rerum</span> <span class='ocrx_word' id='word_1_198' title='bbox 603 1638 727 1693; x_wconf 88' lang='lat' dir='ltr'>ordinata</span> <span class='ocrx_word' id='word_1_199' title='bbox 737 1639 961 1710; x_wconf 85' lang='lat' dir='ltr'>negotia,decisa</span> <span class='ocrx_word' id='word_1_200' title='bbox 1013 1636 1198 1692; x_wconf 74' lang='lat' dir='ltr'>venditarent.</span> <span class='ocrx_word' id='word_1_201' title='bbox 1222 1636 1270 1690; x_wconf 86' lang='lat' dir='ltr'>Est</span> <span class='ocrx_word' id='word_1_202' title='bbox 1285 1634 1357 1690; x_wconf 90' lang='lat' dir='ltr'>enim</span> <span class='ocrx_word' id='word_1_203' title='bbox 1384 1633 1520 1705; x_wconf 87' lang='lat' dir='ltr'>cupiditas</span> <span class='ocrx_word' id='word_1_204' title='bbox 1546 1632 1641 1706; x_wconf 75' lang='lat' dir='ltr'>gloriar</span> <span class='ocrx_word' id='word_1_205' title='bbox 1661 1633 1699 1688; x_wconf 88' lang='lat' dir='ltr'>ita</span> <span class='ocrx_word' id='word_1_206' title='bbox 1720 1633 1812 1688; x_wconf 88' lang='lat' dir='ltr'>innata</span> 
     </span>
     <span class='ocr_line' id='line_1_22' title="bbox 166 1717 1812 1808; baseline 0.004 -37"><span class='ocrx_word' id='word_1_207' title='bbox 166 1717 265 1790; x_wconf 87' lang='lat' dir='ltr'>litigia.</span> <span class='ocrx_word' id='word_1_208' title='bbox 284 1723 439 1780; x_wconf 88' lang='lat' dir='ltr'>Necmulto</span> <span class='ocrx_word' id='word_1_209' title='bbox 453 1732 524 1797; x_wconf 90' lang='lat' dir='ltr'>post,</span> <span class='ocrx_word' id='word_1_210' title='bbox 540 1742 594 1782; x_wconf 93' lang='lat' dir='ltr'>uno</span> <span class='ocrx_word' id='word_1_211' title='bbox 609 1727 782 1799; x_wconf 91' lang='lat' dir='ltr'>diequinque</span> <span class='ocrx_word' id='word_1_212' title='bbox 799 1735 861 1783; x_wconf 91' lang='lat' dir='ltr'>sunt</span> <span class='ocrx_word' id='word_1_213' title='bbox 880 1724 1095 1808; x_wconf 75' lang='lat' dir='ltr'>ordi-3651</span> <span class='ocrx_word' id='word_1_214' title='bbox 1126 1722 1262 1778; x_wconf 91' lang='lat' dir='ltr'>mentibus</span> <span class='ocrx_word' id='word_1_215' title='bbox 1291 1723 1440 1790; x_wconf 90' lang='lat' dir='ltr'>hominum,</span> <span class='ocrx_word' id='word_1_216' title='bbox 1471 1721 1569 1777; x_wconf 87' lang='lat' dir='ltr'>utrix</span> <span class='ocrx_word' id='word_1_217' title='bbox 1597 1721 1709 1794; x_wconf 90' lang='lat' dir='ltr'>aliquis,</span> <span class='ocrx_word' id='word_1_218' title='bbox 1733 1721 1812 1777; x_wconf 81' lang='lat' dir='ltr'>bonae</span> 
     </span>
     <span class='ocr_line' id='line_1_23' title="bbox 166 1808 1812 1888; baseline -0.001 -22"><span class='ocrx_word' id='word_1_219' title='bbox 166 1808 357 1884; x_wconf 73' lang='lat' dir='ltr'>antiepiscopi</span> <span class='ocrx_word' id='word_1_220' title='bbox 372 1813 400 1867; x_wconf 93' lang='lat' dir='ltr'>in</span> <span class='ocrx_word' id='word_1_221' title='bbox 414 1814 505 1869; x_wconf 87' lang='lat' dir='ltr'>Cantia</span> <span class='ocrx_word' id='word_1_222' title='bbox 526 1815 560 1871; x_wconf 90' lang='lat' dir='ltr'>ab</span> <span class='ocrx_word' id='word_1_223' title='bbox 579 1816 708 1872; x_wconf 82' lang='lat' dir='ltr'>Anselmo</span> <span class='ocrx_word' id='word_1_224' title='bbox 728 1817 958 1888; x_wconf 79' lang='lat' dir='ltr'>archiepiscopo:</span> <span class='ocrx_word' id='word_1_225' title='bbox 1014 1812 1189 1868; x_wconf 87' lang='lat' dir='ltr'>conscientiae</span> <span class='ocrx_word' id='word_1_226' title='bbox 1213 1811 1338 1883; x_wconf 90' lang='lat' dir='ltr'>pretiosis</span> <span class='ocrx_word' id='word_1_227' title='bbox 1365 1817 1508 1867; x_wconf 89' lang='lat' dir='ltr'>contentus</span> <span class='ocrx_word' id='word_1_228' title='bbox 1532 1810 1680 1879; x_wconf 86' lang='lat' dir='ltr'>fructibus,</span> <span class='ocrx_word' id='word_1_229' title='bbox 1709 1808 1812 1880; x_wconf 84' lang='lat' dir='ltr'>siquid</span> 
     </span>
     <span class='ocr_line' id='line_1_24' title="bbox 166 1898 1811 1979; baseline 0.006 -26"><span class='ocrx_word' id='word_1_230' title='bbox 166 1899 323 1958; x_wconf 90' lang='lat' dir='ltr'>Willelmus</span> <span class='ocrx_word' id='word_1_231' title='bbox 345 1902 380 1958; x_wconf 91' lang='lat' dir='ltr'>ad</span> <span class='ocrx_word' id='word_1_232' title='bbox 404 1905 586 1970; x_wconf 89' lang='lat' dir='ltr'>Wintoniam,</span> <span class='ocrx_word' id='word_1_233' title='bbox 607 1907 741 1979; x_wconf 78' lang='lat' dir='ltr'>hogerius</span> <span class='ocrx_word' id='word_1_234' title='bbox 772 1907 805 1963; x_wconf 88' lang='lat' dir='ltr'>ad</span> <span class='ocrx_word' id='word_1_235' title='bbox 834 1905 962 1963; x_wconf 87' lang='lat' dir='ltr'>Salesbi-</span> <span class='ocrx_word' id='word_1_236' title='bbox 1013 1899 1200 1969; x_wconf 73' lang='lat' dir='ltr'>benefecerit,</span> <span class='ocrx_word' id='word_1_237' title='bbox 1225 1915 1281 1955; x_wconf 72' lang='lat'><strong>11⁰⁰</strong></span> <span class='ocrx_word' id='word_1_238' title='bbox 1295 1898 1376 1956; x_wconf 68' lang='lat' dir='ltr'>dulce</span> <span class='ocrx_word' id='word_1_239' title='bbox 1396 1899 1495 1954; x_wconf 66' lang='lat' dir='ltr'>hflbffll</span> <span class='ocrx_word' id='word_1_240' title='bbox 1518 1898 1610 1956; x_wconf 67' lang='lat' dir='ltr'>efferri</span> <span class='ocrx_word' id='word_1_241' title='bbox 1634 1899 1663 1954; x_wconf 77' lang='lat' dir='ltr'>in</span> <span class='ocrx_word' id='word_1_242' title='bbox 1690 1898 1811 1972; x_wconf 66' lang='lat' dir='ltr'>vulgus:</span> 
     </span>
     <span class='ocr_line' id='line_1_25' title="bbox 166 1987 1813 2066; baseline 0.001 -26"><span class='ocrx_word' id='word_1_243' title='bbox 166 1988 246 2056; x_wconf 89' lang='lat' dir='ltr'>riam,</span> <span class='ocrx_word' id='word_1_244' title='bbox 262 1991 419 2049; x_wconf 90' lang='lat' dir='ltr'>Willelmus</span> <span class='ocrx_word' id='word_1_245' title='bbox 433 1994 467 2050; x_wconf 87' lang='lat' dir='ltr'>ad</span> <span class='ocrx_word' id='word_1_246' title='bbox 488 1996 632 2066; x_wconf 85' lang='lat' dir='ltr'>Exoninm,</span> <span class='ocrx_word' id='word_1_247' title='bbox 654 1995 802 2052; x_wconf 81' lang='lat' dir='ltr'>llainaldus</span> <span class='ocrx_word' id='word_1_248' title='bbox 819 1996 853 2052; x_wconf 83' lang='lat' dir='ltr'>ad</span> <span class='ocrx_word' id='word_1_249' title='bbox 872 1998 962 2052; x_wconf 73' lang='lat' dir='ltr'>llere-</span> <span class='ocrx_word' id='word_1_250' title='bbox 1015 1988 1086 2044; x_wconf 86' lang='lat' dir='ltr'>unde</span> <span class='ocrx_word' id='word_1_251' title='bbox 1100 1989 1183 2058; x_wconf 90' lang='lat' dir='ltr'>aiunt,</span> <span class='ocrx_word' id='word_1_252' title='bbox 1199 1997 1225 2044; x_wconf 92' lang='lat' dir='ltr'>et</span> <span class='ocrx_word' id='word_1_253' title='bbox 1249 1996 1356 2044; x_wconf 87' lang='lat' dir='ltr'>constat</span> <span class='ocrx_word' id='word_1_254' title='bbox 1376 1987 1498 2043; x_wconf 79' lang='lat' dir='ltr'>dominre</span> <span class='ocrx_word' id='word_1_255' title='bbox 1526 2004 1587 2044; x_wconf 89' lang='lat' dir='ltr'>essa</span> <span class='ocrx_word' id='word_1_256' title='bbox 1609 1994 1764 2060; x_wconf 87' lang='lat' dir='ltr'>surreptum</span> <span class='ocrx_word' id='word_1_257' title='bbox 1787 1995 1813 2043; x_wconf 92' lang='lat' dir='ltr'>ut</span> 
     </span>
     <span class='ocr_line' id='line_1_26' title="bbox 166 2075 1812 2156; baseline 0.006 -27"><span class='ocrx_word' id='word_1_258' title='bbox 166 2075 417 2136; x_wconf 88' lang='lat' dir='ltr'>lordum.Urbanua</span> <span class='ocrx_word' id='word_1_259' title='bbox 429 2081 464 2137; x_wconf 88' lang='lat' dir='ltr'>ad</span> <span class='ocrx_word' id='word_1_260' title='bbox 473 2081 654 2156; x_wconf 84' lang='lat' dir='ltr'>Glemorgun.</span> <span class='ocrx_word' id='word_1_261' title='bbox 667 2084 758 2154; x_wconf 80' lang='lat' dir='ltr'>ltaque</span> <span class='ocrx_word' id='word_1_262' title='bbox 779 2083 961 2140; x_wconf 89' lang='lat' dir='ltr'>controversia</span> <span class='ocrx_word' id='word_1_263' title='bbox 1015 2081 1159 2133; x_wconf 68' lang='lat' dir='ltr'>extraneos</span> <span class='ocrx_word' id='word_1_264' title='bbox 1173 2093 1243 2149; x_wconf 83' lang='lat' dir='ltr'>quos</span> <span class='ocrx_word' id='word_1_265' title='bbox 1267 2085 1358 2149; x_wconf 75' lang='lat' dir='ltr'>posset</span> <span class='ocrx_word' id='word_1_266' title='bbox 1387 2075 1506 2147; x_wconf 72' lang='lat' dir='ltr'>praemiis</span> <span class='ocrx_word' id='word_1_267' title='bbox 1528 2076 1676 2145; x_wconf 77' lang='lat' dir='ltr'>delinire13</span> <span class='ocrx_word' id='word_1_268' title='bbox 1699 2084 1812 2132; x_wconf 71' lang='lat' dir='ltr'>caelerot</span> 
     </span>
     <span class='ocr_line' id='line_1_27' title="bbox 105 2163 1810 2244; baseline -0.001 -24"><span class='ocrx_word' id='word_1_269' title='bbox 105 2191 110 2200; x_wconf 93' lang='lat'><strong>·</strong></span> <span class='ocrx_word' id='word_1_270' title='bbox 165 2164 358 2236; x_wconf 81' lang='lat' dir='ltr'>frequentibus</span> <span class='ocrx_word' id='word_1_271' title='bbox 373 2170 830 2244; x_wconf 83' lang='lat' dir='ltr'>dissensionibusagitata,plurim0</span> <span class='ocrx_word' id='word_1_272' title='bbox 840 2172 961 2229; x_wconf 87' lang='lat' dir='ltr'>Anselmi</span> <span class='ocrx_word' id='word_1_273' title='bbox 1015 2166 1163 2236; x_wconf 82' lang='lat' dir='ltr'>promissis,</span> <span class='ocrx_word' id='word_1_274' title='bbox 1178 2165 1328 2238; x_wconf 85' lang='lat' dir='ltr'>aliquando</span> <span class='ocrx_word' id='word_1_275' title='bbox 1342 2163 1810 2236; x_wconf 78' lang='lat' dir='ltr'>efficacibusaliquandoetssepius,</span> 
     </span>
     <span class='ocr_line' id='line_1_28' title="bbox 166 2253 1812 2330; baseline 0.001 -23"><span class='ocrx_word' id='word_1_276' title='bbox 166 2253 201 2308; x_wconf 91' lang='lat' dir='ltr'>ad</span> <span class='ocrx_word' id='word_1_277' title='bbox 216 2253 325 2313; x_wconf 81' lang='lat' dir='ltr'>Roman</span> <span class='ocrx_word' id='word_1_278' title='bbox 341 2258 378 2313; x_wconf 89' lang='lat' dir='ltr'>itu</span> <span class='ocrx_word' id='word_1_279' title='bbox 395 2267 421 2316; x_wconf 90' lang='lat' dir='ltr'>et</span> <span class='ocrx_word' id='word_1_280' title='bbox 436 2260 524 2316; x_wconf 88' lang='lat' dir='ltr'>reditu</span> <span class='ocrx_word' id='word_1_281' title='bbox 543 2261 681 2330; x_wconf 88' lang='lat' dir='ltr'>ventilata,</span> <span class='ocrx_word' id='word_1_282' title='bbox 699 2261 861 2318; x_wconf 89' lang='lat' dir='ltr'>laudabilem</span> <span class='ocrx_word' id='word_1_283' title='bbox 876 2261 960 2317; x_wconf 88' lang='lat' dir='ltr'>finem</span> <span class='ocrx_word' id='word_1_284' title='bbox 1014 2254 1150 2323; x_wconf 81' lang='lat' dir='ltr'>inanibus,</span> <span class='ocrx_word' id='word_1_285' title='bbox 1165 2254 1356 2326; x_wconf 87' lang='lat' dir='ltr'>suspenderet.</span> <span class='ocrx_word' id='word_1_286' title='bbox 1377 2257 1419 2312; x_wconf 87' lang='lat' dir='ltr'>Eo</span> <span class='ocrx_word' id='word_1_287' title='bbox 1432 2254 1559 2312; x_wconf 86' lang='lat' dir='ltr'>ellectum</span> <span class='ocrx_word' id='word_1_288' title='bbox 1573 2261 1615 2309; x_wconf 89' lang='lat' dir='ltr'>est</span> <span class='ocrx_word' id='word_1_289' title='bbox 1643 2262 1673 2309; x_wconf 92' lang='lat' dir='ltr'>ut</span> <span class='ocrx_word' id='word_1_290' title='bbox 1700 2253 1812 2326; x_wconf 86' lang='lat' dir='ltr'>prodige</span> 
     </span>
     <span class='ocr_line' id='line_1_29' title="bbox 1015 2341 1812 2415; baseline -0.003 -17"><span class='ocrx_word' id='word_1_291' title='bbox 1015 2343 1171 2399; x_wconf 91' lang='lat' dir='ltr'>donantium</span> <span class='ocrx_word' id='word_1_292' title='bbox 1184 2358 1238 2398; x_wconf 91' lang='lat' dir='ltr'>non</span> <span class='ocrx_word' id='word_1_293' title='bbox 1252 2342 1383 2415; x_wconf 87' lang='lat' dir='ltr'>eflugeret</span> <span class='ocrx_word' id='word_1_294' title='bbox 1404 2343 1509 2414; x_wconf 90' lang='lat' dir='ltr'>vitium,</span> <span class='ocrx_word' id='word_1_295' title='bbox 1520 2341 1695 2398; x_wconf 83' lang='lat' dir='ltr'>multimodas</span> <span class='ocrx_word' id='word_1_296' title='bbox 1710 2341 1812 2397; x_wconf 85' lang='lat' dir='ltr'>colonis</span> 
     </span>
     <span class='ocr_line' id='line_1_30' title="bbox 95 2429 1809 2514; baseline -0.001 -27"><span class='ocrx_word' id='word_1_297' title='bbox 95 2455 101 2465; x_wconf 42' lang='grc' dir='ltr'>ι</span> <span class='ocrx_word' id='word_1_298' title='bbox 200 2431 299 2504; x_wconf 66' lang='lat' dir='ltr'>gild.</span> <span class='ocrx_word' id='word_1_299' title='bbox 326 2436 399 2492; x_wconf 84' lang='lat' dir='ltr'>Uxor</span> <span class='ocrx_word' id='word_1_300' title='bbox 426 2439 500 2512; x_wconf 81' lang='lat' dir='ltr'>regis</span> <span class='ocrx_word' id='word_1_301' title='bbox 527 2440 649 2514; x_wconf 74' lang='lat' dir='ltr'>(fuller</span> <span class='ocrx_word' id='word_1_302' title='bbox 677 2441 787 2514; x_wconf 88' lang='lat' dir='ltr'>antiqua</span> <span class='ocrx_word' id='word_1_303' title='bbox 811 2448 838 2497; x_wconf 91' lang='lat' dir='ltr'>et</span> <span class='ocrx_word' id='word_1_304' title='bbox 864 2438 961 2495; x_wconf 87' lang='lat' dir='ltr'>illustri</span> <span class='ocrx_word' id='word_1_305' title='bbox 1012 2432 1068 2488; x_wconf 89' lang='lat' dir='ltr'>suis</span> <span class='ocrx_word' id='word_1_306' title='bbox 1083 2430 1206 2487; x_wconf 90' lang='lat' dir='ltr'>deferens</span> <span class='ocrx_word' id='word_1_307' title='bbox 1219 2431 1383 2501; x_wconf 88' lang='lat' dir='ltr'>calumnias,</span> <span class='ocrx_word' id='word_1_308' title='bbox 1401 2431 1520 2489; x_wconf 91' lang='lat' dir='ltr'>inferens</span> <span class='ocrx_word' id='word_1_309' title='bbox 1534 2431 1656 2501; x_wconf 89' lang='lat' dir='ltr'>injurias,</span> <span class='ocrx_word' id='word_1_310' title='bbox 1684 2429 1809 2486; x_wconf 88' lang='lat' dir='ltr'>auferens</span> 
     </span>
     <span class='ocr_line' id='line_1_31' title="bbox 167 2519 1806 2604; baseline 0.001 -32"><span class='ocrx_word' id='word_1_311' title='bbox 167 2535 264 2593; x_wconf 88' lang='lat' dir='ltr'>regum</span> <span class='ocrx_word' id='word_1_312' title='bbox 278 2524 361 2596; x_wconf 75' lang='lat' dir='ltr'>stirpe</span> <span class='ocrx_word' id='word_1_313' title='bbox 383 2526 524 2585; x_wconf 64' lang='lat' dir='ltr'>descendit</span> <span class='ocrx_word' id='word_1_314' title='bbox 544 2531 671 2600; x_wconf 60' lang='lat' dir='ltr'>pqqqldjs,</span> <span class='ocrx_word' id='word_1_315' title='bbox 691 2530 746 2586; x_wconf 58' lang='grc' dir='ltr'>(ιιι,</span> <span class='ocrx_word' id='word_1_316' title='bbox 766 2529 839 2604; x_wconf 59' lang='lat' dir='ltr'>regis</span> <span class='ocrx_word' id='word_1_317' title='bbox 854 2529 961 2585; x_wconf 54' lang='lat' dir='ltr'>sporn).</span> <span class='ocrx_word' id='word_1_318' title='bbox 1012 2520 1178 2577; x_wconf 84' lang='lat' dir='ltr'>substantias</span> <span class='ocrx_word' id='word_1_319' title='bbox 1199 2538 1207 2576; x_wconf 79' lang='grc' dir='ltr'>ι</span> <span class='ocrx_word' id='word_1_320' title='bbox 1229 2536 1283 2593; x_wconf 93' lang='lat' dir='ltr'>quo</span> <span class='ocrx_word' id='word_1_321' title='bbox 1306 2521 1385 2577; x_wconf 85' lang='lat' dir='ltr'>bonae</span> <span class='ocrx_word' id='word_1_322' title='bbox 1411 2521 1561 2594; x_wconf 82' lang='lat' dir='ltr'>largitricis</span> <span class='ocrx_word' id='word_1_323' title='bbox 1592 2528 1670 2576; x_wconf 83' lang='lat' dir='ltr'>nacta</span> <span class='ocrx_word' id='word_1_324' title='bbox 1695 2519 1806 2587; x_wconf 90' lang='lat' dir='ltr'>famam,</span> 
     </span>
     <span class='ocr_line' id='line_1_32' title="bbox 165 2606 1810 2683; baseline -0.001 -19"><span class='ocrx_word' id='word_1_325' title='bbox 165 2625 224 2664; x_wconf 91' lang='lat' dir='ltr'>rum</span> <span class='ocrx_word' id='word_1_326' title='bbox 248 2615 289 2680; x_wconf 92' lang='grc' dir='ltr'>(ιιι</span> <span class='ocrx_word' id='word_1_327' title='bbox 309 2615 444 2683; x_wconf 77' lang='lat' dir='ltr'>predixi),</span> <span class='ocrx_word' id='word_1_328' title='bbox 464 2633 480 2672; x_wconf 82' lang='lat' dir='ltr'>a</span> <span class='ocrx_word' id='word_1_329' title='bbox 504 2619 703 2676; x_wconf 64' lang='lat' dir='ltr'>seuerissimis</span> <span class='ocrx_word' id='word_1_330' title='bbox 725 2621 796 2676; x_wconf 70' lang='lat' dir='ltr'>inter</span> <span class='ocrx_word' id='word_1_331' title='bbox 812 2617 961 2674; x_wconf 71' lang='lat' dir='ltr'>sanctinis·</span> <span class='ocrx_word' id='word_1_332' title='bbox 1015 2625 1126 2665; x_wconf 91' lang='lat' dir='ltr'>suorum</span> <span class='ocrx_word' id='word_1_333' title='bbox 1142 2608 1217 2681; x_wconf 88' lang='lat' dir='ltr'>parvi</span> <span class='ocrx_word' id='word_1_334' title='bbox 1232 2617 1358 2680; x_wconf 90' lang='lat' dir='ltr'>pensaret</span> <span class='ocrx_word' id='word_1_335' title='bbox 1374 2610 1575 2666; x_wconf 88' lang='lat' dir='ltr'>contumeliam.</span> <span class='ocrx_word' id='word_1_336' title='bbox 1596 2609 1653 2664; x_wconf 88' lang='lat' dir='ltr'>Sed</span> <span class='ocrx_word' id='word_1_337' title='bbox 1680 2608 1741 2664; x_wconf 73' lang='lat' dir='ltr'>hac</span> <span class='ocrx_word' id='word_1_338' title='bbox 1767 2606 1810 2680; x_wconf 90' lang='lat' dir='ltr'>qui</span> 
     </span>
     <span class='ocr_line' id='line_1_33' title="bbox 165 2696 1811 2776; baseline 0.004 -26"><span class='ocrx_word' id='word_1_339' title='bbox 165 2696 334 2770; x_wconf 88' lang='lat' dir='ltr'>nialesapud</span> <span class='ocrx_word' id='word_1_340' title='bbox 347 2702 508 2760; x_wconf 83' lang='lat' dir='ltr'>wiltoniam</span> <span class='ocrx_word' id='word_1_341' title='bbox 524 2715 550 2762; x_wconf 92' lang='lat' dir='ltr'>et</span> <span class='ocrx_word' id='word_1_342' title='bbox 563 2708 719 2763; x_wconf 87' lang='lat' dir='ltr'>llumesium</span> <span class='ocrx_word' id='word_1_343' title='bbox 735 2708 857 2773; x_wconf 88' lang='lat' dir='ltr'>educata,</span> <span class='ocrx_word' id='word_1_344' title='bbox 874 2705 960 2761; x_wconf 90' lang='lat' dir='ltr'>literis</span> <span class='ocrx_word' id='word_1_345' title='bbox 1014 2714 1086 2762; x_wconf 91' lang='lat' dir='ltr'>recte</span> <span class='ocrx_word' id='word_1_346' title='bbox 1099 2705 1221 2776; x_wconf 87' lang='lat' dir='ltr'>judicare</span> <span class='ocrx_word' id='word_1_347' title='bbox 1241 2704 1326 2773; x_wconf 87' lang='lat' dir='ltr'>volet,</span> <span class='ocrx_word' id='word_1_348' title='bbox 1356 2704 1477 2760; x_wconf 89' lang='lat' dir='ltr'>consiliis</span> <span class='ocrx_word' id='word_1_349' title='bbox 1500 2703 1688 2760; x_wconf 88' lang='lat' dir='ltr'>ministrorum</span> <span class='ocrx_word' id='word_1_350' title='bbox 1701 2703 1811 2774; x_wconf 87' lang='lat' dir='ltr'>imputa·</span> 
     </span>
     <span class='ocr_line' id='line_1_34' title="bbox 165 2788 1810 2867; baseline 0.004 -27"><span class='ocrx_word' id='word_1_351' title='bbox 165 2800 275 2859; x_wconf 91' lang='lat' dir='ltr'>quoque</span> <span class='ocrx_word' id='word_1_352' title='bbox 295 2788 448 2847; x_wconf 75' lang='lat' dir='ltr'>femineum</span> <span class='ocrx_word' id='word_1_353' title='bbox 472 2803 566 2865; x_wconf 87' lang='lat' dir='ltr'>pectus</span> <span class='ocrx_word' id='word_1_354' title='bbox 590 2797 723 2851; x_wconf 84' lang='lat' dir='ltr'>exercuit.</span> <span class='ocrx_word' id='word_1_355' title='bbox 748 2796 825 2852; x_wconf 89' lang='lat' dir='ltr'>Unde</span> <span class='ocrx_word' id='word_1_356' title='bbox 844 2802 873 2850; x_wconf 88' lang='lat' dir='ltr'>ut</span> <span class='ocrx_word' id='word_1_357' title='bbox 887 2795 961 2867; x_wconf 82' lang='lat' dir='ltr'>igno·</span> <span class='ocrx_word' id='word_1_358' title='bbox 1014 2795 1073 2857; x_wconf 83' lang='lat' dir='ltr'>bis,-</span> <span class='ocrx_word' id='word_1_359' title='bbox 1089 2795 1145 2865; x_wconf 92' lang='lat' dir='ltr'>qui,</span> <span class='ocrx_word' id='word_1_360' title='bbox 1161 2809 1237 2850; x_wconf 89' lang='lat' dir='ltr'>more</span> <span class='ocrx_word' id='word_1_361' title='bbox 1249 2794 1427 2865; x_wconf 78' lang='lat' dir='ltr'>harpyarum,</span> <span class='ocrx_word' id='word_1_362' title='bbox 1443 2792 1571 2866; x_wconf 89' lang='lat' dir='ltr'>quiequid</span> <span class='ocrx_word' id='word_1_363' title='bbox 1585 2801 1711 2864; x_wconf 81' lang='lat' dir='ltr'>peterent</span> <span class='ocrx_word' id='word_1_364' title='bbox 1725 2791 1810 2848; x_wconf 85' lang='lat' dir='ltr'>corri-</span> 
     </span>
     <span class='ocr_line' id='line_1_35' title="bbox 164 2872 1809 2957; baseline 0.005 -30"><span class='ocrx_word' id='word_1_365' title='bbox 164 2872 233 2929; x_wconf 91' lang='lat' dir='ltr'>biles</span> <span class='ocrx_word' id='word_1_366' title='bbox 256 2878 363 2947; x_wconf 86' lang='lat' dir='ltr'>nuptias</span> <span class='ocrx_word' id='word_1_367' title='bbox 387 2891 534 2952; x_wconf 85' lang='lat' dir='ltr'>respueret,</span> <span class='ocrx_word' id='word_1_368' title='bbox 561 2885 701 2957; x_wconf 91' lang='lat' dir='ltr'>plusquam</span> <span class='ocrx_word' id='word_1_369' title='bbox 734 2883 819 2940; x_wconf 93' lang='lat' dir='ltr'>semel</span> <span class='ocrx_word' id='word_1_370' title='bbox 846 2899 862 2938; x_wconf 90' lang='lat' dir='ltr'>a</span> <span class='ocrx_word' id='word_1_371' title='bbox 885 2890 961 2953; x_wconf 88' lang='lat' dir='ltr'>patro</span> <span class='ocrx_word' id='word_1_372' title='bbox 1015 2899 1079 2954; x_wconf 92' lang='lat' dir='ltr'>pore</span> <span class='ocrx_word' id='word_1_373' title='bbox 1090 2882 1236 2955; x_wconf 87' lang='lat' dir='ltr'>unguibus,</span> <span class='ocrx_word' id='word_1_374' title='bbox 1248 2881 1622 2953; x_wconf 87' lang='lat' dir='ltr'>velinfodiebantmarsupiis</span> <span class='ocrx_word' id='word_1_375' title='bbox 1636 2881 1681 2939; x_wconf 85' lang='lat' dir='ltr'>rel</span> <span class='ocrx_word' id='word_1_376' title='bbox 1693 2881 1809 2936; x_wconf 90' lang='lat' dir='ltr'>insume-</span> 
     </span>
     <span class='ocr_line' id='line_1_36' title="bbox 164 2963 1811 3046; baseline 0.004 -27"><span class='ocrx_word' id='word_1_377' title='bbox 164 2963 278 3033; x_wconf 89' lang='lat' dir='ltr'>oblatas,</span> <span class='ocrx_word' id='word_1_378' title='bbox 308 2969 417 3038; x_wconf 92' lang='lat' dir='ltr'>peplum</span> <span class='ocrx_word' id='word_1_379' title='bbox 443 2981 556 3030; x_wconf 83' lang='lat' dir='ltr'>sacratae</span> <span class='ocrx_word' id='word_1_380' title='bbox 588 2975 627 3042; x_wconf 91' lang='grc'>(1)</span> <span class='ocrx_word' id='word_1_381' title='bbox 663 2974 846 3046; x_wconf 77' lang='lat' dir='ltr'>professionis</span> <span class='ocrx_word' id='word_1_382' title='bbox 879 2973 960 3028; x_wconf 85' lang='lat' dir='ltr'>index</span> <span class='ocrx_word' id='word_1_383' title='bbox 1014 2971 1080 3027; x_wconf 90' lang='lat' dir='ltr'>bant</span> <span class='ocrx_word' id='word_1_384' title='bbox 1094 2971 1251 3028; x_wconf 87' lang='lat' dir='ltr'>conviviis:</span> <span class='ocrx_word' id='word_1_385' title='bbox 1271 2986 1389 3042; x_wconf 89' lang='lat' dir='ltr'>quornm</span> <span class='ocrx_word' id='word_1_386' title='bbox 1411 2970 1565 3027; x_wconf 79' lang='lat' dir='ltr'>faeculentis</span> <span class='ocrx_word' id='word_1_387' title='bbox 1583 2970 1704 3026; x_wconf 91' lang='lat' dir='ltr'>susurris</span> <span class='ocrx_word' id='word_1_388' title='bbox 1730 2985 1811 3026; x_wconf 86' lang='lat' dir='ltr'>aures</span> 
     </span>
     <span class='ocr_line' id='line_1_37' title="bbox 163 3054 1807 3134; baseline 0.004 -28"><span class='ocrx_word' id='word_1_389' title='bbox 163 3054 280 3124; x_wconf 87' lang='lat' dir='ltr'>gestavit</span> <span class='ocrx_word' id='word_1_390' title='bbox 296 3073 303 3110; x_wconf 76' lang='grc' dir='ltr'><strong>ε</strong></span> <span class='ocrx_word' id='word_1_391' title='bbox 320 3069 494 3132; x_wconf 85' lang='lat' dir='ltr'>quapropter,</span> <span class='ocrx_word' id='word_1_392' title='bbox 511 3077 572 3118; x_wconf 91' lang='lat' dir='ltr'>cum</span> <span class='ocrx_word' id='word_1_393' title='bbox 592 3078 640 3117; x_wconf 89' lang='lat' dir='ltr'>rex</span> <span class='ocrx_word' id='word_1_394' title='bbox 664 3062 803 3134; x_wconf 86' lang='lat' dir='ltr'>suscipere</span> <span class='ocrx_word' id='word_1_395' title='bbox 818 3063 899 3119; x_wconf 90' lang='lat' dir='ltr'>vellet</span> <span class='ocrx_word' id='word_1_396' title='bbox 923 3062 959 3130; x_wconf 77' lang='grc'>(1)</span> <span class='ocrx_word' id='word_1_397' title='bbox 1016 3059 1136 3130; x_wconf 90' lang='lat' dir='ltr'>oppleta,</span> <span class='ocrx_word' id='word_1_398' title='bbox 1152 3075 1258 3115; x_wconf 78' lang='lat' dir='ltr'>navum</span> <span class='ocrx_word' id='word_1_399' title='bbox 1273 3059 1474 3115; x_wconf 74' lang='lat' dir='ltr'>honestissimas</span> <span class='ocrx_word' id='word_1_400' title='bbox 1485 3058 1569 3116; x_wconf 91' lang='lat' dir='ltr'>manli</span> <span class='ocrx_word' id='word_1_401' title='bbox 1582 3058 1719 3115; x_wconf 82' lang='lat' dir='ltr'>contraxit</span> <span class='ocrx_word' id='word_1_402' title='bbox 1740 3076 1748 3113; x_wconf 89' lang='lat'>:</span> <span class='ocrx_word' id='word_1_403' title='bbox 1772 3058 1807 3114; x_wconf 86' lang='lat' dir='ltr'>de</span> 
     </span>
     <span class='ocr_line' id='line_1_38' title="bbox 163 3143 1810 3224; baseline 0.004 -29"><span class='ocrx_word' id='word_1_404' title='bbox 163 3156 223 3196; x_wconf 87' lang='lat' dir='ltr'>eam</span> <span class='ocrx_word' id='word_1_405' title='bbox 240 3143 371 3214; x_wconf 90' lang='lat' dir='ltr'>thalamo,</span> <span class='ocrx_word' id='word_1_406' title='bbox 383 3149 461 3204; x_wconf 90' lang='lat' dir='ltr'>resin</span> <span class='ocrx_word' id='word_1_407' title='bbox 476 3151 698 3224; x_wconf 86' lang='lat' dir='ltr'>disceptationem</span> <span class='ocrx_word' id='word_1_408' title='bbox 715 3152 787 3208; x_wconf 87' lang='lat' dir='ltr'>venit</span> <span class='ocrx_word' id='word_1_409' title='bbox 798 3152 858 3224; x_wconf 81' lang='grc'>(3);</span> <span class='ocrx_word' id='word_1_410' title='bbox 876 3153 960 3221; x_wconf 84' lang='grc'>650</span> <span class='ocrx_word' id='word_1_411' title='bbox 1014 3149 1120 3221; x_wconf 91' lang='lat' dir='ltr'>reliquo</span> <span class='ocrx_word' id='word_1_412' title='bbox 1139 3147 1219 3204; x_wconf 86' lang='lat' dir='ltr'>factis</span> <span class='ocrx_word' id='word_1_413' title='bbox 1233 3148 1360 3203; x_wconf 90' lang='lat' dir='ltr'>omnibus</span> <span class='ocrx_word' id='word_1_414' title='bbox 1375 3148 1551 3219; x_wconf 90' lang='lat' dir='ltr'>approbanda</span> <span class='ocrx_word' id='word_1_415' title='bbox 1567 3156 1594 3204; x_wconf 90' lang='lat' dir='ltr'>et</span> <span class='ocrx_word' id='word_1_416' title='bbox 1609 3155 1714 3204; x_wconf 83' lang='lat' dir='ltr'>sancta.</span> <span class='ocrx_word' id='word_1_417' title='bbox 1738 3150 1810 3203; x_wconf 88' lang='lat' dir='ltr'>luter</span> 
     </span>
    </p>
   </div>
   <div class='ocr_carea' id='block_1_8' title="bbox 159 3234 962 4289">
    <p class='ocr_par' dir='ltr' id='par_1_8' title="bbox 159 3234 962 4289">
     <span class='ocr_line' id='line_1_39' title="bbox 164 3234 962 3313; baseline 0.013 -28"><span class='ocrx_word' id='word_1_418' title='bbox 164 3247 215 3287; x_wconf 88' lang='lat' dir='ltr'>nce</span> <span class='ocrx_word' id='word_1_419' title='bbox 230 3234 282 3288; x_wconf 91' lang='lat' dir='ltr'>nisi</span> <span class='ocrx_word' id='word_1_420' title='bbox 296 3235 426 3308; x_wconf 76' lang='lat' dir='ltr'>legitimis</span> <span class='ocrx_word' id='word_1_421' title='bbox 440 3241 582 3311; x_wconf 86' lang='lat' dir='ltr'>productis</span> <span class='ocrx_word' id='word_1_422' title='bbox 606 3241 728 3309; x_wconf 89' lang='lat' dir='ltr'>testibus,</span> <span class='ocrx_word' id='word_1_423' title='bbox 746 3242 791 3313; x_wconf 91' lang='lat' dir='ltr'>qui</span> <span class='ocrx_word' id='word_1_424' title='bbox 808 3258 869 3297; x_wconf 92' lang='lat' dir='ltr'>eam</span> <span class='ocrx_word' id='word_1_425' title='bbox 889 3241 962 3310; x_wconf 85' lang='lat' dir='ltr'>jura·</span> 
     </span>
     <span class='ocr_line' id='line_1_40' title="bbox 163 3324 962 3402; baseline 0.013 -28"><span class='ocrx_word' id='word_1_426' title='bbox 163 3328 224 3375; x_wconf 90' lang='lat' dir='ltr'>rent</span> <span class='ocrx_word' id='word_1_427' title='bbox 239 3324 298 3378; x_wconf 92' lang='lat' dir='ltr'>sine</span> <span class='ocrx_word' id='word_1_428' title='bbox 321 3327 494 3395; x_wconf 88' lang='lat' dir='ltr'>professione</span> <span class='ocrx_word' id='word_1_429' title='bbox 514 3345 597 3386; x_wconf 87' lang='lat' dir='ltr'>causa</span> <span class='ocrx_word' id='word_1_430' title='bbox 619 3345 765 3401; x_wconf 87' lang='lat' dir='ltr'>procorum</span> <span class='ocrx_word' id='word_1_431' title='bbox 791 3330 880 3385; x_wconf 89' lang='lat' dir='ltr'>valum</span> <span class='ocrx_word' id='word_1_432' title='bbox 900 3345 962 3402; x_wconf 87' lang='lat' dir='ltr'>ges·</span> 
     </span>
     <span class='ocr_line' id='line_1_41' title="bbox 165 3407 962 3490; baseline 0.021 -29"><span class='ocrx_word' id='word_1_433' title='bbox 165 3407 243 3476; x_wconf 88' lang='lat' dir='ltr'>sisse,</span> <span class='ocrx_word' id='word_1_434' title='bbox 266 3412 488 3488; x_wconf 87' lang='lat' dir='ltr'>archiepiscopus</span> <span class='ocrx_word' id='word_1_435' title='bbox 511 3418 608 3473; x_wconf 87' lang='lat' dir='ltr'>adduci</span> <span class='ocrx_word' id='word_1_436' title='bbox 630 3419 713 3490; x_wconf 89' lang='lat' dir='ltr'>poluit</span> <span class='ocrx_word' id='word_1_437' title='bbox 735 3419 769 3475; x_wconf 92' lang='lat' dir='ltr'>ad</span> <span class='ocrx_word' id='word_1_438' title='bbox 791 3420 962 3477; x_wconf 90' lang='lat' dir='ltr'>consentien-</span> 
     </span>
     <span class='ocr_line' id='line_1_42' title="bbox 164 3496 962 3577; baseline 0.016 -27"><span class='ocrx_word' id='word_1_439' title='bbox 164 3496 245 3553; x_wconf 90' lang='lat' dir='ltr'>dum.</span> <span class='ocrx_word' id='word_1_440' title='bbox 265 3501 329 3556; x_wconf 84' lang='lat' dir='ltr'>Haeo</span> <span class='ocrx_word' id='word_1_441' title='bbox 343 3501 428 3574; x_wconf 84' lang='lat' dir='ltr'>igitur</span> <span class='ocrx_word' id='word_1_442' title='bbox 446 3504 556 3561; x_wconf 90' lang='lat' dir='ltr'>duobus</span> <span class='ocrx_word' id='word_1_443' title='bbox 578 3507 717 3577; x_wconf 90' lang='lat' dir='ltr'>partubus,</span> <span class='ocrx_word' id='word_1_444' title='bbox 742 3507 825 3563; x_wconf 90' lang='lat' dir='ltr'>altero</span> <span class='ocrx_word' id='word_1_445' title='bbox 850 3506 962 3562; x_wconf 88' lang='lat' dir='ltr'>alterius</span> 
     </span>
     <span class='ocr_line' id='line_1_43' title="bbox 164 3592 960 3668; baseline 0.015 -28"><span class='ocrx_word' id='word_1_446' title='bbox 164 3602 258 3658; x_wconf 84' lang='lat' dir='ltr'>sexus,</span> <span class='ocrx_word' id='word_1_447' title='bbox 279 3597 414 3662; x_wconf 86' lang='lat' dir='ltr'>contenta,</span> <span class='ocrx_word' id='word_1_448' title='bbox 431 3592 456 3647; x_wconf 92' lang='lat' dir='ltr'>in</span> <span class='ocrx_word' id='word_1_449' title='bbox 468 3601 606 3665; x_wconf 88' lang='lat' dir='ltr'>posterum</span> <span class='ocrx_word' id='word_1_450' title='bbox 622 3603 650 3652; x_wconf 91' lang='lat' dir='ltr'>et</span> <span class='ocrx_word' id='word_1_451' title='bbox 663 3611 760 3668; x_wconf 87' lang='lat' dir='ltr'>parere</span> <span class='ocrx_word' id='word_1_452' title='bbox 782 3604 809 3651; x_wconf 89' lang='lat' dir='ltr'>et</span> <span class='ocrx_word' id='word_1_453' title='bbox 826 3596 960 3667; x_wconf 90' lang='lat' dir='ltr'>parturire</span> 
     </span>
     <span class='ocr_line' id='line_1_44' title="bbox 164 3675 958 3758; baseline 0.015 -28"><span class='ocrx_word' id='word_1_454' title='bbox 164 3675 267 3732; x_wconf 88' lang='lat' dir='ltr'>destitit</span> <span class='ocrx_word' id='word_1_455' title='bbox 283 3696 290 3733; x_wconf 92' lang='lat'><strong>:</strong></span> <span class='ocrx_word' id='word_1_456' title='bbox 307 3682 549 3755; x_wconf 82' lang='lat' dir='ltr'>aequanimiterque</span> <span class='ocrx_word' id='word_1_457' title='bbox 565 3685 679 3753; x_wconf 87' lang='lat' dir='ltr'>ferebat,</span> <span class='ocrx_word' id='word_1_458' title='bbox 693 3702 756 3758; x_wconf 85' lang='lat' dir='ltr'>rege</span> <span class='ocrx_word' id='word_1_459' title='bbox 772 3686 958 3755; x_wconf 89' lang='lat' dir='ltr'>aliasintentu‚</span> 
     </span>
     <span class='ocr_line' id='line_1_45' title="bbox 163 3766 960 3839; baseline 0.014 -19"><span class='ocrx_word' id='word_1_460' title='bbox 163 3766 224 3837; x_wconf 92' lang='lat' dir='ltr'>ipsa</span> <span class='ocrx_word' id='word_1_461' title='bbox 234 3769 317 3824; x_wconf 75' lang='lat' dir='ltr'>euriae</span> <span class='ocrx_word' id='word_1_462' title='bbox 332 3769 495 3839; x_wconf 86' lang='lat' dir='ltr'>valedicere,</span> <span class='ocrx_word' id='word_1_463' title='bbox 507 3774 757 3831; x_wconf 84' lang='lat' dir='ltr'>westmonasterio</span> <span class='ocrx_word' id='word_1_464' title='bbox 771 3774 863 3830; x_wconf 89' lang='lat' dir='ltr'>multis</span> <span class='ocrx_word' id='word_1_465' title='bbox 881 3775 960 3831; x_wconf 90' lang='lat' dir='ltr'>annis</span> 
     </span>
     <span class='ocr_line' id='line_1_46' title="bbox 163 3859 960 3937; baseline 0.011 -28"><span class='ocrx_word' id='word_1_466' title='bbox 163 3866 277 3911; x_wconf 88' lang='lat' dir='ltr'>morata.</span> <span class='ocrx_word' id='word_1_467' title='bbox 293 3859 351 3913; x_wconf 87' lang='lat' dir='ltr'>Nec</span> <span class='ocrx_word' id='word_1_468' title='bbox 366 3866 456 3915; x_wconf 88' lang='lat' dir='ltr'>lamen</span> <span class='ocrx_word' id='word_1_469' title='bbox 466 3861 616 3934; x_wconf 87' lang='lat' dir='ltr'>quicquam</span> <span class='ocrx_word' id='word_1_470' title='bbox 632 3865 657 3920; x_wconf 91' lang='lat' dir='ltr'>ei</span> <span class='ocrx_word' id='word_1_471' title='bbox 671 3863 772 3937; x_wconf 89' lang='lat' dir='ltr'>regulis</span> <span class='ocrx_word' id='word_1_472' title='bbox 786 3863 960 3936; x_wconf 83' lang='lat' dir='ltr'>magnificen-</span> 
     </span>
     <span class='ocr_line' id='line_1_47' title="bbox 162 3944 959 4024; baseline 0.011 -26"><span class='ocrx_word' id='word_1_473' title='bbox 162 3944 207 4000; x_wconf 74' lang='lat' dir='ltr'>tiae</span> <span class='ocrx_word' id='word_1_474' title='bbox 221 3945 312 4000; x_wconf 87' lang='lat' dir='ltr'>deerat</span> <span class='ocrx_word' id='word_1_475' title='bbox 328 3949 394 4009; x_wconf 87' lang='lat' dir='ltr'>;scd</span> <span class='ocrx_word' id='word_1_476' title='bbox 410 3949 550 4006; x_wconf 87' lang='lat' dir='ltr'>indefessa</span> <span class='ocrx_word' id='word_1_477' title='bbox 565 3952 729 4024; x_wconf 87' lang='lat' dir='ltr'>frequentia,</span> <span class='ocrx_word' id='word_1_478' title='bbox 746 3952 827 4008; x_wconf 86' lang='lat' dir='ltr'>undae</span> <span class='ocrx_word' id='word_1_479' title='bbox 837 3951 959 4007; x_wconf 88' lang='lat' dir='ltr'>salutan-</span> 
     </span>
     <span class='ocr_line' id='line_1_48' title="bbox 163 4031 958 4113; baseline 0.011 -26"><span class='ocrx_word' id='word_1_480' title='bbox 163 4031 239 4099; x_wconf 92' lang='lat' dir='ltr'>tium,</span> <span class='ocrx_word' id='word_1_481' title='bbox 268 4041 295 4090; x_wconf 87' lang='grc' dir='ltr'>ει</span> <span class='ocrx_word' id='word_1_482' title='bbox 316 4037 378 4091; x_wconf 91' lang='lat' dir='ltr'>totis</span> <span class='ocrx_word' id='word_1_483' title='bbox 406 4041 603 4109; x_wconf 90' lang='lat' dir='ltr'>apportantium</span> <span class='ocrx_word' id='word_1_484' title='bbox 638 4041 812 4112; x_wconf 86' lang='lat' dir='ltr'>temporibus,</span> <span class='ocrx_word' id='word_1_485' title='bbox 838 4041 958 4113; x_wconf 89' lang='lat' dir='ltr'>accipia-</span> 
     </span>
     <span class='ocr_line' id='line_1_49' title="bbox 161 4121 958 4204; baseline 0.011 -27"><span class='ocrx_word' id='word_1_486' title='bbox 161 4121 260 4178; x_wconf 87' lang='lat' dir='ltr'>bantur</span> <span class='ocrx_word' id='word_1_487' title='bbox 274 4131 301 4179; x_wconf 91' lang='lat' dir='ltr'>et</span> <span class='ocrx_word' id='word_1_488' title='bbox 315 4125 497 4181; x_wconf 87' lang='lat' dir='ltr'>vomebantur</span> <span class='ocrx_word' id='word_1_489' title='bbox 510 4129 638 4197; x_wconf 89' lang='lat' dir='ltr'>superbis</span> <span class='ocrx_word' id='word_1_490' title='bbox 664 4130 768 4185; x_wconf 84' lang='lat' dir='ltr'>aedibus</span> <span class='ocrx_word' id='word_1_491' title='bbox 785 4148 791 4184; x_wconf 90' lang='lat'><strong>:</strong></span> <span class='ocrx_word' id='word_1_492' title='bbox 813 4130 864 4185; x_wconf 92' lang='lat' dir='ltr'>boc</span> <span class='ocrx_word' id='word_1_493' title='bbox 884 4131 958 4204; x_wconf 86' lang='lat' dir='ltr'>regis</span> 
     </span>
     <span class='ocr_line' id='line_1_50' title="bbox 159 4211 958 4289; baseline 0.01 -23"><span class='ocrx_word' id='word_1_494' title='bbox 159 4211 273 4281; x_wconf 88' lang='lat' dir='ltr'>jubebat</span> <span class='ocrx_word' id='word_1_495' title='bbox 289 4212 445 4283; x_wconf 91' lang='lat' dir='ltr'>liberalitas,</span> <span class='ocrx_word' id='word_1_496' title='bbox 462 4216 514 4272; x_wconf 88' lang='lat' dir='ltr'>boc</span> <span class='ocrx_word' id='word_1_497' title='bbox 529 4216 614 4287; x_wconf 90' lang='lat' dir='ltr'>ipsius</span> <span class='ocrx_word' id='word_1_498' title='bbox 629 4217 716 4289; x_wconf 85' lang='lat' dir='ltr'>gratia</span> <span class='ocrx_word' id='word_1_499' title='bbox 725 4225 751 4272; x_wconf 90' lang='lat' dir='ltr'>et</span> <span class='ocrx_word' id='word_1_500' title='bbox 767 4218 854 4273; x_wconf 92' lang='lat' dir='ltr'>dulcis</span> <span class='ocrx_word' id='word_1_501' title='bbox 872 4227 958 4274; x_wconf 84' lang='lat' dir='ltr'>attra-</span> 
     </span>
    </p>
   </div>
   <div class='ocr_carea' id='block_1_9' title="bbox 1009 3236 1810 4105">
    <p class='ocr_par' dir='ltr' id='par_1_9' title="bbox 1009 3236 1810 4105">
     <span class='ocr_line' id='line_1_51' title="bbox 1013 3236 1809 3309; baseline 0.001 -19"><span class='ocrx_word' id='word_1_502' title='bbox 1013 3236 1071 3292; x_wconf 86' lang='lat' dir='ltr'>haeo</span> <span class='ocrx_word' id='word_1_503' title='bbox 1085 3244 1177 3306; x_wconf 89' lang='lat' dir='ltr'>erepta</span> <span class='ocrx_word' id='word_1_504' title='bbox 1192 3244 1231 3292; x_wconf 91' lang='lat' dir='ltr'>est</span> <span class='ocrx_word' id='word_1_505' title='bbox 1246 3237 1351 3309; x_wconf 78' lang='lat' dir='ltr'>patria,</span> <span class='ocrx_word' id='word_1_506' title='bbox 1368 3236 1688 3309; x_wconf 86' lang='lat' dir='ltr'>magnoprovinclalium</span> <span class='ocrx_word' id='word_1_507' title='bbox 1698 3237 1809 3304; x_wconf 86' lang='lat' dir='ltr'>damno,</span> 
     </span>
     <span class='ocr_line' id='line_1_52' title="bbox 1012 3324 1809 3398; baseline 0 -18"><span class='ocrx_word' id='word_1_508' title='bbox 1012 3341 1062 3380; x_wconf 92' lang='lat' dir='ltr'>auo</span> <span class='ocrx_word' id='word_1_509' title='bbox 1076 3326 1170 3389; x_wconf 89' lang='lat' dir='ltr'>nullo;</span> <span class='ocrx_word' id='word_1_510' title='bbox 1199 3341 1262 3380; x_wconf 91' lang='lat' dir='ltr'>nam</span> <span class='ocrx_word' id='word_1_511' title='bbox 1291 3333 1318 3380; x_wconf 89' lang='lat' dir='ltr'>et</span> <span class='ocrx_word' id='word_1_512' title='bbox 1345 3326 1426 3380; x_wconf 87' lang='lat' dir='ltr'>funus</span> <span class='ocrx_word' id='word_1_513' title='bbox 1450 3325 1579 3381; x_wconf 90' lang='lat' dir='ltr'>nobiliter</span> <span class='ocrx_word' id='word_1_514' title='bbox 1600 3333 1724 3381; x_wconf 83' lang='lat' dir='ltr'>curatum</span> <span class='ocrx_word' id='word_1_515' title='bbox 1739 3324 1809 3398; x_wconf 90' lang='lat' dir='ltr'>apud</span> 
     </span>
     <span class='ocr_line' id='line_1_53' title="bbox 1012 3413 1809 3485; baseline 0 -17"><span class='ocrx_word' id='word_1_516' title='bbox 1012 3413 1299 3482; x_wconf 90' lang='lat' dir='ltr'>Westmonasterium,</span> <span class='ocrx_word' id='word_1_517' title='bbox 1315 3414 1433 3485; x_wconf 90' lang='lat' dir='ltr'>quietem</span> <span class='ocrx_word' id='word_1_518' title='bbox 1449 3413 1564 3485; x_wconf 87' lang='lat' dir='ltr'>accepit,</span> <span class='ocrx_word' id='word_1_519' title='bbox 1589 3422 1616 3470; x_wconf 91' lang='lat' dir='ltr'>et</span> <span class='ocrx_word' id='word_1_520' title='bbox 1640 3413 1753 3485; x_wconf 89' lang='lat' dir='ltr'>spiritus</span> <span class='ocrx_word' id='word_1_521' title='bbox 1781 3429 1809 3468; x_wconf 89' lang='lat' dir='ltr'>se</span> 
     </span>
     <span class='ocr_line' id='line_1_54' title="bbox 1011 3501 1810 3574; baseline -0.003 -16"><span class='ocrx_word' id='word_1_522' title='bbox 1011 3502 1109 3558; x_wconf 84' lang='lat' dir='ltr'>coelum</span> <span class='ocrx_word' id='word_1_523' title='bbox 1122 3503 1241 3560; x_wconf 87' lang='lat' dir='ltr'>incolere</span> <span class='ocrx_word' id='word_1_524' title='bbox 1256 3517 1310 3557; x_wconf 92' lang='lat' dir='ltr'>non</span> <span class='ocrx_word' id='word_1_525' title='bbox 1325 3502 1431 3558; x_wconf 90' lang='lat' dir='ltr'>frirolis</span> <span class='ocrx_word' id='word_1_526' title='bbox 1445 3502 1536 3574; x_wconf 88' lang='lat' dir='ltr'>signis</span> <span class='ocrx_word' id='word_1_527' title='bbox 1550 3502 1679 3560; x_wconf 87' lang='lat' dir='ltr'>ostendit.</span> <span class='ocrx_word' id='word_1_528' title='bbox 1692 3501 1765 3559; x_wconf 92' lang='lat' dir='ltr'>Obiit</span> <span class='ocrx_word' id='word_1_529' title='bbox 1772 3503 1810 3573; x_wconf 80' lang='grc'>(6)</span> 
     </span>
     <span class='ocr_line' id='line_1_55' title="bbox 1012 3590 1808 3664; baseline 0 -18"><span class='ocrx_word' id='word_1_530' title='bbox 1012 3608 1096 3664; x_wconf 88' lang='lat' dir='ltr'>regno</span> <span class='ocrx_word' id='word_1_531' title='bbox 1113 3602 1174 3663; x_wconf 91' lang='lat' dir='ltr'>post</span> <span class='ocrx_word' id='word_1_532' title='bbox 1195 3590 1392 3662; x_wconf 88' lang='lat' dir='ltr'>septemdecim</span> <span class='ocrx_word' id='word_1_533' title='bbox 1412 3606 1499 3646; x_wconf 91' lang='lat' dir='ltr'>annos</span> <span class='ocrx_word' id='word_1_534' title='bbox 1514 3598 1540 3646; x_wconf 90' lang='lat' dir='ltr'>et</span> <span class='ocrx_word' id='word_1_535' title='bbox 1568 3607 1617 3646; x_wconf 89' lang='lat' dir='ltr'>sex</span> <span class='ocrx_word' id='word_1_536' title='bbox 1641 3591 1677 3663; x_wconf 80' lang='grc'>(7)</span> <span class='ocrx_word' id='word_1_537' title='bbox 1700 3606 1808 3646; x_wconf 89' lang='lat' dir='ltr'>menses</span> 
     </span>
     <span class='ocr_line' id='line_1_56' title="bbox 1011 3679 1808 3752; baseline 0 -18"><span class='ocrx_word' id='word_1_538' title='bbox 1011 3680 1125 3736; x_wconf 90' lang='lat' dir='ltr'>libenter</span> <span class='ocrx_word' id='word_1_539' title='bbox 1141 3679 1256 3744; x_wconf 90' lang='lat' dir='ltr'>relicto;</span> <span class='ocrx_word' id='word_1_540' title='bbox 1280 3680 1365 3734; x_wconf 90' lang='lat' dir='ltr'>fatum</span> <span class='ocrx_word' id='word_1_541' title='bbox 1389 3687 1533 3751; x_wconf 90' lang='lat' dir='ltr'>parentum</span> <span class='ocrx_word' id='word_1_542' title='bbox 1544 3687 1668 3750; x_wconf 87' lang='lat' dir='ltr'>experta,</span> <span class='ocrx_word' id='word_1_543' title='bbox 1685 3680 1732 3752; x_wconf 90' lang='lat' dir='ltr'>qui</span> <span class='ocrx_word' id='word_1_544' title='bbox 1743 3695 1808 3750; x_wconf 90' lang='lat' dir='ltr'>pene</span> 
     </span>
     <span class='ocr_line' id='line_1_57' title="bbox 1010 3767 1803 3839; baseline -0.005 -15"><span class='ocrx_word' id='word_1_545' title='bbox 1010 3783 1105 3825; x_wconf 90' lang='lat' dir='ltr'>omnes</span> <span class='ocrx_word' id='word_1_546' title='bbox 1115 3769 1217 3824; x_wconf 86' lang='lat' dir='ltr'>virente</span> <span class='ocrx_word' id='word_1_547' title='bbox 1232 3767 1402 3839; x_wconf 92' lang='lat' dir='ltr'>potissimum</span> <span class='ocrx_word' id='word_1_548' title='bbox 1430 3783 1491 3823; x_wconf 84' lang='lat' dir='ltr'>aevo</span> <span class='ocrx_word' id='word_1_549' title='bbox 1517 3783 1662 3824; x_wconf 85' lang='lat' dir='ltr'>excessere</span> <span class='ocrx_word' id='word_1_550' title='bbox 1689 3768 1803 3824; x_wconf 90' lang='lat' dir='ltr'>mundo.</span> 
     </span>
     <span class='ocr_line' id='line_1_58' title="bbox 1010 3855 1807 3927; baseline -0.004 -14"><span class='ocrx_word' id='word_1_551' title='bbox 1010 3856 1146 3913; x_wconf 88' lang='lat' dir='ltr'>Successit</span> <span class='ocrx_word' id='word_1_552' title='bbox 1159 3859 1237 3912; x_wconf 92' lang='lat' dir='ltr'>thoro</span> <span class='ocrx_word' id='word_1_553' title='bbox 1252 3856 1319 3925; x_wconf 89' lang='lat' dir='ltr'>ejus,</span> <span class='ocrx_word' id='word_1_554' title='bbox 1336 3856 1384 3910; x_wconf 81' lang='lat' dir='ltr'>secl</span> <span class='ocrx_word' id='word_1_555' title='bbox 1400 3870 1454 3911; x_wconf 91' lang='lat' dir='ltr'>non</span> <span class='ocrx_word' id='word_1_556' title='bbox 1470 3855 1506 3911; x_wconf 91' lang='lat' dir='ltr'>ita</span> <span class='ocrx_word' id='word_1_557' title='bbox 1521 3856 1574 3912; x_wconf 91' lang='lat' dir='ltr'>cito</span> <span class='ocrx_word' id='word_1_558' title='bbox 1600 3855 1645 3927; x_wconf 90' lang='lat' dir='ltr'>(A.</span> <span class='ocrx_word' id='word_1_559' title='bbox 1663 3856 1697 3911; x_wconf 82' lang='lat' dir='ltr'>l).</span> <span class='ocrx_word' id='word_1_560' title='bbox 1716 3855 1807 3926; x_wconf 69' lang='grc'>1191),</span> 
     </span>
     <span class='ocr_line' id='line_1_59' title="bbox 1010 3944 1807 4016; baseline 0 -16"><span class='ocrx_word' id='word_1_561' title='bbox 1010 3945 1098 4000; x_wconf 84' lang='lat' dir='ltr'>Adule</span> <span class='ocrx_word' id='word_1_562' title='bbox 1115 3949 1153 4014; x_wconf 88' lang='grc'>(8)</span> <span class='ocrx_word' id='word_1_563' title='bbox 1172 3944 1227 4001; x_wconf 86' lang='lat' dir='ltr'>filia</span> <span class='ocrx_word' id='word_1_564' title='bbox 1241 3944 1318 4000; x_wconf 89' lang='lat' dir='ltr'>ducis</span> <span class='ocrx_word' id='word_1_565' title='bbox 1332 3944 1366 4000; x_wconf 87' lang='lat' dir='ltr'>tle</span> <span class='ocrx_word' id='word_1_566' title='bbox 1377 3944 1506 4015; x_wconf 88' lang='lat' dir='ltr'>Luranio,</span> <span class='ocrx_word' id='word_1_567' title='bbox 1522 3944 1596 4016; x_wconf 87' lang='lat' dir='ltr'>quod</span> <span class='ocrx_word' id='word_1_568' title='bbox 1610 3952 1652 4001; x_wconf 87' lang='lat' dir='ltr'>est</span> <span class='ocrx_word' id='word_1_569' title='bbox 1666 3944 1807 4002; x_wconf 84' lang='lat' dir='ltr'>castellum</span> 
     </span>
     <span class='ocr_line' id='line_1_60' title="bbox 1009 4034 1295 4105; baseline -0.007 -15"><span class='ocrx_word' id='word_1_570' title='bbox 1009 4041 1090 4105; x_wconf 84' lang='lat' dir='ltr'>caput</span> <span class='ocrx_word' id='word_1_571' title='bbox 1103 4034 1295 4105; x_wconf 79' lang='lat' dir='ltr'>Lollraringiae.</span> 
     </span>
    </p>
   </div>
   <div class='ocr_carea' id='block_1_10' title="bbox 1009 4131 1806 4292">
    <p class='ocr_par' dir='ltr' id='par_1_10' title="bbox 1009 4131 1806 4292">
     <span class='ocr_line' id='line_1_61' title="bbox 1043 4131 1806 4203; baseline 0.001 -16"><span class='ocrx_word' id='word_1_572' title='bbox 1043 4132 1129 4203; x_wconf 72' lang='lat' dir='ltr'>§lla</span> <span class='ocrx_word' id='word_1_573' title='bbox 1147 4132 1242 4187; x_wconf 80' lang='lat' dir='ltr'>Filium</span> <span class='ocrx_word' id='word_1_574' title='bbox 1270 4132 1364 4188; x_wconf 89' lang='lat' dir='ltr'>habuit</span> <span class='ocrx_word' id='word_1_575' title='bbox 1392 4147 1442 4189; x_wconf 83' lang='lat' dir='ltr'>rex</span> <span class='ocrx_word' id='word_1_576' title='bbox 1465 4131 1597 4188; x_wconf 82' lang='lat' dir='ltr'>ilenricus</span> <span class='ocrx_word' id='word_1_577' title='bbox 1612 4146 1654 4187; x_wconf 86' lang='lat' dir='ltr'>ax</span> <span class='ocrx_word' id='word_1_578' title='bbox 1686 4131 1806 4201; x_wconf 89' lang='lat' dir='ltr'>hlatilde,</span> 
     </span>
     <span class='ocr_line' id='line_1_62' title="bbox 1009 4219 1804 4292; baseline 0 -17"><span class='ocrx_word' id='word_1_579' title='bbox 1009 4220 1118 4276; x_wconf 91' lang='lat' dir='ltr'>nomine</span> <span class='ocrx_word' id='word_1_580' title='bbox 1137 4221 1319 4291; x_wconf 87' lang='lat' dir='ltr'>Willelmum,</span> <span class='ocrx_word' id='word_1_581' title='bbox 1341 4221 1414 4277; x_wconf 90' lang='lat' dir='ltr'>dulci</span> <span class='ocrx_word' id='word_1_582' title='bbox 1438 4237 1487 4292; x_wconf 90' lang='lat' dir='ltr'>spe</span> <span class='ocrx_word' id='word_1_583' title='bbox 1514 4229 1542 4275; x_wconf 89' lang='lat' dir='ltr'>et</span> <span class='ocrx_word' id='word_1_584' title='bbox 1556 4219 1659 4292; x_wconf 91' lang='lat' dir='ltr'>ingenti</span> <span class='ocrx_word' id='word_1_585' title='bbox 1684 4236 1750 4277; x_wconf 88' lang='lat' dir='ltr'>cura</span> <span class='ocrx_word' id='word_1_586' title='bbox 1778 4221 1804 4275; x_wconf 90' lang='lat' dir='ltr'>in</span> 
     </span>
    </p>
   </div>
   <div class='ocr_carea' id='block_1_11' title="bbox 157 4300 1805 4741">
    <p class='ocr_par' dir='ltr' id='par_1_11' title="bbox 157 4300 1805 4741">
     <span class='ocr_line' id='line_1_63' title="bbox 162 4300 1805 4381; baseline 0.004 -26"><span class='ocrx_word' id='word_1_587' title='bbox 162 4300 244 4357; x_wconf 90' lang='lat' dir='ltr'>habat</span> <span class='ocrx_word' id='word_1_588' title='bbox 255 4302 623 4374; x_wconf 88' lang='lat' dir='ltr'>benignitas.Sauclitudinis</span> <span class='ocrx_word' id='word_1_589' title='bbox 640 4307 766 4379; x_wconf 74' lang='lat' dir='ltr'>egregia,</span> <span class='ocrx_word' id='word_1_590' title='bbox 787 4323 841 4362; x_wconf 93' lang='lat' dir='ltr'>non</span> <span class='ocrx_word' id='word_1_591' title='bbox 853 4323 956 4378; x_wconf 90' lang='lat' dir='ltr'>usque·</span> <span class='ocrx_word' id='word_1_592' title='bbox 1008 4309 1211 4365; x_wconf 88' lang='lat' dir='ltr'>successionem</span> <span class='ocrx_word' id='word_1_593' title='bbox 1227 4309 1368 4365; x_wconf 90' lang='lat' dir='ltr'>educatum</span> <span class='ocrx_word' id='word_1_594' title='bbox 1384 4309 1460 4381; x_wconf 86' lang='grc' dir='ltr'>(9)ει</span> <span class='ocrx_word' id='word_1_595' title='bbox 1474 4312 1631 4380; x_wconf 86' lang='lat' dir='ltr'>provectum</span> <span class='ocrx_word' id='word_1_596' title='bbox 1646 4310 1728 4378; x_wconf 78' lang='lat'>652</span> <span class='ocrx_word' id='word_1_597' title='bbox 1744 4323 1805 4363; x_wconf 92' lang='lat' dir='ltr'>nam</span> 
     </span>
     <span class='ocr_line' id='line_1_64' title="bbox 161 4391 1805 4467; baseline 0.004 -23"><span class='ocrx_word' id='word_1_598' title='bbox 161 4391 565 4464; x_wconf 83' lang='lat' dir='ltr'>quaqnedeapicabilisformae,</span> <span class='ocrx_word' id='word_1_599' title='bbox 581 4403 708 4451; x_wconf 81' lang='lat' dir='ltr'>maternae</span> <span class='ocrx_word' id='word_1_600' title='bbox 722 4396 950 4467; x_wconf 85' lang='lat' dir='ltr'>pietatisaemula,</span> <span class='ocrx_word' id='word_1_601' title='bbox 1008 4402 1036 4452; x_wconf 87' lang='lat' dir='ltr'>el</span> <span class='ocrx_word' id='word_1_602' title='bbox 1055 4397 1151 4466; x_wconf 84' lang='lat' dir='ltr'>ei,ri1</span> <span class='ocrx_word' id='word_1_603' title='bbox 1177 4397 1241 4452; x_wconf 90' lang='lat' dir='ltr'>dum</span> <span class='ocrx_word' id='word_1_604' title='bbox 1269 4396 1413 4454; x_wconf 89' lang='lat' dir='ltr'>duodecim</span> <span class='ocrx_word' id='word_1_605' title='bbox 1442 4412 1577 4452; x_wconf 86' lang='lat' dir='ltr'>annorum</span> <span class='ocrx_word' id='word_1_606' title='bbox 1601 4404 1682 4466; x_wconf 90' lang='lat' dir='ltr'>esset,</span> <span class='ocrx_word' id='word_1_607' title='bbox 1711 4412 1805 4458; x_wconf 79' lang='lat' dir='ltr'>omnes</span> 
     </span>
     <span class='ocr_line' id='line_1_65' title="bbox 160 4461 1804 4565; baseline 0.005 -38"><span class='ocrx_word' id='word_1_608' title='bbox 160 4473 227 4528; x_wconf 86' lang='lat' dir='ltr'>nibil</span> <span class='ocrx_word' id='word_1_609' title='bbox 241 4475 380 4531; x_wconf 88' lang='lat' dir='ltr'>sinistrum</span> <span class='ocrx_word' id='word_1_610' title='bbox 398 4487 526 4548; x_wconf 88' lang='lat' dir='ltr'>quantum</span> <span class='ocrx_word' id='word_1_611' title='bbox 540 4479 574 4535; x_wconf 91' lang='lat' dir='ltr'>ad</span> <span class='ocrx_word' id='word_1_612' title='bbox 589 4497 619 4535; x_wconf 91' lang='lat' dir='ltr'>se</span> <span class='ocrx_word' id='word_1_613' title='bbox 642 4481 768 4536; x_wconf 88' lang='lat' dir='ltr'>moribus</span> <span class='ocrx_word' id='word_1_614' title='bbox 785 4481 927 4537; x_wconf 86' lang='lat' dir='ltr'>admittens</span> <span class='ocrx_word' id='word_1_615' title='bbox 943 4496 951 4552; x_wconf 90' lang='lat'><strong>;</strong></span> <span class='ocrx_word' id='word_1_616' title='bbox 967 4461 993 4523; x_wconf 81' lang='lat' dir='ltr'>D</span> <span class='ocrx_word' id='word_1_617' title='bbox 1008 4490 1087 4546; x_wconf 68' lang='lat' dir='ltr'>liberi</span> <span class='ocrx_word' id='word_1_618' title='bbox 1102 4491 1225 4546; x_wconf 70' lang='lat' dir='ltr'>homines</span> <span class='ocrx_word' id='word_1_619' title='bbox 1237 4493 1344 4565; x_wconf 69' lang='lat' dir='ltr'>,tngtjae</span> <span class='ocrx_word' id='word_1_620' title='bbox 1356 4500 1382 4549; x_wconf 66' lang='grc' dir='ltr'>ρ(</span> <span class='ocrx_word' id='word_1_621' title='bbox 1405 4491 1589 4560; x_wconf 65' lang='lat' dir='ltr'>Nmmnniae,</span> <span class='ocrx_word' id='word_1_622' title='bbox 1617 4491 1804 4562; x_wconf 61' lang='lat' dir='ltr'>cujuscunque</span> 
     </span>
     <span class='ocr_line' id='line_1_66' title="bbox 159 4565 1798 4654; baseline 0 -20"><span class='ocrx_word' id='word_1_623' title='bbox 159 4565 380 4635; x_wconf 61' lang='lat' dir='ltr'>praecingam</span> <span class='ocrx_word' id='word_1_624' title='bbox 395 4565 611 4637; x_wconf 75' lang='lat' dir='ltr'>cubilenudoris</span> <span class='ocrx_word' id='word_1_625' title='bbox 635 4569 749 4641; x_wconf 70' lang='lat' dir='ltr'>interra</span> <span class='ocrx_word' id='word_1_626' title='bbox 776 4569 851 4625; x_wconf 79' lang='lat' dir='ltr'>nulls</span> <span class='ocrx_word' id='word_1_627' title='bbox 872 4571 954 4626; x_wconf 74' lang='lat' dir='ltr'>elam</span> <span class='ocrx_word' id='word_1_628' title='bbox 1006 4578 1108 4636; x_wconf 77' lang='lat' dir='ltr'>oratus</span> <span class='ocrx_word' id='word_1_629' title='bbox 1134 4587 1161 4635; x_wconf 78' lang='lat' dir='ltr'>a</span> <span class='ocrx_word' id='word_1_630' title='bbox 1196 4579 1343 4654; x_wconf 65' lang='lat' dir='ltr'>nignitate,</span> <span class='ocrx_word' id='word_1_631' title='bbox 1373 4580 1562 4654; x_wconf 72' lang='lat' dir='ltr'>cujuscunque</span> <span class='ocrx_word' id='word_1_632' title='bbox 1593 4578 1697 4634; x_wconf 80' lang='lat' dir='ltr'>nomm</span> <span class='ocrx_word' id='word_1_633' title='bbox 1728 4577 1798 4634; x_wconf 75' lang='lat' dir='ltr'>nne-</span> 
     </span>
     <span class='ocr_line' id='line_1_67' title="bbox 157 4649 1804 4741; baseline 0.007 -35"><span class='ocrx_word' id='word_1_634' title='bbox 157 4649 314 4723; x_wconf 77' lang='lat' dir='ltr'>suspicione</span> <span class='ocrx_word' id='word_1_635' title='bbox 335 4654 413 4710; x_wconf 86' lang='lat' dir='ltr'>laesa.</span> <span class='ocrx_word' id='word_1_636' title='bbox 433 4654 528 4712; x_wconf 80' lang='lat' dir='ltr'>Cilicio</span> <span class='ocrx_word' id='word_1_637' title='bbox 540 4656 591 4712; x_wconf 83' lang='lat' dir='ltr'>sub</span> <span class='ocrx_word' id='word_1_638' title='bbox 606 4658 683 4730; x_wconf 70' lang='lat' dir='ltr'>regio</span> <span class='ocrx_word' id='word_1_639' title='bbox 699 4658 771 4715; x_wconf 79' lang='lat' dir='ltr'>culltl</span> <span class='ocrx_word' id='word_1_640' title='bbox 796 4659 952 4730; x_wconf 88' lang='lat' dir='ltr'>convoluta,</span> <span class='ocrx_word' id='word_1_641' title='bbox 1007 4669 1070 4741; x_wconf 67' lang='lat' dir='ltr'>les,</span> <span class='ocrx_word' id='word_1_642' title='bbox 1099 4668 1224 4726; x_wconf 74' lang='lat' dir='ltr'>manibus</span> <span class='ocrx_word' id='word_1_643' title='bbox 1252 4678 1279 4726; x_wconf 79' lang='lat' dir='ltr'>et</span> <span class='ocrx_word' id='word_1_644' title='bbox 1307 4677 1475 4727; x_wconf 69' lang='lat' dir='ltr'>sacramento</span> <span class='ocrx_word' id='word_1_645' title='bbox 1509 4685 1541 4726; x_wconf 75' lang='lat' dir='ltr'>se</span> <span class='ocrx_word' id='word_1_646' title='bbox 1582 4667 1683 4725; x_wconf 78' lang='lat' dir='ltr'>dedere</span> <span class='ocrx_word' id='word_1_647' title='bbox 1715 4666 1804 4724; x_wconf 72' lang='lat' dir='ltr'>coacti</span> 
     </span>
    </p>
   </div>
   <div class='ocr_carea' id='block_1_12' title="bbox 160 4927 952 5559">
    <p class='ocr_par' dir='ltr' id='par_1_12' title="bbox 194 4927 952 5226">
     <span class='ocr_line' id='line_1_68' title="bbox 194 4927 828 5001; baseline 0.009 -17"><span class='ocrx_word' id='word_1_648' title='bbox 194 4928 252 4999; x_wconf 85' lang='grc'>(99)</span> <span class='ocrx_word' id='word_1_649' title='bbox 271 4929 485 4984; x_wconf 76' lang='lat' dir='ltr'>lautomas.</span> <span class='ocrx_word' id='word_1_650' title='bbox 505 4927 535 4983; x_wconf 90' lang='lat' dir='ltr'>d.</span> <span class='ocrx_word' id='word_1_651' title='bbox 553 4944 581 4984; x_wconf 90' lang='lat' dir='ltr'>e.</span> <span class='ocrx_word' id='word_1_652' title='bbox 601 4929 663 4991; x_wconf 80' lang='lat' dir='ltr'>la..</span> <span class='ocrx_word' id='word_1_653' title='bbox 680 4935 787 5001; x_wconf 82' lang='lat' dir='ltr'>tomen,</span> <span class='ocrx_word' id='word_1_654' title='bbox 804 4950 828 4990; x_wconf 90' lang='lat' dir='ltr'>s.</span> 
     </span>
     <span class='ocr_line' id='line_1_69' title="bbox 195 5001 908 5136; baseline 0.004 -82"><span class='ocrx_word' id='word_1_655' title='bbox 195 5002 407 5136; x_wconf 53' lang='lat' dir='ltr'>ploopllepism.</span> <span class='ocrx_word' id='word_1_656' title='bbox 423 5015 477 5054; x_wconf 87' lang='lat' dir='ltr'>sc.</span> <span class='ocrx_word' id='word_1_657' title='bbox 493 5003 553 5067; x_wconf 63' lang='lat' dir='ltr'>ah,</span> <span class='ocrx_word' id='word_1_658' title='bbox 564 5001 683 5072; x_wconf 86' lang='lat' dir='ltr'>ejus,d.,</span> <span class='ocrx_word' id='word_1_659' title='bbox 701 5005 768 5074; x_wconf 75' lang='lat' dir='ltr'>rapi,</span> <span class='ocrx_word' id='word_1_660' title='bbox 784 5021 799 5060; x_wconf 95' lang='lat' dir='ltr'>e</span> <span class='ocrx_word' id='word_1_661' title='bbox 815 5007 841 5059; x_wconf 89' lang='lat' dir='ltr'>l.</span> <span class='ocrx_word' id='word_1_662' title='bbox 856 5004 864 5059; x_wconf 97' lang='lat' dir='ltr'>l</span> <span class='ocrx_word' id='word_1_663' title='bbox 879 5003 908 5057; x_wconf 75' lang='grc'>9.</span> 
     </span>
     <span class='ocr_line' id='line_1_70' title="bbox 196 5069 952 5226; baseline 0.012 -33"><span class='ocrx_word' id='word_1_664' title='bbox 196 5072 235 5204; x_wconf 70' lang='grc' dir='ltr'>ι)</span> <span class='ocrx_word' id='word_1_665' title='bbox 251 5069 511 5226; x_wconf 53' lang='lat' dir='ltr'>ebibisti:</span> <span class='ocrx_word' id='word_1_666' title='bbox 525 5087 553 5198; x_wconf 75' lang='grc' dir='ltr'>ξς</span> <span class='ocrx_word' id='word_1_667' title='bbox 569 5072 952 5219; x_wconf 56' lang='grc' dir='ltr'>11·ι.’19ῗῖ9ι.9,..ι,....</span> 
     </span>
    </p>

    <p class='ocr_par' dir='ltr' id='par_1_13' title="bbox 160 5211 952 5355">
     <span class='ocr_line' id='line_1_71' title="bbox 197 5211 952 5288; baseline 0.012 -24"><span class='ocrx_word' id='word_1_668' title='bbox 197 5211 236 5283; x_wconf 82' lang='grc'>(9)</span> <span class='ocrx_word' id='word_1_669' title='bbox 250 5215 299 5268; x_wconf 83' lang='lat' dir='ltr'>fles</span> <span class='ocrx_word' id='word_1_670' title='bbox 314 5215 345 5269; x_wconf 82' lang='lat' dir='ltr'>irs</span> <span class='ocrx_word' id='word_1_671' title='bbox 356 5213 591 5285; x_wconf 74' lang='lat' dir='ltr'>disceptationem</span> <span class='ocrx_word' id='word_1_672' title='bbox 611 5217 701 5271; x_wconf 84' lang='lat' dir='ltr'>venit.</span> <span class='ocrx_word' id='word_1_673' title='bbox 735 5216 803 5272; x_wconf 87' lang='lat' dir='ltr'>Vide</span> <span class='ocrx_word' id='word_1_674' title='bbox 826 5216 952 5288; x_wconf 85' lang='lat' dir='ltr'>Eadmer,</span> 
     </span>
     <span class='ocr_line' id='line_1_72' title="bbox 160 5280 507 5355; baseline 0.014 -20"><span class='ocrx_word' id='word_1_675' title='bbox 160 5280 236 5336; x_wconf 78' lang='lat' dir='ltr'>Hbs.</span> <span class='ocrx_word' id='word_1_676' title='bbox 247 5283 323 5351; x_wconf 79' lang='lat' dir='ltr'>Nota,</span> <span class='ocrx_word' id='word_1_677' title='bbox 339 5301 387 5355; x_wconf 88' lang='lat' dir='ltr'>pp.</span> <span class='ocrx_word' id='word_1_678' title='bbox 399 5288 443 5349; x_wconf 82' lang='lat' dir='ltr'>bb,</span> <span class='ocrx_word' id='word_1_679' title='bbox 461 5287 507 5340; x_wconf 82' lang='lat' dir='ltr'>st.</span> 
     </span>
    </p>

    <p class='ocr_par' dir='ltr' id='par_1_14' title="bbox 195 5351 855 5426">
     <span class='ocr_line' id='line_1_73' title="bbox 195 5351 855 5426; baseline 0.006 -17"><span class='ocrx_word' id='word_1_680' title='bbox 195 5351 367 5426; x_wconf 75' lang='lat' dir='ltr'>lllldeoque.</span> <span class='ocrx_word' id='word_1_681' title='bbox 381 5371 409 5409; x_wconf 91' lang='lat' dir='ltr'>a.</span> <span class='ocrx_word' id='word_1_682' title='bbox 430 5370 452 5410; x_wconf 89' lang='lat' dir='ltr'>s.</span> <span class='ocrx_word' id='word_1_683' title='bbox 470 5371 497 5411; x_wconf 92' lang='lat' dir='ltr'>e.</span> <span class='ocrx_word' id='word_1_684' title='bbox 516 5356 546 5411; x_wconf 90' lang='lat' dir='ltr'>d.</span> <span class='ocrx_word' id='word_1_685' title='bbox 566 5360 622 5412; x_wconf 70' lang='grc' dir='ltr'>εἳ.</span> <span class='ocrx_word' id='word_1_686' title='bbox 641 5357 702 5424; x_wconf 79' lang='lat' dir='ltr'>la..</span> <span class='ocrx_word' id='word_1_687' title='bbox 718 5357 855 5426; x_wconf 80' lang='lat' dir='ltr'>idco,el.</span> 
     </span>
    </p>

    <p class='ocr_par' dir='ltr' id='par_1_15' title="bbox 197 5424 761 5500">
     <span class='ocr_line' id='line_1_74' title="bbox 197 5424 761 5500; baseline 0.018 -25"><span class='ocrx_word' id='word_1_688' title='bbox 197 5424 236 5491; x_wconf 81' lang='grc'>(5)</span> <span class='ocrx_word' id='word_1_689' title='bbox 252 5424 380 5480; x_wconf 86' lang='lat' dir='ltr'>Provida.</span> <span class='ocrx_word' id='word_1_690' title='bbox 393 5440 418 5479; x_wconf 90' lang='lat' dir='ltr'>o.</span> <span class='ocrx_word' id='word_1_691' title='bbox 435 5426 463 5481; x_wconf 93' lang='lat' dir='ltr'>d.</span> <span class='ocrx_word' id='word_1_692' title='bbox 480 5444 516 5491; x_wconf 76' lang='lat' dir='ltr'>e..</span> <span class='ocrx_word' id='word_1_693' title='bbox 530 5428 657 5500; x_wconf 76' lang='lat' dir='ltr'>prodigo,</span> <span class='ocrx_word' id='word_1_694' title='bbox 672 5445 699 5485; x_wconf 88' lang='lat' dir='ltr'>a.</span> <span class='ocrx_word' id='word_1_695' title='bbox 714 5428 761 5485; x_wconf 80' lang='lat' dir='ltr'>la.</span> 
     </span>
    </p>

    <p class='ocr_par' dir='ltr' id='par_1_16' title="bbox 198 5491 815 5559">
     <span class='ocr_line' id='line_1_75' title="bbox 198 5491 815 5559; baseline 0.018 -14"><span class='ocrx_word' id='word_1_696' title='bbox 198 5491 237 5559; x_wconf 89' lang='grc'>(6)</span> <span class='ocrx_word' id='word_1_697' title='bbox 255 5493 337 5549; x_wconf 79' lang='lat' dir='ltr'>ortis.</span> <span class='ocrx_word' id='word_1_698' title='bbox 354 5495 416 5549; x_wconf 88' lang='lat' dir='ltr'>hlaii</span> <span class='ocrx_word' id='word_1_699' title='bbox 432 5498 532 5553; x_wconf 91' lang='lat' dir='ltr'>mensis</span> <span class='ocrx_word' id='word_1_700' title='bbox 545 5500 589 5555; x_wconf 86' lang='lat' dir='ltr'>dio</span> <span class='ocrx_word' id='word_1_701' title='bbox 603 5503 616 5554; x_wconf 88' lang='lat' dir='ltr'>l·</span> <span class='ocrx_word' id='word_1_702' title='bbox 629 5504 660 5555; x_wconf 89' lang='lat' dir='ltr'>A.</span> <span class='ocrx_word' id='word_1_703' title='bbox 679 5501 714 5554; x_wconf 87' lang='lat' dir='ltr'>D.</span> <span class='ocrx_word' id='word_1_704' title='bbox 736 5502 815 5556; x_wconf 82' lang='grc'>1118.</span> 
     </span>
    </p>
   </div>
   <div class='ocr_carea' id='block_1_13' title="bbox 1007 4936 1809 5652">
    <p class='ocr_par' dir='ltr' id='par_1_17' title="bbox 1007 4936 1804 5065">
     <span class='ocr_line' id='line_1_76' title="bbox 1007 4936 1804 5011; baseline 0.004 -16"><span class='ocrx_word' id='word_1_705' title='bbox 1007 4936 1111 4995; x_wconf 84' lang='lat' dir='ltr'>&lt;lafridi</span> <span class='ocrx_word' id='word_1_706' title='bbox 1138 4937 1315 4994; x_wconf 88' lang='lat' dir='ltr'>Lovaniensis</span> <span class='ocrx_word' id='word_1_707' title='bbox 1343 4937 1450 4995; x_wconf 89' lang='lat' dir='ltr'>comitis</span> <span class='ocrx_word' id='word_1_708' title='bbox 1488 4938 1581 5011; x_wconf 89' lang='lat' dir='ltr'>liliam,</span> <span class='ocrx_word' id='word_1_709' title='bbox 1615 4955 1714 4998; x_wconf 87' lang='lat' dir='ltr'>mense</span> <span class='ocrx_word' id='word_1_710' title='bbox 1751 4940 1804 4998; x_wconf 83' lang='lat' dir='ltr'>Fe·</span> 
     </span>
     <span class='ocr_line' id='line_1_77' title="bbox 1009 5008 1306 5065; baseline 0.003 -2"><span class='ocrx_word' id='word_1_711' title='bbox 1009 5008 1118 5064; x_wconf 76' lang='lat' dir='ltr'>bruerio</span> <span class='ocrx_word' id='word_1_712' title='bbox 1129 5011 1161 5064; x_wconf 88' lang='lat' dir='ltr'>A.</span> <span class='ocrx_word' id='word_1_713' title='bbox 1175 5010 1211 5064; x_wconf 84' lang='lat'>1).</span> <span class='ocrx_word' id='word_1_714' title='bbox 1227 5012 1306 5065; x_wconf 78' lang='lat' dir='ltr'>lltt.</span> 
     </span>
    </p>

    <p class='ocr_par' dir='ltr' id='par_1_18' title="bbox 1008 5079 1809 5652">
     <span class='ocr_line' id='line_1_78' title="bbox 1043 5079 1800 5149; baseline 0.003 -15"><span class='ocrx_word' id='word_1_715' title='bbox 1043 5079 1083 5148; x_wconf 89' lang='grc'>(9)</span> <span class='ocrx_word' id='word_1_716' title='bbox 1093 5080 1124 5136; x_wconf 83' lang='lat' dir='ltr'>fa</span> <span class='ocrx_word' id='word_1_717' title='bbox 1150 5081 1355 5136; x_wconf 81' lang='lat' dir='ltr'>successionem</span> <span class='ocrx_word' id='word_1_718' title='bbox 1383 5080 1545 5138; x_wconf 77' lang='lat' dir='ltr'>educatam.</span> <span class='ocrx_word' id='word_1_719' title='bbox 1576 5081 1705 5139; x_wconf 81' lang='lat' dir='ltr'>bromton</span> <span class='ocrx_word' id='word_1_720' title='bbox 1734 5081 1800 5149; x_wconf 84' lang='lat' dir='ltr'>(col.</span> 
     </span>
     <span class='ocr_line' id='line_1_79' title="bbox 1009 5150 1806 5232; baseline 0.003 -27"><span class='ocrx_word' id='word_1_721' title='bbox 1009 5152 1088 5219; x_wconf 81' lang='lat' dir='ltr'>tots,</span> <span class='ocrx_word' id='word_1_722' title='bbox 1119 5152 1141 5206; x_wconf 86' lang='lat' dir='ltr'>ll</span> <span class='ocrx_word' id='word_1_723' title='bbox 1169 5151 1285 5232; x_wconf 75' lang='lat' dir='ltr'>script.)</span> <span class='ocrx_word' id='word_1_724' title='bbox 1313 5150 1546 5208; x_wconf 85' lang='lat' dir='ltr'>blalmcsburieusi</span> <span class='ocrx_word' id='word_1_725' title='bbox 1573 5153 1658 5208; x_wconf 90' lang='lat' dir='ltr'>verba</span> <span class='ocrx_word' id='word_1_726' title='bbox 1695 5153 1806 5210; x_wconf 86' lang='lat' dir='ltr'>ascribit</span> 
     </span>
     <span class='ocr_line' id='line_1_80' title="bbox 1008 5223 1806 5293; baseline 0.004 -17"><span class='ocrx_word' id='word_1_727' title='bbox 1008 5238 1069 5293; x_wconf 83' lang='lat' dir='ltr'>quae</span> <span class='ocrx_word' id='word_1_728' title='bbox 1083 5237 1215 5291; x_wconf 87' lang='lat' dir='ltr'>nusquam</span> <span class='ocrx_word' id='word_1_729' title='bbox 1229 5237 1257 5276; x_wconf 85' lang='lat' dir='ltr'>tn</span> <span class='ocrx_word' id='word_1_730' title='bbox 1278 5230 1374 5278; x_wconf 91' lang='lat' dir='ltr'>nostro</span> <span class='ocrx_word' id='word_1_731' title='bbox 1397 5223 1583 5279; x_wconf 89' lang='lat' dir='ltr'>inveniuntur.</span> <span class='ocrx_word' id='word_1_732' title='bbox 1610 5247 1621 5273; x_wconf 76' lang='grc' dir='ltr'>ι</span> <span class='ocrx_word' id='word_1_733' title='bbox 1648 5223 1806 5281; x_wconf 84' lang='lat' dir='ltr'>Willelmus</span> 
     </span>
     <span class='ocr_line' id='line_1_81' title="bbox 1010 5291 1807 5368; baseline 0.001 -20"><span class='ocrx_word' id='word_1_734' title='bbox 1010 5291 1259 5348; x_wconf 80' lang='lat' dir='ltr'>llelnesbnriensis</span> <span class='ocrx_word' id='word_1_735' title='bbox 1286 5292 1363 5360; x_wconf 92' lang='lat' dir='ltr'>dicit,</span> <span class='ocrx_word' id='word_1_736' title='bbox 1387 5293 1461 5363; x_wconf 94' lang='lat' dir='ltr'>quod</span> <span class='ocrx_word' id='word_1_737' title='bbox 1484 5294 1529 5349; x_wconf 90' lang='lat' dir='ltr'>ille</span> <span class='ocrx_word' id='word_1_738' title='bbox 1556 5293 1714 5351; x_wconf 89' lang='lat' dir='ltr'>Willelmus</span> <span class='ocrx_word' id='word_1_739' title='bbox 1733 5295 1807 5368; x_wconf 89' lang='lat' dir='ltr'>regis</span> 
     </span>
     <span class='ocr_line' id='line_1_82' title="bbox 1011 5361 1804 5434; baseline 0.008 -18"><span class='ocrx_word' id='word_1_740' title='bbox 1011 5361 1207 5434; x_wconf 86' lang='lat' dir='ltr'>primogenitus</span> <span class='ocrx_word' id='word_1_741' title='bbox 1239 5361 1328 5432; x_wconf 91' lang='lat' dir='ltr'>palam</span> <span class='ocrx_word' id='word_1_742' title='bbox 1358 5363 1455 5434; x_wconf 82' lang='lat' dir='ltr'>Anglis</span> <span class='ocrx_word' id='word_1_743' title='bbox 1492 5365 1580 5420; x_wconf 88' lang='lat' dir='ltr'>fuerat</span> <span class='ocrx_word' id='word_1_744' title='bbox 1613 5365 1804 5432; x_wconf 86' lang='lat' dir='ltr'>comminatus,</span> 
     </span>
     <span class='ocr_line' id='line_1_83' title="bbox 1012 5431 1807 5508; baseline 0.004 -21"><span class='ocrx_word' id='word_1_745' title='bbox 1012 5433 1095 5504; x_wconf 90' lang='lat' dir='ltr'>qnod,</span> <span class='ocrx_word' id='word_1_746' title='bbox 1108 5432 1131 5486; x_wconf 92' lang='lat' dir='ltr'>si</span> <span class='ocrx_word' id='word_1_747' title='bbox 1146 5431 1293 5504; x_wconf 89' lang='lat' dir='ltr'>aliquando</span> <span class='ocrx_word' id='word_1_748' title='bbox 1313 5449 1395 5504; x_wconf 90' lang='lat' dir='ltr'>super</span> <span class='ocrx_word' id='word_1_749' title='bbox 1417 5449 1464 5489; x_wconf 90' lang='lat' dir='ltr'>eos</span> <span class='ocrx_word' id='word_1_750' title='bbox 1492 5444 1619 5508; x_wconf 85' lang='lat' dir='ltr'>regnaret</span> <span class='ocrx_word' id='word_1_751' title='bbox 1637 5436 1739 5493; x_wconf 83' lang='lat' dir='ltr'>laceret</span> <span class='ocrx_word' id='word_1_752' title='bbox 1759 5452 1807 5493; x_wconf 87' lang='lat' dir='ltr'>eos</span> 
     </span>
     <span class='ocr_line' id='line_1_84' title="bbox 1012 5503 1809 5578; baseline 0.006 -19"><span class='ocrx_word' id='word_1_753' title='bbox 1012 5504 1047 5559; x_wconf 86' lang='lat' dir='ltr'>ad</span> <span class='ocrx_word' id='word_1_754' title='bbox 1062 5511 1180 5558; x_wconf 89' lang='lat' dir='ltr'>aratrum</span> <span class='ocrx_word' id='word_1_755' title='bbox 1197 5503 1306 5559; x_wconf 84' lang='lat' dir='ltr'>trahere</span> <span class='ocrx_word' id='word_1_756' title='bbox 1322 5505 1399 5576; x_wconf 88' lang='lat' dir='ltr'>qnasi</span> <span class='ocrx_word' id='word_1_757' title='bbox 1410 5505 1494 5561; x_wconf 89' lang='lat' dir='ltr'>bores</span> <span class='ocrx_word' id='word_1_758' title='bbox 1511 5506 1576 5562; x_wconf 88' lang='lat' dir='ltr'>:sed</span> <span class='ocrx_word' id='word_1_759' title='bbox 1590 5522 1639 5578; x_wconf 90' lang='lat' dir='ltr'>spa</span> <span class='ocrx_word' id='word_1_760' title='bbox 1655 5508 1809 5566; x_wconf 83' lang='lat' dir='ltr'>anscheru-</span> 
     </span>
     <span class='ocr_line' id='line_1_85' title="bbox 1013 5573 1627 5652; baseline 0.002 -21"><span class='ocrx_word' id='word_1_761' title='bbox 1013 5574 1109 5631; x_wconf 89' lang='lat' dir='ltr'>scabili</span> <span class='ocrx_word' id='word_1_762' title='bbox 1124 5573 1173 5632; x_wconf 90' lang='lat' dir='ltr'>Dei</span> <span class='ocrx_word' id='word_1_763' title='bbox 1185 5573 1304 5632; x_wconf 88' lang='lat' dir='ltr'>vindicta</span> <span class='ocrx_word' id='word_1_764' title='bbox 1320 5592 1382 5634; x_wconf 92' lang='lat' dir='ltr'>cum</span> <span class='ocrx_word' id='word_1_765' title='bbox 1398 5575 1460 5633; x_wconf 90' lang='lat' dir='ltr'>aliis</span> <span class='ocrx_word' id='word_1_766' title='bbox 1473 5577 1597 5652; x_wconf 88' lang='lat' dir='ltr'>deperiit.</span> <span class='ocrx_word' id='word_1_767' title='bbox 1615 5600 1627 5627; x_wconf 74' lang='lat' dir='ltr'>a</span> 
     </span>
    </p>
   </div>
   <div class='ocr_carea' id='block_1_14' title="bbox 198 5563 960 5712">
    <p class='ocr_par' dir='ltr' id='par_1_19' title="bbox 198 5563 960 5712">
     <span class='ocr_line' id='line_1_86' title="bbox 198 5563 746 5654; baseline 0.018 -36"><span class='ocrx_word' id='word_1_768' title='bbox 198 5565 238 5632; x_wconf 81' lang='lat'>(7)</span> <span class='ocrx_word' id='word_1_769' title='bbox 250 5563 316 5619; x_wconf 80' lang='lat' dir='ltr'>See.</span> <span class='ocrx_word' id='word_1_770' title='bbox 332 5581 358 5620; x_wconf 88' lang='lat' dir='ltr'>a.</span> <span class='ocrx_word' id='word_1_771' title='bbox 373 5579 398 5620; x_wconf 89' lang='lat' dir='ltr'>o.</span> <span class='ocrx_word' id='word_1_772' title='bbox 420 5565 448 5647; x_wconf 69' lang='lat' dir='ltr'>d,</span> <span class='ocrx_word' id='word_1_773' title='bbox 464 5582 491 5622; x_wconf 90' lang='lat' dir='ltr'>e.</span> <span class='ocrx_word' id='word_1_774' title='bbox 506 5568 514 5622; x_wconf 95' lang='lat' dir='ltr'>l</span> <span class='ocrx_word' id='word_1_775' title='bbox 529 5571 568 5637; x_wconf 77' lang='grc'>9.,</span> <span class='ocrx_word' id='word_1_776' title='bbox 584 5575 702 5654; x_wconf 72' lang='lat' dir='ltr'>septem,</span> <span class='ocrx_word' id='word_1_777' title='bbox 723 5588 746 5627; x_wconf 91' lang='lat' dir='ltr'>s.</span> 
     </span>
     <span class='ocr_line' id='line_1_87' title="bbox 199 5633 960 5712; baseline 0.012 -21"><span class='ocrx_word' id='word_1_778' title='bbox 199 5633 238 5705; x_wconf 81' lang='grc'>(8)</span> <span class='ocrx_word' id='word_1_779' title='bbox 252 5635 350 5694; x_wconf 78' lang='lat' dir='ltr'>Adsis.</span> <span class='ocrx_word' id='word_1_780' title='bbox 364 5636 497 5694; x_wconf 73' lang='lat' dir='ltr'>bannens</span> <span class='ocrx_word' id='word_1_781' title='bbox 510 5655 622 5698; x_wconf 85' lang='lat' dir='ltr'>uxorem</span> <span class='ocrx_word' id='word_1_782' title='bbox 635 5642 713 5699; x_wconf 82' lang='lat' dir='ltr'>duxit</span> <span class='ocrx_word' id='word_1_783' title='bbox 726 5642 848 5712; x_wconf 74' lang='lat' dir='ltr'>Addam,</span> <span class='ocrx_word' id='word_1_784' title='bbox 864 5641 960 5700; x_wconf 89' lang='lat' dir='ltr'>Gonu·</span> 
     </span>
    </p>
   </div>
   <div class='ocr_carea' id='block_1_15' title="bbox 0 0 1880 6000">
    <p class='ocr_par' dir='ltr' id='par_1_20' title="bbox 0 0 1880 6000">
     <span class='ocr_line' id='line_1_88' title="bbox 0 0 1880 6000; baseline 0 2"><span class='ocrx_word' id='word_1_785' title='bbox 0 0 1880 6000; x_wconf 95' lang='lat' dir='ltr'> </span> 
     </span>
    </p>
   </div>
  </div>
 </body>
</html>
