3750 6000
82 257 135 315 869

675 258 853 315 EPISTOLAE
872 259 918 315 ET
938 257 1148 316 cervicatam.

1678 271 1730 324 8Ἱο

82 398 162 455 gum,
178 381 366 450 sacerdotum,
380 382 503 451 judicum
518 391 603 455 atque
627 384 796 439 secularium
815 383 923 455 per-A
971 384 1011 439 hd
1028 386 1080 441 hoc
1091 383 1254 439 universalis
1269 383 1399 441 Ecclesia
1413 400 1476 443 cura
1495 386 1574 444 nobis
1597 404 1614 445 a
1636 391 1734 463 provi-

82 486 154 527 aoua
168 473 240 528 banc
254 471 456 527 constitutionis
467 481 567 528 nostra
577 472 705 545 paginam
713 489 878 544 agnoscens,

83 569 218 618 utcontra
234 575 295 616 eam
310 562 404 617 venire
420 561 566 617 tentaverit
570 601 698 616 .....
716 561 879 633 honorisque

83 650 127 705 aui
143 649 274 721 dignitate
289 657 392 715 careat,
408 665 536 721 reamque
551 666 581 704 se
597 650 689 705 divino
701 649 806 719 judicio
820 649 880 705 eri·

83 744 160 795 stare
174 737 209 793 de
225 747 383 809 perpetrata
406 737 548 808 iniquitate
571 748 728 809 cognoscat,
743 746 768 793 et
784 739 835 792 nisi
848 753 881 793 ea

83 842 145 897 quae
158 828 194 881 ab
209 827 264 883 alio
279 834 342 883 sunt
356 827 430 882 male
448 826 542 882 ablata
561 827 721 894 restituerit,
737 827 780 882 vel
794 826 881 897 digna

83 914 243 988 paenitentia
274 914 367 971 illicite
388 924 449 970 acta
475 915 630 983 defleverit,
654 931 671 970 a
694 915 881 971 sacratissimo

83 1018 245 1075 corporeae
259 1005 390 1074 sanguine
399 1004 447 1058 Dei
463 1012 490 1058 et
501 1004 609 1058 Domini
624 1005 708 1059 nostri
722 1005 785 1058 lesu
801 1004 880 1059 Chri-

84 1094 118 1148 sti
134 1092 326 1162 Redemptoris
339 1090 424 1146 nostri
439 1092 527 1146 aliena
540 1092 595 1158 liat,
612 1101 693 1162 atque
708 1093 735 1145 in
755 1101 880 1148 extremo

82 1181 210 1237 examine
225 1180 354 1236 districtor
369 1180 468 1236 uhoui
485 1181 635 1249 subjiceat.
656 1181 766 1236 Cunctis
788 1191 880 1236 autem

83 1270 173 1326 cidem
191 1269 252 1326 loco
264 1271 337 1341 justa
352 1270 524 1325 servantibus
546 1271 581 1324 sit
605 1286 656 1340 pax
672 1270 780 1324 Domini
795 1270 881 1325 nostri

80 1359 148 1415 iesu
181 1358 281 1414 Christi
311 1359 519 1429 Redemptoris,
543 1365 569 1412 et
592 1359 636 1414 hic
660 1358 777 1413 fructum
803 1359 880 1415 bonae

81 1449 200 1505 actionis
214 1446 376 1519 percipiani,
393 1456 419 1503 ot
434 1448 507 1518 apud
521 1447 668 1503 districtum
682 1448 802 1516 judicem
817 1463 882 1518 prm

82 1537 138 1593 mia
150 1547 261 1592 aeternio
276 1536 352 1606 pacis
368 1536 519 1591 inveniant.
547 1539 645 1591 Amen.

116 1625 179 1698 Ego
196 1624 298 1681 Lucius
310 1625 458 1680 Catholicae
471 1623 600 1680 Ecclesiae
615 1625 771 1695 episcopus.

936 487 1000 528 sore
1018 473 1139 529 omnium
1165 473 1297 529 bonorum
1322 473 1439 529 Domino
1458 477 1604 533 commissa
1618 487 1678 545 est,
1704 489 1734 537 ut

935 559 1081 632 religiosas
1097 560 1243 633 diligamus
1254 578 1385 632 personas
1401 572 1427 616 et
1442 563 1653 635 beneplacentes
1663 569 1731 638 Deo,

935 648 1098 721 religionem
1119 651 1279 704 studeamus
1300 650 1390 706 modis
1415 652 1543 708 omnibus
1565 670 1730 729 propagare.

935 737 992 793 Nec
1007 740 1079 793 enim
1093 738 1152 794 Deo
1167 748 1261 808 gratus
1276 739 1424 810 aliqnando
1437 739 1585 797 famulatus
1601 743 1736 815 impendi·

936 832 989 896 tur,
1007 826 1059 880 nisi
1081 842 1112 881 ex
1139 827 1279 881 charitatis
1296 828 1388 884 radice
1403 829 1565 897 procedens,
1580 847 1596 886 a
1618 832 1735 903 puritate

934 913 1077 986 religionis
1102 914 1183 969 tuerit
1206 926 1397 970 conservatus.
1418 917 1578 989 Eupropter,
1595 917 1688 977 dilecti
1706 921 1735 978 iu

935 1003 1052 1058 Domino
1067 1001 1124 1070 tilii,
1137 1004 1235 1059 vestris
1247 1003 1330 1073 justis
1346 1005 1572 1074 postulationihus
1583 1008 1735 1066 clementer

934 1092 1094 1159 annuimus,
1115 1100 1142 1146 et
1162 1095 1303 1162 praelatam
1327 1092 1488 1161 ecclesiam,
1514 1094 1539 1148 in
1565 1111 1622 1167 qua
1642 1097 1735 1156 divino

935 1180 1080 1249 mancipati
1105 1181 1170 1234 estis
1193 1180 1340 1251 obsequio,
1364 1181 1414 1235 sub
1437 1183 1467 1238 B.
1491 1182 1567 1238 Petri
1589 1189 1618 1240 at
1641 1194 1735 1243 nostra

935 1269 1104 1339 protectione
1119 1268 1292 1339 suscipimus,
1310 1278 1336 1324 et
1351 1271 1494 1341 prasentia
1514 1271 1608 1343 scripti
1623 1274 1735 1345 privile·

935 1357 982 1430 gio
993 1357 1208 1412 commuuimus.
1222 1357 1376 1413 statuentes
1392 1362 1420 1413 ut
1436 1375 1611 1434 quoscunque
1622 1377 1735 1432 possea·
1842 1389 1845 1393 ·

936 1445 1037 1512 aiones,
1055 1461 1224 1517 quaecunque
1240 1448 1322 1511 bona,
1334 1446 1429 1502 eadem
1440 1448 1557 1504 ecclesia
1572 1449 1599 1504 in
1617 1467 1737 1521 prasen-

935 1535 1034 1589 tiarum
1048 1535 1122 1605 juste
1151 1540 1178 1590 cl
1203 1535 1336 1591 canonice
1353 1536 1483 1606 possidet,
1501 1546 1546 1593 aut
1560 1538 1587 1592 iu
1602 1539 1736 1609 futurum,

934 1625 1111 1680 concessione
1127 1623 1294 1693 gentilicum,
1312 1622 1456 1695 largitione
1471 1641 1568 1698 regum
1581 1628 1623 1684 vel
1638 1628 1738 1700 princi·

116 1715 178 1788 Ego
193 1712 349 1787 Gregorius
364 1715 508 1785 presbyter
529 1713 674 1769 cardinalis
699 1715 766 1768 tituli
780 1713 809 1769 S.
825 1712 874 1769 Ca·
895 1740 921 1800 B
935 1729 1011 1782 pum,
1028 1712 1164 1767 oblatione
1180 1711 1310 1775 fidelium,
1327 1728 1376 1767 seu
1392 1713 1453 1768 aliis
1466 1715 1547 1783 justia
1561 1717 1661 1785 modis,
1676 1717 1735 1773 Do·

82 1802 153 1860 lixti.

117 1896 179 1968 Ego
195 1896 289 1950 Petrus
303 1892 445 1966 presbyter
461 1890 606 1947 cardinalis
621 1892 662 1946 tit.
679 1890 807 1946 Pastoris.

117 1984 180 2055 Ego
195 1984 313 2039 Thomas
328 1982 471 2053 presbyter
484 1980 627 2036 cardinatis
640 1981 683 2034 tit.
707 1981 736 2035 S.
752 1979 875 2034 lustina.

119 2074 181 2146 Ego
195 2071 350 2142 ilaynerius
374 2071 518 2141 presbyter
541 2068 686 2125 cardinalis
711 2069 750 2123 tit.
773 2069 882 2124 Sanctae

84 2162 195 2219 Priscae.

119 2251 183 2324 Ego
198 2248 290 2306 Guido
304 2248 451 2320 presbyter
474 2246 622 2302 cardinalis
636 2244 705 2301 tituli
720 2245 880 2301 Sanctorum

82 2338 221 2397 laurentii
235 2346 261 2393 et
273 2336 394 2392 Damasi.

117 2429 180 2500 Ego
195 2427 326 2483 Nicolaus
340 2425 434 2497 presb.
449 2424 528 2481 card.
549 2423 588 2479 tit.
602 2423 631 2480 S.
646 2422 754 2479 Ciriaci.

119 2519 183 2591 Ego
202 2515 341 2573 eribertus
358 2514 504 2586 presbyter
518 2515 592 2570 card.
608 2513 676 2568 tituli
691 2513 800 2569 Sanctae
808 2515 881 2569 dua-

84 2608 187 2665 nasia.

118 2697 181 2768 Ego
196 2693 355 2751 lincfredus
388 2692 510 2765 presbyt.
543 2690 688 2748 cardinalis
709 2691 750 2746 tit.
775 2689 882 2748 Sanctae

85 2785 207 2843 Sabinas.

117 2876 182 2948 Ego
196 2872 339 2928 Corradus
354 2871 515 2928 Sabinensis
530 2871 689 2942 episcopus.

119 2964 182 3037 Ego
196 2961 385 3018 Theodorinus
400 2960 505 3016 Sancta
520 2961 626 3016 Ruhnae
640 2959 796 3030 episcopus.

119 3054 181 3124 Ego
196 3051 341 3107 hibericos
356 3050 491 3105 Ostiensis
504 3049 661 3120 episcopus.

120 3143 182 3215 Ego
197 3143 333 3212 hymarus
346 3137 557 3193 Tusculanensis
572 3137 730 3208 episcopus.

118 3231 182 3302 Ego
196 3230 292 3285 Petrus
308 3226 479 3282 Albanensis
494 3226 653 3296 episcopus.

121 3320 184 3391 Ego
198 3317 351 3389 Gregorius
379 3315 511 3370 diaconus
543 3312 690 3370 cardinalis
722 3312 884 3371 Sanctorum

88 3407 179 3480 Sergii
193 3414 221 3462 et
235 3404 343 3461 Bacchi.

120 3498 184 3570 Ego
198 3494 262 3552 Otto
275 3494 408 3550 diaconus
418 3492 565 3548 cardinalis
577 3491 605 3547 S.
616 3491 728 3564 Georgii
744 3492 778 3548 ad
790 3492 884 3550 Velurn

85 3590 218 3645 aureum.

122 3675 183 3747 Ego
198 3670 337 3728 Geraldus
358 3671 491 3727 diaconam
510 3668 658 3726 cardinalis
673 3669 777 3725 Sanctae
793 3668 886 3725 blariae

84 3762 281 3823 inDominica.

123 3854 185 3928 ligo
197 3851 286 3908 Guido
310 3851 338 3906 in
353 3851 474 3907 Romana
496 3847 622 3905 Ecclesia
645 3847 740 3903 altaris
760 3848 886 3904 minister

87 3943 228 4016 indignus.

124 4034 185 4104 Ego
200 4028 361 4096 Rodulphus
376 4028 508 4084 diaconus
522 4026 668 4083 cardinalis
683 4026 788 4083 Sanctae
798 4025 886 4083 luciae

86 4122 117 4179 ia
130 4122 244 4192 Septem
258 4118 344 4175 soliis.

122 4210 186 4283 Ego
200 4210 319 4265 loannes
331 4206 463 4262 diaconus
477 4205 663 4262 cardinalias.
679 4205 799 4261 adriani.

124 4301 189 4356 Dat.
211 4297 338 4354 laterani
358 4313 407 4367 per
430 4311 540 4351 manum
564 4296 674 4350 licronis
697 4293 829 4366 capellani
860 4299 887 4348 et

88 4388 239 4462 scriptoris,
257 4386 334 4440 tertio
354 4385 417 4439 idus
432 4384 504 4448 iiaii,
530 4385 682 4439 indictione
695 4384 820 4455 septima,
836 4385 886 4441 lu-

87 4476 257 4537 carnatioois
278 4474 427 4530 Donrinica
460 4488 532 4527 anno
565 4472 709 4527 millesimo
737 4473 886 4530 centesimo

88 4564 306 4641 quadragesimo
324 4571 429 4636 quarto,
446 4561 619 4634 pontificatus
633 4578 699 4618 vero
721 4561 815 4618 domui
830 4564 885 4619 Lu-

89 4657 124 4716 cii
136 4671 219 4731 papae
233 4655 258 4710 li
273 4670 345 4710 anno
361 4652 459 4725 primo.

434 4776 552 4832 XXXV.

93 4894 248 4954 motorum
262 4893 293 4949 S.
307 4893 400 4949 llarioe
411 4892 602 4949 Ardecensem
616 4889 754 4948 tuendum
769 4889 889 4962 suscipit

292 4966 417 5036 donoque
445 4965 505 5036 ejus
530 4966 692 5033 confirmat.

320 5061 410 5134 (inno
426 5061 505 5126 rut,
523 5063 584 5115 aran
604 5061 658 5129 ia.)

335 5149 481 5224 [Naustriu
498 5152 559 5217 Pio,
574 5148 651 5221 ruti

128 5253 229 5307 Lamus
250 5247 405 5321 episcopus,
429 5262 526 5302 servus
550 5261 691 5301 servorum
708 5243 768 5311 Dei,
784 5243 889 5300 dilectis

95 5338 155 5396 flliis
169 5338 359 5402 Giscsaaaro,
376 5335 459 5407 priori
483 5334 608 5392 ecclesis
623 5333 657 5389 S.
676 5334 769 5389 hiariae
787 5334 821 5389 de
835 5335 889 5387 hr-

95 5429 180 5497 tleoa,
204 5427 320 5501 ejusque
341 5425 490 5493 iratribus,
518 5432 572 5479 tani
596 5423 777 5494 praesentibus
810 5437 892 5494 quum

95 5518 216 5588 minna,
239 5516 396 5591 regularem
411 5514 494 5570 vitam
517 5511 649 5584 professis
667 5511 694 5567 in
719 5520 890 5586 perpetuum,

95 5604 215 5667 annam
229 5612 258 5664 et
270 5603 450 5680 apostolicam
464 5600 697 5660 benedictionem.

935 1801 1009 1856 mino
1033 1802 1159 1872 propitio,
1176 1800 1276 1871 poterit
1291 1801 1417 1872 adipisci,
1435 1801 1512 1857 iirmo
1528 1804 1605 1860 vobis
1620 1807 1736 1862 vestris-

935 1906 987 1962 que
1002 1889 1208 1946 successoribus
1223 1897 1249 1943 et
1264 1889 1369 1944 illibata
1384 1900 1572 1961 permaneant.
1588 1893 1619 1949 lo
1634 1895 1735 1966 quibus

935 1978 994 2034 haec
1009 1978 1126 2048 propriis
1141 1977 1268 2032 duximus
1284 1979 1464 2049 exprimenda
1479 1980 1626 2037 vocabulis
1643 2000 1649 2036 :

971 2098 1123 2154 Ecclesiam
1136 2098 1164 2152 S.
1181 2095 1310 2153 Germani
1325 2098 1361 2154 da
1376 2097 1444 2153 atha
1462 2099 1560 2154 Herba.
1572 2100 1668 2157 Totam
1682 2102 1734 2160 de-

936 2187 1033 2244 cimam
1048 2186 1082 2241 de
1097 2185 1209 2257 proprio
1232 2185 1354 2241 dominio
1369 2186 1479 2241 Oelardi
1494 2186 1521 2241 in
1536 2188 1736 2248 Hermeorilla.

936 2277 1024 2333 Unam
1039 2290 1131 2330 acram
1152 2282 1232 2328 terrac
1256 2274 1290 2328 de
1313 2273 1393 2329 leodo
1407 2275 1540 2332 Willelmt
1555 2277 1656 2346 Crassi,
1672 2287 1736 2338 anto

936 2372 1047 2437 puteum
1063 2361 1189 2418 Ardenre.
1206 2363 1297 2418 Unum
1319 2376 1445 2434 campum
1468 2370 1547 2421 terrae
1569 2380 1585 2421 a
1610 2366 1681 2424 Ditot
1700 2368 1736 2425 da

936 2454 1017 2511 leodo
1041 2451 1154 2508 Odardi.
1179 2452 1269 2507 Unam
1292 2466 1385 2507 acram
1410 2461 1490 2507 terrra
1515 2468 1532 2509 a
1556 2455 1639 2511 Ditot.
1663 2457 1737 2514 Duas
1844 2508 1847 2523 ,

936 2558 1016 2599 aeras
1040 2550 1124 2597 terrra
1153 2547 1180 2595 et
1204 2547 1260 2596 tres
1281 2539 1418 2610 virgatas,
1442 2540 1469 2595 in
1494 2544 1619 2599 varenda
1641 2544 1735 2618 longa.

936 2633 1024 2690 Unum
1039 2645 1166 2701 campum
1183 2637 1264 2683 terrae
1279 2628 1313 2682 ad
1331 2627 1451 2695 Buruni,
1466 2628 1500 2684 de
1515 2631 1595 2686 ieodo
1609 2631 1732 2704 hiulphi.

937 2722 1012 2777 Duas
1036 2735 1117 2776 acras
1142 2725 1222 2773 terrae
1244 2717 1315 2771 inter
1330 2715 1481 2772 cadomum
1496 2725 1521 2773 et
1538 2719 1685 2791 ardenam,
1702 2722 1737 2780 de

937 2808 1017 2865 leode
1029 2807 1153 2864 Guntridi
1171 2805 1205 2862 de
1216 2804 1343 2861 Castalio.
1354 2805 1430 2860 Duos
1444 2820 1556 2876 campos
1566 2816 1739 2881 terrosuper

937 2898 966 2953 S.
981 2897 1120 2953 Germano
1137 2896 1171 2951 de
1187 2893 1268 2950 leudo
1284 2894 1404 2958 ilenrici,
1418 2893 1465 2949 lilii
1481 2895 1617 2951 Herbcrti.
1632 2898 1739 2954 Novem

937 3002 1016 3043 acras
1038 2994 1118 3040 terrae
1142 2983 1168 3036 in
1193 2982 1314 3037 Ardena.
1340 2982 1467 3054 Quinque
1489 2985 1623 3055 virgultas
1645 2993 1736 3056 terra,

897 3089 922 3154 C
938 3076 1008 3131 inter
1021 3074 1049 3130 S.
1065 3072 1233 3128 Germanum
1249 3080 1277 3126 et
1291 3071 1402 3128 domum
1414 3070 1585 3128 infirmorum
1612 3073 1738 3146 Quinque

937 3165 1069 3237 virgultas
1090 3179 1122 3218 ex
1137 3161 1220 3217 altera
1242 3169 1319 3231 parte
1342 3160 1402 3218 viae.
1425 3161 1523 3217 Totam
1548 3162 1682 3219 decimam
1703 3164 1739 3221 de

938 3254 1059 3310 dominio
1074 3252 1161 3308 auom
1183 3249 1219 3306 de
1239 3249 1422 3305 Francaviila.
1453 3251 1539 3306 Unam
1562 3251 1739 3323 praebendam

938 3343 1059 3414 Dajocis,
1075 3341 1109 3397 de
1124 3341 1220 3396 decem
1236 3339 1365 3404 denariis,
1391 3338 1425 3394 de
1449 3338 1624 3412 eleemosyna
1647 3341 1737 3414 regis.

940 3433 1029 3488 Aliam
1055 3429 1176 3494 Cadomi,
1200 3428 1233 3483 de
1260 3436 1363 3498 septem
1380 3426 1510 3484 denariis.
1527 3428 1615 3486 Unam
1630 3430 1742 3486 domam

940 3519 1064 3585 Cadomi,
1081 3519 1196 3572 liberam
1214 3524 1240 3571 ot
1254 3517 1373 3588 quietam
1389 3515 1424 3571 de
1437 3516 1567 3573 omnibus
1593 3528 1742 3574 consuetu·

938 3609 1048 3664 dinibus
1063 3607 1091 3663 in
1106 3605 1177 3661 loro.
1192 3605 1277 3659 Aliam
1293 3605 1403 3660 domum
1420 3603 1445 3659 in
1461 3607 1562 3678 Burgo,
1579 3607 1738 3674 abbatissa,

940 3695 1063 3753 Cadonri.
1081 3695 1156 3749 Duas
1170 3693 1268 3749 domos
1283 3691 1310 3748 in
1328 3692 1420 3765 Burgo
1435 3693 1552 3757 abbatis,
1569 3692 1696 3763 Cadurci,
1712 3695 1741 3752 in

939 3801 1011 3843 novo
1031 3801 1103 3840 rure.
1123 3784 1191 3839 Tres
1212 3797 1291 3837 acras
1314 3790 1396 3837 terrae
1410 3796 1426 3836 a
1439 3780 1466 3837 la
1481 3781 1603 3849 Perelio,
1619 3791 1646 3840 et
1659 3783 1742 3854 qnid-

941 3876 1005 3948 quid
1026 3873 1144 3929 babebat
1158 3870 1328 3940 hasculphus
1352 3869 1380 3924 in
1404 3870 1549 3934 Lucerna,
1569 3871 1604 3928 do
1628 3873 1741 3944 proprio

940 3963 1061 4020 dominio
1076 3965 1201 4031 (excepta
1217 3965 1292 4030 parte
1308 3958 1427 4013 nemoris
1443 3959 1477 4014 de
1493 3958 1584 4015 Cnrba
1600 3961 1698 4033 Fossa)
1714 3968 1742 4018 et

941 4053 1009 4110 duos
1033 4065 1172 4122 arpennos
1185 4050 1340 4116 uinearum,
1357 4046 1428 4118 apud
1443 4046 1626 4117 Suligneium.
1647 4050 1740 4105 Totam

941 4141 1077 4199 decimam
1092 4139 1128 4195 dc
1143 4138 1270 4208 Gripum,
1292 4145 1346 4191 tam
1371 4134 1398 4190 in
1423 4134 1587 4191 molendinis
1611 4154 1692 4209 quarn
1714 4138 1742 4195 in

941 4232 1020 4304 aquis
1034 4236 1061 4285 et
1080 4227 1108 4283 in
1130 4226 1258 4284 omnibns
1272 4224 1428 4281 redditibus
1442 4223 1526 4281 rillae.
1543 4226 1630 4282 Unam
1648 4226 1741 4298 pisca·

942 4321 1011 4376 riam
1038 4317 1110 4390 apud
1125 4316 1256 4373 Dulcium.
1280 4314 1376 4370 Totam
1397 4320 1495 4369 terram
1521 4313 1678 4386 Gisleberti,
1694 4316 1744 4372 lilii

902 4446 928 4508 D
944 4412 1043 4479 Adam,
1055 4409 1090 4466 de
1105 4405 1217 4480 proprio
1231 4403 1354 4461 dominio
1370 4403 1397 4458 iu
1408 4403 1542 4458 Lucerna.
1554 4404 1639 4460 Unam
1650 4419 1742 4461 acram

944 4510 1025 4560 terreo
1048 4500 1074 4554 in
1098 4512 1204 4564 aarum,
1219 4494 1255 4550 de
1271 4493 1351 4548 leodo
1365 4492 1511 4562 iladulphi,
1529 4490 1577 4547 silii
1591 4493 1738 4563 Radulphi.

943 4592 1020 4648 Duos
1042 4586 1149 4643 modios
1172 4582 1286 4656 segetis,
1301 4596 1417 4653 quorum
1434 4596 1517 4636 unum
1541 4580 1618 4636 dedit
1632 4580 1743 4639 Willel·

943 4695 1014 4747 mus,
1033 4674 1104 4731 filius
1120 4672 1248 4747 llogerii;
1265 4669 1350 4726 alium
1365 4669 1519 4726 Richardus
1534 4670 1643 4726 Chalos.

979 4795 1122 4855 Sancimus
1137 4793 1216 4850 etiam
1240 4799 1270 4847 ut
1288 4789 1358 4848 ordo
1373 4787 1531 4857 canonicos,
1547 4790 1697 4847 secundom
1711 4790 1742 4846 D.

944 4885 1087 4962 Augustini
1097 4881 1230 4957 Regulam
1245 4887 1272 4937 et
1286 4878 1486 4936 institutionem
1498 4880 1744 4936 Praemonstraten·

944 4977 1014 5033 sium
1028 4975 1155 5038 lratmm,
1171 4969 1308 5044 perpetuis
1323 4968 1360 5025 ibi
1379 4967 1557 5041 temporibus,
1575 4966 1745 5024 inviolabili·

945 5075 986 5122 ter
1003 5069 1192 5121 conservetur.
1220 5057 1401 5115 Decernimus
1417 5073 1488 5131 argo
1502 5066 1531 5114 et
1545 5057 1612 5113 nulli
1632 5056 1745 5114 omnino

944 5152 1083 5210 homiuum
1100 5151 1179 5206 liceat
1195 5147 1336 5221 praelatam
1351 5146 1497 5203 ecclesiam
1514 5155 1615 5204 temere
1631 5156 1746 5219 pertur-

944 5244 1020 5309 bare,
1033 5244 1079 5297 aut
1093 5239 1155 5310 ejus
1168 5238 1360 5311 possessiones
1371 5236 1490 5301 auferre,
1506 5236 1550 5292 vel
1564 5237 1670 5292 ablatas
1685 5235 1748 5292 reti·

946 5349 1023 5399 nere,
1038 5330 1172 5395 minuere,
1188 5335 1233 5383 aut
1247 5323 1384 5397 aliquibus
1398 5323 1591 5380 rorationibus
1608 5324 1744 5398 latigare;

946 5420 996 5478 sed
1010 5419 1101 5476 omnia
1115 5418 1222 5488 integra
1232 5419 1440 5481 conserventur,
1451 5427 1557 5479 eorum,
1568 5429 1619 5484 pro
1629 5427 1746 5487 quorum

947 5504 1147 5585 gubernatione
1160 5510 1188 5562 et
1202 5499 1398 5559 sustentatione
1413 5513 1545 5557 concessa
1569 5509 1633 5558 sunt
1651 5500 1747 5558 usibus

947 5593 1114 5657 omnimodis
1144 5591 1312 5669 protutura:
1330 5587 1411 5648 salva
1434 5587 1590 5649 diocesani
1621 5588 1746 5665 episcopi
