3750 6000
173 228 243 285 taus
651 184 1357 289 wncmurnauuusnunmusrsuomcm
1754 236 1822 295 asar

170 349 232 418 Dei,
244 349 303 417 tibi,
319 349 420 407 dilecto
441 347 497 405 filio
520 347 648 419 llenrico,
663 349 715 405 Dei
729 349 818 423 gratia
831 350 1011 414 Romano-A
1028 354 1111 424 670
1126 353 1251 412 ecclesia
1265 363 1364 413 statum
1378 357 1592 426 conturbaverat,
1607 374 1743 435 magnum
1758 377 1822 435 psu-

169 457 229 497 rnm
245 439 400 511 imperatori
411 438 477 510 (68),
487 437 608 494 concedo
618 436 766 494 electiones
777 438 970 511 episcoporum
1025 441 1098 497 diurn
1115 444 1243 516 quisquis
1260 445 1413 502 Christiane
1436 448 1537 519 sapuit,
1563 451 1681 521 accepit,
1707 451 1782 523 quod
1799 452 1822 508 ia

172 537 198 586 et
213 528 338 585 abbatum
347 526 488 583 Teutonici
500 526 579 599 regni
595 527 641 599 qui
655 526 689 581 ad
705 544 819 600 regnum
833 529 971 597 pertinent
1024 529 1183 602 imperator,
1205 534 1251 606 qui
1275 534 1403 605 proxima
1426 536 1592 592 fortitudinis
1616 539 1703 612 gloria
1727 540 1823 597 acriter

170 616 358 692 inpraesentia
382 622 428 671 tua
447 614 520 682 iieri,
546 615 648 687 absquo
672 616 796 687 symonia
817 624 844 672 et
867 617 970 689 absquo
1024 619 1117 675 Karoli
1131 622 1226 693 magni
1247 622 1391 679 invaderet
1405 625 1530 697 vestigia,
1547 626 1631 682 etiam
1647 641 1664 682 a
1678 629 1822 685 devotione

170 707 226 763 ulla
239 704 365 762 violentia
379 723 384 759 :
397 712 425 759 ut
439 705 461 759 si
477 719 532 776 qua
546 704 616 760 inter
625 713 715 776 partes
729 705 869 761 discordia
881 721 970 761 emer·
1024 706 1107 778 ipsius
1122 709 1149 764 in
1165 711 1255 766 Deum
1278 727 1333 768 non
1352 713 1547 786 degeneraret3
1564 716 1620 786 qui,
1634 724 1737 788 praeter
1750 717 1818 773 Teu·

169 795 246 856 serit,
260 793 457 864 metropolitani
485 792 529 849 vel
553 793 763 863 provincialium
786 794 902 851 concilio
927 793 970 849 rel
1024 796 1107 852 tonici
1122 798 1204 872 regni
1216 800 1345 856 nobiliter
1357 801 1461 872 sopitas
1474 803 1650 871 rebelliones,
1666 806 1750 861 etiarn
1767 807 1820 862 lta·

165 883 282 956 judicio,
295 882 394 938 saniori
407 881 478 954 parti
494 896 635 938 assensum
651 890 676 937 et
691 881 821 938 auxilium
836 883 968 954 praebeas.
1023 884 1106 941 licum
1125 886 1161 941 ita
1177 887 1288 961 subegit
1303 899 1332 944 ut
1344 890 1436 945 nullus
1459 891 1541 948 adeo.
1570 894 1625 948 Ter
1639 893 1711 949 enim
1728 894 1754 949 in
1769 894 1818 951 de·

168 974 278 1030 Electus
300 979 391 1027 autern
416 970 520 1042 regalia
534 986 551 1026 a
565 978 592 1027 te
606 970 730 1042 recipiat,
746 975 773 1027 et
787 988 847 1042 quie
868 987 903 1028 ex
927 971 969 1026 his
1022 976 1121 1031 counio
1136 977 1240 1032 ltaliam
1255 978 1397 1051 ingressus
1412 979 1520 1036 urbium
1543 985 1681 1037 tumorem
1703 999 1817 1055 compe·

164 1063 227 1134 jure
240 1060 286 1117 tibi
303 1059 385 1116 debet
401 1058 484 1115 iaciat
500 1076 506 1112 :
523 1075 557 1114 ox
572 1059 631 1114 aliis
644 1076 710 1114 vero
726 1060 848 1129 partibus
864 1060 968 1131 imperii
1022 1064 1108 1127 scuit;
1130 1066 1220 1136 primo
1234 1066 1353 1124 adventu
1376 1069 1532 1132 Nouariam,
1553 1071 1728 1139 Placentiam,
1751 1075 1815 1129 bre-

168 1157 343 1208 consecratus
365 1148 436 1203 inira
462 1163 511 1203 sex
535 1164 644 1204 menses
661 1149 762 1221 regalia
778 1164 794 1203 a
809 1156 834 1204 te
849 1165 898 1220 per
911 1164 969 1204 sce·

167 1247 257 1313 ptmm
273 1237 396 1310 recipiat,
411 1244 437 1291 et
452 1253 513 1308 quae
526 1253 558 1292 ex
574 1236 617 1292 tris
629 1238 690 1307 J'ure
704 1236 753 1292 tibi
774 1236 856 1293 debet
877 1237 966 1305 saciat,

168 1326 289 1399 exceptis
303 1324 431 1381 omnibus
446 1341 508 1397 quae
522 1324 556 1380 ad
572 1325 722 1380 Romanum
742 1325 886 1381 ecclesiam
906 1342 967 1397 per-

1022 1152 1104 1218 tium,
1123 1156 1248 1212 secundo
1276 1163 1303 1212 et
1332 1158 1410 1214 tertio
1430 1160 1590 1214 Cremonam
1619 1168 1646 1215 et
1673 1162 1814 1228 Mantuam,

1022 1241 1149 1298 inccndio
1182 1245 1369 1301 exterminans
1395 1261 1402 1301 τ
1426 1247 1475 1303 sed
1499 1257 1525 1303 ct
1548 1249 1688 1306 ltarennae
1718 1259 1816 1306 motum

1022 1346 1169 1401 paucorum
1185 1334 1328 1390 obsidione
1341 1335 1444 1391 dierum
1460 1336 1575 1401 lenivit;
1597 1354 1718 1410 namque
1733 1340 1817 1394 Pisani

169 1417 256 1473 tinere
279 1422 439 1470 noscuntur·
464 1414 505 1469 Do
530 1412 629 1487 quibus
653 1428 716 1469 vero
739 1414 804 1468 mibi
828 1415 967 1485 querimo-

165 1506 238 1561 niam
260 1502 360 1560 seceris
387 1506 415 1558 et
442 1501 569 1557 auxilium
600 1502 794 1574 postulaveris,
817 1504 966 1559 secundum
1021 1525 1106 1582 quam
1127 1510 1181 1565 vim
1204 1512 1319 1582 experiri
1342 1514 1486 1568 malebant.
1507 1514 1576 1570 Huic
1599 1514 1639 1587 [ut
1661 1524 1724 1571 ante
1754 1517 1818 1572 tatus

166 1593 247 1651 officii
260 1591 314 1647 mei
329 1591 451 1647 debitum
476 1590 607 1646 auxilium
623 1591 671 1646 tibi
693 1591 844 1662 praestabo.
864 1593 905 1648 Do
920 1593 966 1648 tibi
1021 1614 1081 1653 snm
1093 1600 1165 1672 (59)(
1182 1599 1236 1655 fitia
1251 1601 1327 1672 regis
1337 1603 1441 1675 Angliae
1453 1611 1537 1674 nupta
1547 1604 1696 1659 exhibebat
1712 1613 1817 1676 patrem

162 1697 254 1741 seram
267 1694 373 1752 pacem,
391 1686 418 1735 et
429 1678 555 1735 omnibus
573 1678 661 1748 quiin
678 1686 721 1734 tua
739 1687 816 1750 parte
831 1687 903 1747 sunt,
920 1679 963 1736 vel
978 1714 1006 1778 B
1021 1682 1190 1751 fortitudine,
1215 1693 1331 1741 matrem
1358 1686 1513 1760 religiona;
1531 1688 1716 1745 contendebat
1739 1689 1767 1744 io
1789 1705 1819 1747 ea

162 1772 271 1830 inerunt
285 1778 405 1841 tempore
418 1767 500 1838 hujus
514 1767 665 1825 discordiae.
688 1767 773 1824 Valet
791 1790 802 1817 o
1020 1772 1107 1842 pietas
1122 1771 1272 1842 industriae,
1286 1791 1337 1831 nec
1352 1776 1426 1847 quod
1448 1777 1537 1849 magis
1559 1777 1692 1849 probares
1715 1777 1818 1835 discen·

209 1888 293 1957 669
309 1884 324 1958 ἓ
339 1887 401 1941 lbi.
429 1907 440 1934 o
465 1883 496 1938 In
511 1882 620 1940 nomine
644 1890 745 1941 sanctae
766 1891 794 1939 et
816 1883 964 1941 individuae
1017 1875 1100 1916 ”⁰¹2⁸
1115 1861 1205 1917 flelle-

164 1975 313 2035 Trinitatis.
345 1975 406 2046 Ego
428 1972 577 2039 llonricus,
599 1970 648 2028 Dei
670 1971 756 2046 gratia
777 1972 964 2030 Romanorum
1055 1967 1146 2040 ((39.
1163 1970 1231 2025 Erat
1258 1977 1321 2026 tunc
1345 1970 1505 2027 Wilieimus
1529 1987 1624 2029 comes
1646 1973 1815 2031 Pictnvorum

165 2068 314 2139 imperator
332 2070 472 2134 augustus,
488 2078 538 2133 pro
553 2077 645 2117 amore
659 2061 720 2131 Dei,
741 2069 768 2117 et
789 2069 890 2118 sanctae
906 2063 963 2118 Ro·
1017 2055 1111 2111 fatuus
1127 2066 1152 2113 ct
1163 2057 1302 2128 lubricus;
1315 2060 1372 2133 qui,
1384 2068 1525 2132 postquam
1535 2063 1594 2132 (66)
1604 2062 1638 2118 de
1646 2063 1815 2136 ierosolyma

166 2171 255 2212 ”¹³¹¹ae
287 2153 430 2220 ecssleslaer
453 2158 481 2206 θῑ
502 2150 603 2208 domini
629 2150 726 2206 Calirti
751 2167 841 2222 papae,
868 2160 895 2206 et
913 2167 962 2223 pro
1017 2147 1058 2216 (ut
1091 2146 1227 2217 superiori
1251 2147 1320 2203 libro
1349 2148 1449 2204 lectum
1474 2152 1525 2220 est)
1550 2151 1651 2216 rediit,
1676 2151 1714 2207 ita
1738 2167 1814 2209 omne

1022 1428 1050 1474 et
1065 1420 1222 1492 Papicnses,
1239 1437 1301 1478 curn
1315 1424 1576 1493 Mediolanensibus,
1590 1426 1740 1484 amicitiam
1762 1429 1818 1499 ejus

165 2243 287 2302 remedio
311 2242 409 2297 animae
428 2255 511 2306 meae,
529 2239 634 2296 dimitto
649 2240 721 2309 Deo,
745 2247 771 2295 et
793 2240 894 2297 sanctis
912 2241 962 2295 Dei
1015 2234 1144 2289 vitiorum
1161 2235 1331 2291 volutabmm
1347 2237 1490 2308 premebat
1514 2238 1593 2310 quasi
1614 2240 1741 2296 crederet
1753 2256 1812 2297 onr-

165 2331 297 2406 apostolis
307 2332 387 2386 Petro
403 2337 429 2386 et
445 2327 538 2396 Paulo,
552 2337 706 2400 sanctaeque
721 2328 862 2385 catholice
877 2329 963 2385 eccle·
1015 2323 1061 2378 nio
1078 2323 1193 2379 fortuitu
1208 2325 1264 2399 agi,
1280 2341 1334 2381 non
1350 2326 1521 2396 providentia
1533 2327 1602 2400 regi.
1617 2329 1716 2401 Nugas
1736 2344 1811 2401 porro

166 2425 226 2489 siae;
241 2436 350 2479 ornnem
365 2418 554 2474 investituram
568 2434 618 2488 per
632 2417 760 2473 annulum
773 2425 799 2473 et
815 2417 959 2473 baculum:
1016 2429 1093 2480 suos,
1112 2412 1181 2468 salsa
1204 2416 1320 2486 quadarn
1337 2423 1479 2470 venustate
1501 2417 1639 2482 condiens,
1656 2418 1692 2474 ad
1704 2418 1811 2475 facetias

165 2521 193 2569 et
206 2509 326 2568 concedo
339 2508 367 2562 in
385 2507 511 2562 omnibus
537 2506 670 2573 ecclesiis,
685 2522 745 2578 quae
769 2506 797 2561 in
816 2523 902 2578 regno
916 2506 960 2563 rel
1014 2502 1175 2568 revocabat,
1191 2502 1361 2558 audientium
1376 2503 1461 2560 rictus
1483 2505 1616 2561 cachinno
1637 2505 1806 2563 distendens.

87 2639 92 2644 .
161 2598 277 2672 imperio
301 2612 362 2653 meo
386 2605 458 2662 sunt,
480 2595 638 2652 canonicam
670 2595 730 2651 lieri
752 2596 910 2651 electionem
932 2600 960 2652 et
1015 2589 1140 2661 Denique
1156 2591 1228 2662 apud
1241 2592 1382 2647 casmllum
1399 2593 1547 2665 quoddam,
1564 2594 1645 2650 Nion
1660 2596 1727 2668 (⁶¹),
1738 2595 1809 2651 hibi·

159 2690 275 2747 liberam
305 2684 548 2742 consecrationem.
573 2683 764 2739 Possessiones
796 2691 822 2739 et
853 2683 959 2756 regalia
1013 2679 1100 2735 iacula
1134 2681 1269 2752 quaedam.
1294 2681 1370 2751 (1(13Βί
1392 2682 1606 2749 606666ῑο18,
1638 2692 1809 2751 6066166θῦ86

162 2777 235 2834 beati
250 2773 339 2842 Petri,
356 2789 417 2844 quae
431 2787 448 2827 a
463 2771 594 2843 principio
608 2771 690 2841 hujus
704 2772 849 2827 discordiae
871 2787 958 2844 usque
1011 2767 1149 2823 abbatiam
1165 2769 1296 2839 pellicum
1311 2769 1352 2824 ibi
1367 2786 1396 2824 so
1411 2771 1565 2841 positurum
1582 2770 1714 2828 delirabat
1727 2790 1735 2827 τ
1746 2789 1808 2828 nun·

159 2863 194 2922 sd
208 2863 369 2920 hodiernum
385 2861 467 2927 diem,
493 2860 551 2916 sive
574 2867 696 2931 temporo
715 2860 799 2931 patris
819 2861 882 2929 mei,
900 2861 957 2917 sive
1010 2856 1129 2927 cupatim
1145 2857 1220 2911 illam
1236 2864 1262 2913 et
1276 2857 1360 2922 iilum,
1377 2874 1546 2930 quancunque
1566 2859 1725 2916 famosioris
1750 2875 1808 2933 pro

159 2953 243 3010 ariam
258 2966 333 3017 meo,
352 2949 442 3004 ablata
457 2955 535 3014 sunt,
552 2964 613 3020 quar
627 2948 724 3014 habeo,
742 2948 830 3005 eidem
855 2957 957 3005 sancta
1011 2944 1102 2999 stibuli
1117 2953 1197 3010 esset,
1209 2945 1379 3002 abbatissam
1394 2948 1437 3002 vel
1452 2947 1584 3018 priorem,
1594 2956 1744 3006 caeterasve
1755 2949 1808 3020 (62)

159 3043 289 3099 Romauae
304 3037 427 3095 ccclesiae
441 3036 563 3092 restituto
579 3052 586 3091 :
603 3053 662 3109 quae
686 3052 739 3092 non
760 3037 857 3106 babeo,
873 3046 902 3093 ut
915 3054 955 3094 rc·
970 3032 1139 3134 cofficiales
1157 3034 1342 3090 insliiuluwm
1373 3037 1519 3092 ctssliltsss·
1559 3039 1641 3109 671
1677 3037 1808 3111 Ῐιθεῑῑὶῐῦ(

159 3132 304 3189 stitunntur
321 3127 438 3183 fideliter
457 3125 575 3190 juvabo.
598 3125 787 3182 Possessiones
802 3127 884 3182 etiarn
899 3142 955 3182 om·
1012 3137 1120 3194 quoque
1138 3138 1224 3179 11¹0te
1245 3124 1376 3195 depulsa,
1401 3125 1571 3182 V10⁰⁰⁰mi¹is
1594 3126 1738 3194 cuiusdam
1754 3127 1807 3197 (⁶3)

158 3221 233 3277 nium
251 3218 367 3276 aliarum
387 3215 584 3281 ecclesiarum,
611 3220 638 3270 et
661 3214 813 3286 principum
841 3223 866 3271 ct
894 3232 955 3272 om-
1010 3211 1158 3284 conjugem
1182 3212 1325 3284 surripuit,
1342 3228 1422 3286 quam
1446 3214 1516 3271 adeo
1537 3214 1650 3271 ardebat
1665 3223 1697 3271 ut
1710 3216 1806 3288 clypeo

158 3311 236 3366 „ium
255 3307 368 3362 ,porum
385 3312 438 3359 pam
454 3303 584 3359 laicorum
604 3318 687 3375 quum
706 3303 878 3372 clericorum,
895 3321 956 3376 quae
1010 3316 1061 3356 suo
1085 3299 1279 3357 simulachrum
1311 3302 1479 3359 mulierculae
1510 3304 1660 3367 insereret;
1694 3305 1805 3376 perinde

155 3399 184 3454 in
207 3409 306 3471 guerra
322 3395 374 3449 ista
388 3391 497 3450 arnissae
512 3399 584 3458 sunt,
600 3389 713 3448 consilio
735 3392 887 3466 principum
908 3395 955 3450 vet
1009 3388 1136 3445 dictitans
1151 3406 1180 3445 se
1193 3388 1266 3446 illam
1278 3390 1347 3447 velte
1362 3392 1432 3448 terre
1447 3392 1473 3445 in
1488 3392 1592 3463 praelio,
1604 3392 1675 3448 sicut
1688 3393 1737 3449 illa
1749 3408 1805 3465 por·

157 3485 271 3560 justitia,
287 3497 355 3555 quas
368 3480 459 3537 habeo
475 3479 606 3544 reddam;
628 3495 696 3550 quas
711 3496 765 3536 non
777 3481 874 3550 babeo,
890 3482 956 3538 sidc-

152 3576 216 3632 liter
230 3580 259 3628 ut
279 3571 426 3627 reddantur
437 3569 550 3639 jurabo.
572 3570 606 3626 Et
629 3570 665 3626 do
692 3585 784 3626 veram
799 3586 894 3643 pacem
908 3572 954 3628 do·

155 3664 230 3720 mino
244 3676 323 3734 popae
338 3657 457 3726 Calixto,
474 3666 500 3714 et
514 3666 616 3715 sancte
630 3659 760 3716 Romanae
779 3659 912 3730 ecclesiae,
928 3676 954 3724 ct

154 3751 280 3811 omnibus
294 3747 381 3822 quiin
395 3754 471 3819 parte
486 3747 571 3818 ipsius
592 3755 655 3803 sunt
675 3747 719 3804 vel
742 3749 867 3813 suerunt;
885 3757 911 3805 ot
925 3750 952 3805 in

153 3841 252 3915 quibus
275 3845 366 3894 sancta
389 3837 509 3893 Romana
533 3836 651 3893 ecclesia
677 3837 806 3892 auxilium
833 3839 952 3909 postula-

151 3930 235 4001 verit,
251 3927 368 3983 fideliter
378 3924 496 3996 juvabo;
513 3928 540 3981 et
554 3925 588 3982 de
602 3926 700 3998 quibus
725 3925 791 3981 mibi
815 3928 952 3999 querimo-

151 4019 224 4077 niam
238 4015 346 4083 lecerit,
363 4013 482 4071 debitam
499 4013 549 4068 sibi
569 4014 668 4070 faciam
686 4014 832 4085 justitiam.
852 4040 863 4064 a
887 4017 951 4072 Haec

153 4107 245 4166 omnia
276 4111 338 4163 acta
360 4110 422 4159 sunt
445 4118 581 4159 consensu
608 4109 635 4158 et
657 4103 773 4160 consilio
796 4102 949 4176 principum

153 4213 269 4272 quorum
291 4192 403 4251 nomina
432 4190 588 4261 subscripta
607 4199 692 4247 sunt:
714 4191 838 4247 tibertus
861 4194 949 4248 archi·

152 4287 297 4361 episcopus
313 4279 468 4354 moguntia,
485 4279 645 4336 Fredericus
666 4279 837 4337 Coloniensis
859 4283 949 4338 archi·

1009 3479 1085 3534 tabat
1099 3493 1160 3534 enm
1185 3479 1213 3533 in
1236 3479 1364 3535 triclinio.
1384 3480 1462 3536 Unde
1479 3481 1628 3552 increpitus
1653 3489 1681 3538 et
1698 3498 1805 3538 excom·

1009 3568 1162 3624 manicatus
1170 3583 1187 3624 a
1195 3567 1313 3624 Girardo
1326 3568 1554 3641 Eugolismorum
1562 3570 1693 3642 episcopo
1702 3571 1805 3642 jussus·

1009 3672 1061 3729 que
1075 3657 1133 3728 (ot)
1149 3657 1269 3713 illicitam
1283 3673 1411 3714 venerem
1425 3658 1556 3728 abjicere,
1569 3681 1581 3709 a
1596 3663 1696 3730 Antea,
1706 3661 1802 3733 inquit,

1007 3746 1141 3818 crispabis
1155 3747 1261 3817 pectine
1278 3745 1404 3818 refugum
1422 3763 1438 3803 a
1457 3748 1545 3804 trontc
1572 3748 1699 3820 capillum
1722 3765 1801 3821 quarn

1007 3851 1060 3908 ego
1084 3834 1289 3891 vicecomitissae
1308 3835 1423 3892 indicam
1456 3836 1617 3909 repudium,
1635 3862 1646 3887 ι
1663 3838 1801 3895 cavillatus

1005 3924 1032 3981 in
1048 3924 1149 3992 sirum,
1167 3924 1245 3994 cujus
1266 3925 1410 3995 pertenuis
1434 3926 1559 3982 cesaries
1588 3926 1726 3997 pectinem
1749 3942 1800 3983 non

1006 4013 1180 4069 desideraret.
1206 4013 1263 4069 Nec
1282 4012 1383 4081 miuus,
1400 4029 1462 4070 cum
1482 4015 1576 4071 Petrus
1589 4016 1647 4086 (65)
1663 4016 1799 4087 praeclare

1004 4101 1152 4158 sanctitatis
1168 4101 1338 4159 pictavorum
1349 4102 1492 4175 episcopus
1505 4121 1569 4160 eum
1583 4104 1696 4161 liberius
1706 4120 1799 4178 arguo·

1004 4200 1059 4259 ret,
1084 4199 1112 4247 et
1137 4190 1333 4248 detrectantem
1354 4192 1444 4264 palam
1467 4193 1703 4252 excommunicare
1735 4194 1798 4252 inci·

1002 4288 1088 4352 peret,
1105 4281 1164 4347 ille,
1186 4282 1318 4353 precipiti
1343 4282 1433 4339 lurore
1455 4285 1584 4355 percims,
1609 4285 1713 4341 crinem
1732 4283 1798 4340 anti·

151 4376 306 4448 episcopus,
321 4367 527 4428 itatisbouensis
543 4368 697 4440 episcopus,
713 4368 947 4444 babenbergensis
1003 4369 1195 4438 stitisinrolat,
1207 4370 1385 4445 strictumque
1394 4388 1554 4430 mucronem
1564 4372 1687 4441 vibrans,
1701 4396 1712 4422 α
1725 4376 1795 4442 lam,

151 4465 308 4537 episcopus,
324 4461 413 4516 Brnuo
425 4457 568 4530 Spirensis,
585 4456 774 4530 augustensis,
790 4458 945 4529 Trajecten·

148 4553 205 4621 sis,
227 4547 452 4615 Constantiensis,
478 4546 563 4603 abbas
583 4545 734 4616 Fotdensis,
756 4548 944 4607 lleremannus

147 4641 213 4710 dux,
229 4637 396 4696 Fredericus
409 4636 475 4705 dun,
493 4635 654 4691 bonefacius
667 4635 796 4708 marchio,
815 4637 944 4695 Thelbal-

959 4421 986 4484 D

999 4458 1097 4533 inquit,
1122 4458 1257 4530 morieris,
1281 4460 1400 4517 nisime
1423 4461 1585 4518 absolveris.
1603 4484 1615 4513 a
1635 4462 1709 4518 ‘l'um
1731 4477 1796 4520 vero

997 4548 1108 4622 praesul,
1125 4548 1221 4606 timore
1237 4549 1376 4618 simulato,
1392 4550 1516 4609 inducias
1534 4559 1630 4624 petens
1651 4551 1792 4625 loquendi,

998 4637 1070 4712 quod
1094 4637 1228 4711 reliquum
1251 4637 1339 4696 iuerat
1360 4640 1648 4698 excommunicationis
1679 4640 1795 4697 fidenter

148 4732 200 4789 dus
223 4728 361 4795 marchio,
386 4725 517 4782 Emullus
541 4739 632 4780 comes
651 4724 792 4798 palatinus,
816 4727 943 4785 Otbertus
996 4728 1154 4800 peroravit,
1179 4727 1217 4783 itu
1240 4727 1368 4784 comitem
1392 4745 1407 4784 a
1431 4729 1630 4786 christianitate
1652 4729 1710 4802 (66)
1734 4747 1793 4787 sus·

148 4835 241 4880 comes
254 4817 397 4892 palatinus,
413 4812 594 4886 Berengarius
607 4827 710 4871 comes.

997 4817 1144 4890 spendens,
1158 4825 1187 4874 ut
1204 4834 1256 4874 neo
1270 4832 1331 4875 cum
1358 4817 1455 4892 aliquo
1474 4819 1615 4877 convivari
1636 4834 1690 4877 nec
1712 4819 1794 4876 etiam

185 4909 201 4984 ἓ
224 4909 286 4967 rsa.
316 4907 415 4964 Sedato
438 4904 530 4978 itaque
551 4909 605 4960 tant
624 4913 737 4963 veterno
758 4904 872 4978 morbo,
896 4907 943 4980 qui
995 4906 1072 4980 loqui
1097 4906 1220 4978 auderet,
1243 4907 1295 4965 nisi
1314 4915 1417 4965 mature
1440 4908 1626 4982 resipisceret.
1648 4910 1689 4964 Ita
1704 4908 1795 4967 officio

184 5134 240 5205 (58)
256 5125 435 5206 imperatori.
449 5143 478 5186 c.
500 5122 529 5186 d.
548 5142 591 5197 e.,
611 5123 780 5201 importari
810 5126 940 5202 canusio,

145 5205 291 5342 a.(33)r}t
304 5279 372 5331 ante
386 5275 465 5346 totos
474 5287 555 5329 sum.
574 5269 643 5328 Vide
657 5269 673 5344 ἓ
687 5274 751 5329 liti.

182 5345 239 5415 (66)
253 5347 319 5400 Post
338 5362 415 5401 anm.
432 5359 461 5399 a.
481 5360 507 5399 c.
526 5343 558 5399 d.
577 5359 601 5400 6.
618 5343 902 5474 (2.,666661366666.

182 5415 240 5489 (61)
253 5413 319 5472 litor
339 5455 345 5469 .
369 5414 428 5481 ta„
441 5415 552 5485 iliorllv,
565 5429 603 5481 a..
619 5415 691 5483 loon,
710 5432 752 5490 6.,
790 5417 844 5487 ior,
866 5430 891 5473 c.
912 5414 939 5471 d.

145 5502 189 5556 6.,
207 5488 287 5553 ttort,
302 5500 327 5540 s.
343 5486 411 5553 (var.
427 5486 511 5614 mii

179 5559 237 5631 (66)
255 5557 422 5615 caracae.
439 5570 468 5614 o.

140 5633 248 5690 mro
265 5642 341 5700 asro,
354 5644 380 5688 s.

508 5597 515 5613 .
538 5572 583 5629 6.,
602 5559 722 5617 coetsroa
742 5574 818 5632 asro,
833 5574 860 5618 a.
881 5556 941 5631 (6.,

1033 5131 1087 5202 (63)
1110 5124 1287 5189 Vicccomltis
1306 5127 1463 5205 cujusdam.
1495 5125 1690 5206 blaubergeon,
1723 5146 1796 5193 uxor

995 5201 1164 5260 vicecomitis
1180 5203 1288 5260 Heraldi
1302 5203 1391 5259 castri.

1032 5275 1079 5345 (ct
1105 5275 1266 5348 lassusque.
1284 5289 1309 5332 a.
1326 5292 1348 5330 s.
1364 5290 1388 5332 c.
1405 5275 1433 5329 d.
1447 5274 1495 5331 eb.
1510 5274 1566 5347 (2.,
1577 5277 1677 5349 justas
1691 5293 1707 5334 6
1722 5276 1750 5333 t.

1032 5346 1078 5416 (65
1105 5348 1219 5402 Petrus.
1252 5347 1345 5402 Petrus
1377 5347 1416 5413 lt,
1449 5347 1628 5403 Pictaviansis
1646 5348 1798 5423 episcopus

995 5415 1063 5473 obiit
1088 5415 1225 5484 cluniaci,
1259 5417 1359 5488 Aprilis
1387 5418 1490 5474 mensis
1507 5417 1552 5475 die
1573 5426 1680 5492 quarta,
1701 5424 1735 5476 Α.
1759 5423 1795 5481 Ι).

997 5487 1077 5542 (((5.
1095 5487 1180 5552 (doit.
1199 5487 1430 5557 Christ.,ll,col.
1446 5488 1543 5561 rtso.)

995 5559 1089 5688 iffi
1102 5559 1131 5616 A
1147 5558 1412 5619 christianitates.
1429 5577 1452 5618 s.
1465 5577 1490 5620 c.
1505 5559 1532 5616 d.
1548 5559 1626 5619 66(
1645 5563 1686 5634 2..
1701 5564 1794 5625 omitt.
