3772 6006
552 209 606 271 DE
627 206 762 272 dusiis
781 210 936 274 portula.
958 209 1073 272 ANGL.
1096 241 1134 252 -
1155 204 1233 270 ulls.
1255 207 1280 268 l.

59 337 1759 374 w

379 507 746 814 illltll
801 508 1450 812 lllllilltlllll

447 864 453 879 '
693 909 797 1039 uu
858 906 1144 1041 oasam

248 1140 910 1311 PONTIFICUM
984 1139 1584 1309 ANGLORUM

688 1397 845 1487 maru
878 1396 1150 1511 Quaaouu

65 1600 192 1673 (Priores
207 1599 299 1658 libros
321 1609 448 1673 quatuor
472 1601 563 1660 edidit
577 1603 690 1671 Saarna,
706 1604 808 1658 Rerum
827 1601 1010 1687 duplicarem
1025 1600 1177 1673 Scriptores
1189 1609 1251 1674 post
1265 1600 1368 1658 Bedom
1410 1599 1538 1673 resipui,
1555 1596 1677 1656 londini
1693 1597 1772 1664 ¹596,

100 1671 225 1816 firihp.
255 1675 326 1745 1113
356 1673 503 1746 quinium,
532 1690 582 1732 seu
608 1674 704 1732 Vitem
735 1671 891 1745 tidhelmr,
919 1673 1159 1732 scireburnensis
1187 1672 1327 1747 episcopi,
1395 1687 1520 1742 aaaron,
1550 1670 1652 1740 duplic
1678 1685 1771 1740 sacro,

128 1786 136 1814 ,
171 1785 178 1799 .

812 1881 1020 1895 ψ

618 1982 878 2059 PROLOGUS
904 1982 1037 2058 LIBRI
1064 1980 1220 2057 PRIMI.

98 2187 195 2245 l‘rima
223 2188 308 2246 sedes
334 2188 537 2261 episcoporum
562 2193 628 2262 post
640 2189 886 2247 christianitatem
900 2192 960 2258 Aa
984 2188 1091 2261 quibus
1114 2186 1317 2260 annonariam
1340 2185 1506 2243 rudimenta
1528 2183 1606 2254 fidei,
1622 2184 1770 2242 ctinoits·
1871 2230 1875 2237 .

62 2274 236 2350 ingloriam,
247 2277 407 2334 Gomoario
417 2276 571 2334 habitsest
583 2282 613 2335 et
624 2277 807 2336 hebetantis
818 2278 888 2335 urbs
942 2282 1040 2334 menta
1057 2276 1130 2334 bena
1143 2276 1284 2333 virendii
1298 2278 1366 2332 Erat
1375 2279 1453 2333 certe
1464 2274 1582 2348 plenum
1597 2274 1731 2347 segnitiei
1740 2277 1771 2331 et

59 2369 104 2421 est
117 2363 239 2437 singlis,
255 2380 308 2422 nec
321 2365 393 2423 adeo
408 2382 525 2438 magna,
538 2366 713 2425 noxexiliter
729 2383 817 2439 perra
827 2382 889 2437 qao
943 2366 1119 2439 ignominie,
1128 2366 1241 2424 nescire
1252 2365 1355 2422 saltam
1363 2363 1652 2436 nominnprlncipum
1663 2368 1770 2420 nostres

60 2458 90 2510 et
104 2454 247 2526 positione
260 2459 355 2522 terre,
367 2455 538 2528 quippesoli
549 2456 648 2513 aldais
661 2456 788 2514 maxima
798 2457 888 2513 uber·
943 2453 1109 2527 provincias,
1130 2470 1198 2513 cum
1223 2453 1373 2527 portendat
1389 2452 1462 2510 alies
1477 2451 1605 2525 cognitio
1621 2460 1720 2509 nostra
1734 2451 1772 2508 ad

59 2547 131 2612 tate,
146 2548 175 2599 et
198 2543 309 2617 integro
335 2560 487 2602 murorum
515 2546 640 2614 ambitu,
657 2544 723 2603 lieet
739 2544 889 2604 multoties
944 2549 1056 2602 tractus
1071 2560 1163 2616 usque
1184 2543 1281 2609 ludina,
1297 2550 1325 2599 et
1348 2543 1373 2600 si
1397 2541 1468 2615 quid
1493 2541 1570 2599 ultra
1588 2542 1677 2613 jacet,
1693 2540 1771 2614 quod

59 2630 715 2705 Martiaslortunasexperta,civessuosioret,
728 2635 889 2693 multorum
945 2633 1060 2691 inllnlto
1084 2633 1197 2691 Oceano
1217 2636 1307 2705 patet.
1323 2631 1374 2689 llis
1389 2632 1534 2688 adductus
1553 2629 1728 2702 rationibus,
1743 2634 1773 2687 et

59 2725 229 2778 sanctorum
263 2721 410 2779 cineribus
429 2722 555 2795 copiose,
572 2724 740 2796 patrociniis
753 2723 889 2795 gloriose,
946 2722 993 2780 bic
1008 2726 1037 2780 et
1053 2721 1122 2780 alibi
1137 2721 1211 2780 traxi
1227 2720 1338 2794 stylum
1353 2737 1404 2792 per
1418 2720 1664 2778 latebrosissimae
1679 2720 1772 2777 bisto-

60 2824 115 2866 nec
138 2808 270 2866 lluminis
293 2809 413 2883 irriguo,
429 2827 481 2868 nee
506 2828 658 2869 nemorum
674 2813 892 2886 opportunitate
946 2811 1210 2885 rias2quanuam
1227 2809 1665 2868 mibinonhicalduateadem
1688 2807 1773 2880 eopia
1835 2810 1839 2817 ”
1872 2850 1879 2885 ,-

60 2897 174 2971 indiga,
190 2905 334 2970 preterea,
346 2899 436 2956 maris
451 2900 487 2957 sd
504 2900 659 2959 duodecim
671 2902 812 2959 milliaria
822 2901 894 2959 rici·
946 2901 1086 2963 scientiar.
1104 2916 1169 2974 qum
1180 2901 1210 2957 in
1220 2899 1311 2973 gostis
1321 2897 1594 2973 regumsiquidem
1605 2897 1645 2956 ibi
1661 2896 1772 2971 aliquid

62 2987 164 3058 nitate,
189 2985 315 3060 piscium
343 2988 477 3047 locanda.
504 2988 580 3047 Gens
600 2990 891 3049 urbaneetrusticar
947 2990 983 3048 do
1006 2989 1163 3058 chronicis,
1188 3005 1253 3087 que
1281 3006 1338 3061 prm
1359 3003 1406 3046 mo
1428 2986 1584 3058 habebam,
1607 2990 1774 3058 mutuatus,

62 3076 128 3151 plus
144 3094 233 3151 quam
255 3079 352 3135 ceteri
366 3079 464 3151 Angli,
479 3080 688 3137 conscientiam
703 3081 891 3138 adbucanti·
947 3078 1037 3136 veluti
1052 3094 1067 3135 e
1083 3078 1203 3135 sublimi
1219 3078 1337 3150 specula
1361 3076 1489 3148 fulgente
1503 3076 1608 3145 iacula,
1625 3092 1682 3148 que
1696 3091 1775 3147 gres·

59 3183 124 3240 que
139 3167 302 3224 nobilitatis
327 3168 456 3240 spirans,
473 3173 501 3225 et
524 3171 560 3225 nd
587 3169 841 3227 honorificentiam
865 3176 894 3227 et
947 3185 1014 3225 sum
1030 3168 1091 3225 sino
1107 3184 1204 3224 errore
1218 3169 1378 3235 tenderem,
1394 3166 1579 3223 admonebar.
1596 3163 1649 3222 liic
1663 3169 1773 3231 autem,

60 3255 223 3328 hospitium
247 3256 406 3327 cujuslibet
429 3258 556 3331 pronior,
572 3263 601 3314 et
625 3260 660 3315 ad
679 3259 892 3332 propulsandas
948 3272 1022 3330 pene
1046 3256 1124 3313 oanni
1149 3255 1306 3313 destitutus
1334 3255 1449 3321 solatio,
1465 3269 1578 3311 crassas
1603 3251 1772 3325 ignorantie

61 3346 188 3418 injurias
203 3346 307 3403 acrior.
326 3346 367 3403 lbi
382 3347 789 3422 primasedesarobiepiscopi
805 3350 893 3406 bebe-
947 3345 1085 3404 tenebras
1099 3344 1195 3419 palpo,
1212 3361 1265 3402 neo
1290 3345 1351 3402 ulia
1374 3344 1492 3401 lucerna
1513 3342 1642 3399 historiae
1656 3342 1772 3414 praevia,

61 3442 119 3503 tur,
143 3435 194 3509 qui
217 3441 262 3494 est
284 3436 375 3493 totius
395 3435 507 3509 Anglio
528 3436 638 3509 primas
663 3448 693 3495 st
717 3438 891 3511 patriarcba·
909 3435 1083 3545 Bsarnitam
1109 3436 1214 3508 dirigo.
1230 3434 1328 3492 Aderit
1343 3439 1452 3500 umen,
1468 3437 1500 3490 ut
1513 3448 1610 3504 spero,
1625 3429 1676 3487 lux
1690 3446 1774 3489 men-

67 3525 209 3581 Ceternm
222 3525 272 3581 ubi
290 3525 378 3582 luerit
390 3526 668 3599 archiepiscopatus,
685 3532 816 3599 tempore
831 3527 895 3583 Bri·
950 3524 1036 3591 tium,
1053 3529 1085 3581 ut
1099 3529 1128 3581 et
1142 3525 1255 3596 integra
1269 3540 1327 3581 uon
1343 3523 1458 3580 vacillet
1470 3520 1625 3589 veniisset
1639 3519 1775 3578 institute

65 3617 181 3683 tonum,
204 3613 331 3686 cognitio
354 3614 446 3684 labat,
462 3614 531 3686 quia
559 3619 688 3672 vetustas
712 3617 894 3689 consumpsit
949 3620 1136 3670 conservetur
1162 3612 1301 3669 brevitas.
1318 3613 1465 3682 Quaeduo,
1481 3611 1586 3682 siquis
1601 3606 1775 3680 nonnegle·

66 3703 159 3760 nostri
173 3703 270 3760 saculi
286 3705 468 3761 memoriam.
488 3706 526 3761 lle
540 3704 629 3774 buius
645 3705 727 3762 urbis
746 3706 894 3778 archiapi·
948 3703 1032 3770 serit,
1048 3704 1236 3774 necineptus,
1248 3717 1300 3758 nac
1311 3703 1494 3773 importunus
1508 3701 1571 3757 erit.
1588 3700 1688 3772 ltaque
1711 3712 1776 3770 pro·

66 3791 162 3864 scopia
177 3801 204 3850 et
229 3792 292 3865 ejus
307 3793 499 3866 suffraganeis
514 3794 611 3850 dicere
625 3795 765 3850 successit
779 3794 888 3865 animo,
947 3793 1072 3864 positam
1083 3790 1501 3848 inaliisvoluminibusseriem
1512 3787 1628 3845 dicendi
1642 3786 1774 3854 servabo,

67 3881 209 3954 quidquid
232 3887 358 3939 nostram
382 3883 480 3955 attigit
504 3882 687 3940 memoriam.
712 3888 766 3941 Nec
789 3889 891 3958 potos
946 3883 979 3937 ut
993 3880 1078 3938 sicuti
1095 3881 1124 3936 in
1142 3879 1236 3953 primo
1248 3879 1324 3936 libro
1336 3883 1486 3952 gestorum
1499 3875 1655 3949 regalium,
1671 3890 1775 3948 reguo·

67 3973 178 4027 ratione
194 3970 345 4043 dissidere,
361 3976 393 4027 ut
403 3972 450 4043 qui
461 3973 609 4045 quondam
620 3988 722 4046 regum
731 3973 891 4046 Anglorum
946 3987 1011 4027 rum
1022 3970 1143 4027 distinxi
1151 3968 1283 4027 ordinem
1295 3994 1303 4040 ς
1313 3968 1354 4026 ita
1362 3968 1410 4026 bic
1422 3984 1473 4041 per
1483 3966 1599 4040 singula
1612 3965 1774 4034 volumius,

67 4061 150 4130 gesta
161 4058 412 4128 perstrinxi,ounc
423 4060 580 4132 anglorum
592 4060 763 4133 pontilicum
773 4061 894 4118 uomina
947 4059 1130 4134 episcopatus
1140 4059 1356 4133 provinciarum
1372 4055 1603 4130 distinguamur
1615 4055 1686 4127 quid
1697 4054 1776 4112 inira

66 4150 284 4215 transcurram
301 4153 332 4204 ut
355 4148 515 4221 pollicitam
539 4149 650 4206 dudum
679 4166 807 4223 operam,
829 4151 894 4223 jem
949 4149 1128 4224 promissum
1144 4150 1240 4217 luerit,
1257 4149 1346 4205 lacior
1361 4147 1411 4220 qui
1423 4140 1776 4213 rationelactumvlderit,

69 4225 197 4303 landam,
213 4235 339 4292 Domino
354 4236 523 4307 adiuvante,
539 4235 710 4309 compleam.
728 4239 811 4306 Quod
826 4253 894 4295 cum
949 4240 1063 4298 veniam
1079 4239 1264 4313 praerogabit.
1280 4237 1332 4294 llic
1347 4237 1438 4308 igitur
1452 4236 1565 4309 primus
1576 4231 1777 4292 liberbsbeblt

68 4323 173 4391 lacero,
189 4324 309 4382 videbor
323 4325 394 4382 mihi
411 4342 473 4383 rem
486 4326 560 4384 nulli
570 4331 742 4386 attentatam
760 4344 897 4386 consum·
949 4334 1032 4402 gesta
1046 4328 1332 4401 archiepiscoporum
1351 4325 1607 4385 cantuariensium
1621 4327 1650 4381 et
1668 4321 1776 4395 episco-

70 4415 432 4482 messo,nonmoolreius
450 4415 897 4492 ingenioseddignecognitio·
951 4433 1054 4491 porum
1079 4415 1273 4486 Rntlensium,
1295 4415 1372 4488 apud
1401 4431 1476 4489 qnos
1500 4413 1628 4487 primum
1652 4409 1778 4470 excrevit

70 4499 116 4556 nis
132 4501 254 4558 ollactus
269 4503 379 4559 studio.
394 4503 470 4567 Quid
480 4505 558 4561 enim
570 4505 688 4564 dulcius
701 4524 790 4580 quam
803 4509 898 4580 majo-
951 4523 1074 4582 reguum
1092 4524 1098 4563 :
1114 4507 1211 4565 aeteri
1226 4505 1335 4580 quique
1349 4521 1403 4563 suo
1418 4503 1520 4563 ordino
1534 4504 1704 4576 sequentur.

70 4605 136 4646 rum
152 4605 304 4648 recensere
316 4592 452 4664 gratiam,
469 4597 501 4651 ut
515 4609 617 4652 eorum
642 4600 708 4654 scta
731 4613 898 4671 cognoscas,

619 4901 858 5034 aruba
903 4901 1234 5038 PRIMUS.

514 5132 565 5194 DE
587 5131 905 5195 ARGBOEPISCOPIS
925 5128 1334 5195 uououuuralausluua

112 5416 273 5476 Cantuarie
296 5419 373 5477 sedit
387 5421 500 5494 primus
515 5424 699 5498 Augustinus
711 5424 755 5494 id.
770 5422 805 5481 u.
819 5422 896 5494 598),
911 5423 934 5494 c
951 5421 1077 5480 Pallium
1087 5423 1183 5479 autem
1194 5418 1413 5495 etprivilegium
1423 5415 1691 5490 archiepiscopatus
1702 5414 1777 5471 idam

75 5507 206 5581 Gregorii
236 5505 333 5579 Magni
361 5509 536 5584 discipulus,
552 5516 586 5570 ut
603 5511 688 5584 vulgo
713 5517 815 5569 notum
844 5516 899 5568 sat.
954 5509 1111 5587 Gregorius
1120 5511 1284 5585 Augustino
1294 5508 1330 5568 sd
1347 5507 1526 5569 londoniam
1536 5504 1690 5573 concessit,
1706 5506 1739 5560 ut
1748 5503 1778 5561 in
