3750 6000
150 189 204 248 oa'l
764 187 971 246 trtttocuttttt
988 187 1014 246 ll
1033 189 1139 247 PAPAE.
1747 193 1802 251 628

151 331 185 372 eo
202 313 283 380 alius,
299 330 329 369 se
344 312 460 383 sciente,
472 314 586 387 pretium
597 313 744 387 acceperit.
755 308 861 369 Deinde
880 328 948 370 vero
962 314 991 378 Α
1005 321 1032 371 et
1051 294 1190 371 honestati
1208 313 1377 372 conveniens
1396 330 1458 372 esse
1477 315 1662 388 cognoscitur,
1677 323 1706 372 ut
1731 316 1807 390 quod

151 410 316 476 purgatores
338 402 471 474 jurabunt
503 419 589 475 super
617 411 713 460 sancta
730 400 782 459 Dei
800 402 953 475 Evangelia
1005 402 1041 461 sd
1055 402 1238 461 Eccleslmum
1257 404 1383 478 regimen
1401 405 1534 478 assumpti
1552 421 1660 474 sumus,
1676 420 1725 462 aas
1738 413 1807 462 ets

156 490 230 564 quod
249 490 301 562 ipsi
329 491 447 547 credunt
465 506 563 547 verum
584 507 647 548 esse
678 491 752 565 quod
782 490 842 563 ipse
871 490 952 561 jure-

156 586 241 637 terat.

491 670 604 725 DLXll.

157 765 953 839 UrbaniotqueCollatisarientiomconfirmnl,slotuens

177 861 188 885 ι
201 838 353 894 oenhbotes
362 840 394 894 in
400 838 611 910 parochialibus
620 840 747 895 ecclesiis
761 852 830 909 quas
841 842 952 902 terrem,

172 909 278 1039 pppqtap
297 910 493 981 episcoporum
516 910 635 968 consilio
663 910 837 983 presbyteros
864 908 953 967 collo·

403 1068 497 1139 (huno
525 1067 704 1136 stau-tlte.)

338 1146 439 1226 binum,
462 1156 581 1224 Concil,
597 1156 676 1223 XXl,
694 1156 769 1229 bibl

195 1247 265 1303 Saue
280 1246 491 1318 depresbpteris
504 1246 551 1319 qui
566 1246 712 1318 parochias
727 1245 761 1301 od
789 1243 955 1300 monasteria

159 1335 327 1409 pertinentes
346 1335 373 1390 in
392 1334 518 1391 ecclesiis
531 1336 743 1403 constituuntur,
763 1334 953 1407 praedecesso-

160 1441 220 1481 rum
231 1436 390 1481 nostrornm
399 1438 486 1482 sacra
499 1423 647 1481 memoriae
656 1423 759 1481 Urbani
769 1430 848 1495 atque
859 1421 956 1477 calixti

160 1513 326 1570 sententiam
341 1512 551 1580 confirmamus,
563 1520 711 1569 statuentes
729 1528 764 1568 ne
791 1511 906 1568 abbates
928 1511 956 1566 in

158 1602 366 1676 parochialibus
379 1601 505 1659 ecclesiis
520 1618 590 1674 quas
606 1602 823 1674 tenentemque
844 1600 955 1673 episco-

160 1706 255 1763 porum
270 1690 385 1747 consilio
399 1691 576 1764 presbyteros
598 1690 740 1758 collocent,
763 1689 812 1747 sed

160 1779 299 1853 parochia
312 1793 406 1837 curam
430 1795 492 1835 cum
510 1779 637 1835 abbatum
660 1795 796 1837 consensu
823 1776 958 1836 sacerdoti

160 1868 341 1935 committent,
357 1876 385 1924 ut
399 1868 535 1940 ejusmodi
545 1868 836 1941 sacerdotesdeplehis
845 1867 955 1940 quidem

160 1973 226 2015 cura
240 1956 377 2029 episeopis
387 1957 524 2013 rationem
549 1957 675 2023 reddant,
695 1957 786 2014 albati
814 1972 880 2014 uero
905 1970 956 2029 pro

160 2046 245 2103 rebus
255 2044 450 2118 temporalibus
479 2047 513 2102 ad
537 2047 734 2104 monasterium
759 2045 956 2119 pcrtinentibus

160 2134 284 2193 debitam
295 2135 494 2206 subjectionem
513 2136 669 2204 exhibeant,
685 2135 765 2193 etsie
780 2151 831 2193 suc
858 2136 956 2209 cuique

158 2224 221 2297 jura
235 2233 386 2282 seruentur.

494 2349 614 2405 nexui.

161 2462 365 2522 Adllenrloum
375 2464 614 2536 lictisponensem
622 2466 722 2538 episcop
733 2469 823 2522 umal
830 2466 958 2523 monaste

195 2535 388 2664 galgata&
403 2536 660 2609 (hunchmunstcr)
670 2538 818 2594 ecclesiam
833 2537 862 2592 Β.
875 2536 958 2593 steti

410 2695 502 2766 (huno
517 2696 704 2761 ttae-tuta.)

254 2781 411 2854 [Lenaeum
425 2784 536 2856 Script.
551 2785 623 2841 Iler.
643 2786 752 2852 Germ„
764 2785 785 2851 l,
804 2784 880 2857 bibl

200 2869 393 2927 inaccessus
406 2887 505 2928 sertus
519 2888 663 2929 seruorum
679 2872 895 2946 licililsamco]
911 2873 962 2932 lla.

161 2958 313 3030 tisponcnsi
328 2958 473 3033 episcopo,
490 2960 605 3017 salutem
625 2969 651 3017 et
673 2962 852 3034 apostolicam
873 2963 960 3020 bene·

161 3047 321 3105 dictionem.

198 3137 272 3193 Sicut
283 3145 330 3193 tua
346 3137 421 3194 norit
437 3137 604 3206 fraternitas,
623 3139 658 3194 ad
678 3140 960 3212 episcopaleohicium

163 3226 279 3299 pertinet
304 3226 449 3299 religiosos
464 3227 537 3283 viros
554 3237 730 3284 manutenere
745 3239 772 3284 et
786 3230 912 3302 diligere,
933 3236 961 3285 et

164 3323 281 3387 paterna
296 3317 478 3373 sollicitudine
492 3317 696 3373 eisnecessaria
710 3319 866 3389 prouidere.
882 3318 961 3375 Unde

165 3402 245 3461 bonas
258 3407 395 3461 memoriae
409 3414 569 3461 antecessor
595 3415 672 3473 tuus,
701 3406 846 3477 episcopus
873 3407 960 3474 Cuno,

165 3494 308 3549 monachis
323 3494 352 3548 in
370 3494 572 3550 ecclesialicuti
588 3495 667 3565 Petri,
683 3495 709 3550 in
725 3496 786 3552 loco
798 3497 962 3568 quirocutnr

167 3581 371 3651 llonustcrium,
396 3583 454 3638 lieo
479 3584 675 3654 servientibus,
704 3585 849 3641 ecclesiam
890 3584 962 3641 hcati

1006 508 1154 564 pravorum
1169 492 1440 566 bominumneqnitia
1464 500 1597 561 tucamur,
1623 501 1704 566 atque
1730 493 1806 550 boati

1005 581 1379 654 Petrisuhragiomunismus.
1392 580 1619 648 Proinda,dilecti
1631 582 1657 637 in
1679 582 1799 638 Domino

1006 670 1053 726 iiiii
1084 671 1251 740 charissimi,
1268 670 1455 726 iratrisnostri
1470 670 1721 727 Autissiodorensis
1744 671 1807 742 epi·

1007 759 1083 831 scopi
1097 775 1149 829 per
1158 760 1239 830 cnjus
1255 760 1347 832 utique
1362 759 1527 815 industriam
1541 767 1596 815 tam
1606 760 1634 815 in
1644 776 1713 817 nova
1723 776 1805 834 quam

1008 849 1037 904 in
1053 848 1145 904 multis
1161 848 1223 903 aliis
1251 849 1381 905 ecclesiis
1411 848 1511 921 religio
1538 849 1662 906 noscitur
1682 850 1807 906 instituta

1007 938 1133 1009 precihus
1147 937 1281 1003 inclinati,
1296 938 1396 992 vestris
1411 936 1615 994 rationabilibus
1646 938 1805 1010 expostula·

1008 1027 1130 1083 tionibus
1141 1026 1335 1082 convenienter
1347 1026 1493 1082 annuimus
1506 1034 1535 1081 et
1549 1026 1582 1086 li.
1602 1027 1693 1084 hiariae
1712 1027 1807 1084 eccle·

1008 1115 1088 1182 siam
1104 1115 1132 1170 in
1147 1129 1201 1186 qua
1214 1114 1309 1171 divino
1325 1115 1425 1171 vacatis
1438 1113 1721 1186 servitio,apostoliese
1731 1116 1809 1173 sedis

1009 1213 1157 1269 munimine
1173 1213 1349 1269 roboramus.
1371 1213 1518 1269 statuimus
1538 1214 1623 1287 igitur
1640 1222 1668 1269 ut
1702 1214 1806 1270 ibidem

1008 1303 1077 1359 ordo
1093 1300 1242 1359 canonicus
1257 1300 1409 1358 secundum
1423 1301 1493 1358 beati
1507 1302 1652 1376 Augustini
1679 1302 1805 1377 reguiam

1008 1390 1169 1451 canonicam
1183 1391 1372 1446 substituatur.
1389 1390 1520 1465 Quasque
1538 1400 1672 1465 praeterea
1690 1408 1807 1466 posses-

1009 1482 1103 1539 siones
1117 1480 1246 1537 suthosa
1260 1480 1497 1552 inpresentiarum
1512 1482 1548 1538 sd
1562 1482 1687 1539 mmdem
1715 1483 1808 1540 eccle-

1010 1571 1092 1637 siam,
1107 1570 1171 1626 item
1188 1577 1215 1626 ct
1229 1569 1365 1626 canonice
1388 1570 1527 1641 pertinere
1549 1571 1680 1640 noscitur,
1704 1578 1748 1626 sut
1781 1571 1811 1628 iu

835 1688 956 1762 episcopi
970 1674 996 1736 fl
1012 1661 1129 1718 brturum
1143 1658 1321 1716 concessione
1336 1657 1506 1730 pontificum,
1533 1659 1680 1733 largitione
1705 1660 1812 1732 princi-

1010 1766 1086 1824 pum,
1115 1747 1254 1806 oblatione
1274 1745 1406 1816 fidelium,
1435 1763 1484 1804 seu
1513 1748 1576 1805 aliis
1603 1750 1684 1807 certis
1708 1750 1811 1818 modis,

1009 1837 1159 1897 ausiliante
1178 1835 1305 1903 Domino,
1320 1835 1444 1908 poteritis
1457 1836 1582 1908 adipisci,
1598 1837 1676 1894 firma
1691 1838 1769 1894 robis
1784 1848 1810 1895 et

1009 1923 1114 1981 illibata
1128 1927 1307 1993 permaneant
1334 1920 1360 1976 in
1387 1929 1559 1992 perpetuum.
1586 1923 1616 1977 ln
1636 1922 1733 1995 quihus
1749 1922 1809 1979 haec

1009 2021 1127 2097 pmpriis
1142 2019 1298 2075 nominibus
1306 2018 1434 2074 duximus
1448 2020 1641 2092 exprimenda:
1658 2021 1808 2077 ecclesiam

1009 2111 1134 2169 videlicet
1145 2109 1238 2165 Sancti
1251 2108 1359 2164 biartini
1372 2108 1407 2164 de
1425 2110 1555 2177 Bonorto,
1571 2126 1631 2166 cunr
1644 2119 1717 2166 terre
1744 2127 1807 2182 quae

1010 2201 1083 2259 eirca
1096 2199 1182 2271 ipsam
1198 2205 1253 2265 est,
1269 2197 1352 2253 certis
1366 2197 1504 2269 siquidem
1520 2196 1619 2254 finibus
1645 2198 1761 2257 limitata
1779 2200 1809 2254 in

1010 2304 1083 2363 pago
1097 2286 1246 2360 provincie
1260 2286 1426 2354 senonensi,
1442 2303 1523 2358 quam
1537 2287 1631 2359 utique
1641 2288 1674 2346 B.
1693 2288 1811 2361 vigilius

1010 2386 1113 2450 martyr
1125 2383 1153 2434 et
1167 2375 1326 2447 episcopus,
1342 2390 1404 2433 crim
1419 2375 1481 2431 aliis
1488 2376 1710 2448 possessionibus
1721 2376 1812 2434 eccle·

1011 2475 1062 2533 siae
1076 2475 1165 2531 beatae
1178 2472 1271 2528 llariae
1284 2471 1438 2529 contulisse
1452 2472 1597 2544 probatur.
1628 2473 1811 2532 Decernimns

1011 2564 1095 2639 igitur
1109 2571 1137 2617 ιιι
1151 2561 1218 2618 nulli
1230 2561 1343 2617 omnino
1355 2560 1497 2617 hominum
1518 2562 1562 2618 las
1590 2561 1625 2618 sit
1648 2561 1812 2635 predictam

1012 2651 1157 2711 sociadem
1171 2657 1278 2707 temme
1291 2649 1463 2721 perturbare,
1484 2658 1531 2706 aut
1544 2650 1606 2721 ejus
1619 2651 1812 2724 possessiones

1013 2742 1130 2808 auterre,
1146 2756 1196 2797 seu
1209 2739 1313 2795 ablatas
1325 2738 1453 2805 retinere,
1468 2739 1600 2797 minnere.
1622 2742 1667 2797 uel
1694 2741 1813 2814 quihus-

1014 2829 1149 2887 libetaliis
1162 2828 1348 2886 vexationibus
1364 2827 1499 2900 latigare3
1515 2829 1563 2885 sert
1585 2829 1677 2885 omnia
1702 2830 1815 2903 integra

1015 2935 1214 2986 conserventur
1226 2941 1332 2989 eorum,
1346 2940 1396 2996 pro
1410 2941 1524 2997 quorum
1548 2927 1650 2999 guter-v
1659 2927 1747 2984 arione
1780 2943 1815 2984 ac

973 3030 998 3095 C
1013 3017 1211 3074 sustentatione
1226 3029 1359 3071 concessa
1372 3023 1444 3078 sunt,
1455 3014 1551 3070 usibus
1565 3016 1731 3072 omnimodis
1745 3033 1812 3087 pro·

1014 3106 1119 3163 lutura.
1138 3104 1166 3161 st
1183 3118 1244 3176 quse
1259 3104 1341 3176 igitur
1355 3104 1382 3157 in
1397 3102 1515 3158 futurarm
1540 3104 1727 3161 ecclesiastica
1756 3123 1814 3162 sae-

1014 3193 1154 3252 culamsve
1168 3207 1298 3264 persona,
1316 3193 1387 3248 hanc
1400 3202 1501 3248 uostrae
1515 3193 1719 3250 constitutionis
1733 3195 1817 3268 pagi·

1014 3299 1082 3339 uam
1099 3282 1306 3346 sciens,contra
1334 3295 1396 3336 carn
1421 3290 1526 3337 temere
1552 3283 1643 3337 venire
1667 3284 1819 3340 tentaverit

1015 3381 1137 3438 secundo
1151 3379 1268 3435 tertioue
1285 3377 1462 3445 commonita,
1476 3379 1500 3434 si
1514 3394 1568 3434 non
1599 3389 1707 3435 reatum
1734 3397 1816 3437 suum

1015 3467 1202 3525 satisfactione
1217 3481 1341 3539 congrus
1368 3467 1527 3534 correxerit,
1556 3469 1698 3538 potestatis
1724 3470 1819 3526 hono-

1015 3557 1106 3629 risque
1121 3556 1164 3614 sui
1173 3556 1306 3628 dignitate
1321 3563 1421 3622 careat,
1432 3570 1563 3629 reamque
1575 3556 1819 3628 sedivinojndicio

167 3669 234 3727 sim
248 3686 310 3727 cum
324 3670 458 3743 paresne
480 3671 534 3727 sibi
560 3673 716 3730 sanarem
743 3675 863 3731 irenica.
884 3675 963 3730 nnnc
1016 3647 1133 3702 existere
1145 3643 1181 3701 ‘¹⁰
1195 3651 1353 3716 piperem
1364 3644 1505 3716 1111111111
1519 3654 1677 3718 ⁰⁰t⁰⁰⁸⁰⁸b
1694 3654 1721 3704 ²²
1737 3660 1755 3703 ⁸
1769 3664 1818 3704 ⁸⁸·

167 3766 268 3825 autem,
284 3758 336 3815 loci
346 3758 433 3831 ipsius
447 3760 546 3818 abbate
560 3761 708 3830 referente,
725 3763 870 3820 didicimus
889 3762 962 3836 qnod
1015 3742 1172 3800 ⁶l⁸¹i⁸⁸i¹¹¹⁰
1186 3757 1304 3812 c⁰ll‘0re
1322 3741 1496 3813 1111111111ῑῦ8
1510 3741 1814 3802 1101Θ111011111111108111

167 3847 299 3920 predicta
314 3848 431 3905 ecclesia
446 3857 473 3906 et
486 3851 618 3922 parocbia
634 3851 724 3908 ablata
738 3860 789 3918 cst,
805 3860 833 3908 et
862 3852 964 3908 tratres
1016 3840 1207 3912 Redemptoris
1220 3841 1284 3896 Jesu
1298 3839 1396 3896 Christi
1412 3839 1502 3897 abent
1517 3839 1572 3907 fiat,
1582 3847 1663 3913 atque
1678 3841 1706 3897 iu
1723 3850 1820 3898 estre·

168 3936 202 3992 ad
222 3951 336 4008 quorum
351 3936 478 3994 solarium
492 3939 593 3995 amatia
607 3949 676 4008 em,
693 3941 793 3997 exinde
808 3957 891 4013 grave
919 3941 963 3995 jn.
1017 3945 1062 3986 mo
1076 3928 1199 3986 examine
1213 3927 1317 3985 strictae
1330 3929 1425 3984 ultioni
1441 3929 1593 3999 subiaceat.
1606 3930 1717 3986 Cunctis
1749 3947 1818 3989 vero

168 4025 342 4082 commodum
358 4027 507 4097 pariuntur,
526 4027 662 4098 Quocirca
675 4047 727 4101 per
744 4030 889 4102 pfaesemig
914 4029 964 4085 sipi
1016 4019 1079 4089 jura
1098 4034 1146 4075 sua
1160 4018 1249 4074 eidem
1276 4017 1339 4075 loco
1366 4019 1541 4074 servantibus
1571 4018 1604 4073 sit
1626 4035 1681 4090 pax
1708 4020 1820 4076 Domini

168 4115 270 4186 ,cripta
294 4115 477 4188 psaecipjendo
503 4118 675 4185 mandamus,
699 4127 834 4191 quatenus
860 4118 964 4175 eisdem
1019 4107 1108 4163 nostri
1123 4107 1188 4163 dcsu
1203 4106 1312 4172 Christi,
1328 4115 1461 4178 quatenus
1475 4115 1503 4162 et
1532 4106 1578 4163 bio
1596 4107 1713 4162 fructum
1736 4109 1819 4165 bonae

168 4203 301 4259 iratribus
316 4203 453 4275 praelatam
469 4207 613 4262 ecelesiam
635 4224 696 4261 cum
727 4208 857 4278 parocbia
884 4208 967 4264 resti·
1019 4195 1134 4253 ⁸0¹i⁰¹¹i³
1149 4195 1311 4268 111Υῦ111101,
1328 4205 1355 4250 (31
1368 4195 1440 4267 1111111
1454 4196 1732 4264 (11311111111111111101111
1744 4214 1818 4268 Piae·

169 4293 333 4358 1uas‚erde
361 4301 461 4351 caerero
480 4295 557 4366 ipsis,
587 4304 712 4367 tanquam
742 4298 803 4352 dius
832 4304 858 4352 οι
876 4296 967 4353 honus
1020 4283 1782 4355 tniaaeternaepacisinseniant.limen,amen,ameu.

167 4394 270 4452 pastor,
284 4380 503 4438 misericorditer
517 4383 661 4453 providere
676 4386 798 4441 studeas.
976 4382 1005 4445 D

1367 4398 1464 4456 DLXV

494 4503 614 4560 unxit.

164 4614 318 4678 Ecclesiam
330 4621 421 4675 Bootae
431 4620 525 4675 hariae
547 4622 684 4679 blotande
708 4622 959 4680 lartissiodorensi:

252 4690 433 4764 disciplinam
448 4693 689 4766 possessionesque
704 4695 867 4764 confirmat.

409 4786 500 4857 (anno
514 4786 697 4861 tear-sita.)

257 4876 359 4951 ibono,
374 4875 487 4933 Aonol.
504 4874 764 4945 Premooslrol.,r.
781 4876 855 4950 ttt.l

197 4983 403 5047 lusocaarrns,
427 4994 524 5037 servus
538 4996 682 5037 servorum
712 4981 772 5050 Dei,
799 4982 906 5040 dilectis
920 4984 962 5043 di·

1016 4517 1057 4573 ll
1065 4515 1464 4587 Cotsrodumdalsburpensem
1478 4516 1821 4589 episcopum-Posticu-

1033 4590 1155 4645 desuitoe
1167 4589 1321 4650 canoniea.
1335 4590 1412 4642 uetat
1426 4590 1577 4656 rrcsrotres
1590 4587 1817 4660 bercherspodo-

1035 4662 1322 4717 nensesinstitutum
1331 4662 1455 4713 mutent.

1188 4756 1278 4827 (huno
1295 4754 1464 4823 itas-tlte,
1485 4754 1566 4810 blart.
1583 4755 1641 4826 lb.)

1200 4850 1311 4926 [biensa
1329 4849 1449 4919 Corioli,
1460 4850 1536 4918 XXI,
1554 4849 1629 4924 tat]

1051 4966 1405 5039 larocsarrusepiscopus,
1413 4981 1509 5022 servus
1517 4981 1657 5023 serrorum
1669 4965 1729 5033 Dei,
1738 4983 1818 5026 uene·

162 5070 233 5127 lecto
251 5068 308 5124 litio
322 5070 449 5125 tlsarao
482 5069 567 5141 priori
592 5075 620 5124 et
638 5068 765 5126 [ratribus
792 5071 821 5128 in
845 5073 963 5135 ecclesia
1015 5053 1343 5113 1111111111ήο011111110
1370 5053 1563 5127 5⁸¹²bu¹ii⁰⁰⁸i
1593 5054 1814 5127 archiepiscopo,

162 5153 253 5211 Beatos
266 5153 359 5210 hieriae
378 5154 684 5229 botundaerepularem
701 5155 785 5212 vitam
814 5158 961 5231 protessis,
1015 5142 1613 5214 1111111111811101101101111ὓθῡθᾶῑθῧθῦθιῐι·

159 5249 216 5298 ttru
227 5240 409 5314 praeseuibus
423 5258 504 5313 quam
518 5242 626 5311 lutaris,
642 5244 669 5300 in
687 5254 865 5317 perpetuum.

1051 5241 1091 5297 De
1105 5239 1251 5313 dignitate,
1272 5248 1298 5295 et
1326 5238 1489 5297 excellentia
1524 5240 1588 5296 vite
1617 5241 1815 5298 canonicorum

196 5330 225 5385 ln
238 5328 367 5386 eminenti
382 5330 540 5399 apostolicae
559 5332 633 5387 sedis
650 5332 773 5403 specula,
799 5335 960 5409 disponense
1015 5329 1098 5386 muita
1114 5328 1255 5386 nosdocet
1269 5327 1359 5384 divina
1375 5327 1524 5401 Scriptura,
1541 5328 1815 5403 etmultapossemus

157 5419 285 5484 nomino,
314 5417 465 5490 praeaitun.
491 5433 524 5474 ex
551 5420 674 5491 thuneto
692 5423 881 5493 nonisoffieio,
901 5427 962 5483 reti·
1013 5418 1116 5485 atcere,
1133 5416 1482 5490 quoavnsemommmm
1503 5418 1558 5474 titu
1583 5426 1626 5474 aa
1652 5419 1813 5489 apostoliea,

158 5510 253 5580 giosos
269 5508 342 5562 viros
356 5506 489 5561 debemus
505 5507 634 5582 diligere,
649 5519 674 5565 tl
691 5528 786 5569 corum
799 5514 962 5571 locndelen·
1013 5516 1144 5589 quostiam
1160 5513 1275 5587 apostoli
1287 5514 1450 5586 contemptis
1466 5514 1592 5569 omnibns
1604 5516 1653 5571 hac
1679 5515 1731 5570 rita
1746 5533 1812 5571 curn

157 5598 235 5656 sione
249 5596 360 5671 propria
375 5604 522 5669 protegere
533 5612 566 5653 ac
579 5595 686 5655 loiere.
706 5602 824 5679 Dignum
841 5620 960 5679 rumque
1014 5602 1129 5663 Domino
1144 5602 1277 5675 viremnt,
1292 5609 1320 5659 et
1334 5610 1392 5674 post
1405 5601 1597 5660 ascensionem
1625 5618 1686 5660 cum
1714 5602 1809 5660 multi-
