3750 6000
144 219 196 273 387

769 211 978 269 lNNOCENTll
1008 212 1031 267 ll
1061 214 1156 271 PAPAE
1193 239 1195 244 ·

1740 222 1793 281 388

144 342 249 400 scilicet
261 339 394 411 Gregorio
404 354 505 412 magno
514 346 540 395 et
551 339 664 412 egregio
675 338 787 396 doctore
796 347 943 396 attestante
957 342 984 402 Α
999 347 1025 396 11
1041 340 1113 411 quod
1127 358 1142 394 u
1156 340 1208 395 Dei
1220 339 1357 408 fidelibus,
1368 343 1518 414 presertim
1528 343 1701 402 aveuerabili
1710 343 1793 400 fratre

143 440 223 505 atque
239 429 346 485 dicente
364 448 370 483 :
390 451 400 477 u
418 427 562 484 Communi
574 428 626 483 vita
635 428 832 483 viventibusde
842 428 944 485 facien.

143 522 185 576 dis
218 517 401 589 eleemosynis
426 526 453 572 et
478 518 634 572 exbibenda
660 517 841 588 hospitalitate
865 516 945 572 nobis

142 607 445 682 quideritdicendum,
476 622 537 661 cum
565 622 646 661 omna
674 607 746 677 quod
775 614 904 678 superest
917 605 944 660 in

141 699 194 772 piis
201 697 292 754 causis
303 695 420 751 debeant
429 710 550 766 erogare
560 695 574 749 1
585 718 595 744 l
610 695 793 763 Quamobrem
802 694 945 767 praesentis

142 786 238 858 scripti
274 784 377 856 pagina
406 783 542 838 sant-imus
571 793 595 837 et
622 783 779 838 anctoritate
799 784 948 855 apostolica

141 875 343 941 constituamus,
356 880 386 927 ut
400 872 465 928 nulli
495 873 637 942 episcopo,
669 872 735 926 nulli
750 871 945 928 ecclesiasticae

142 963 301 1022 saecularive
330 977 457 1033 personae
483 961 592 1016 licentia
620 968 719 1031 pateat,
751 960 786 1015 de
805 960 945 1015 laboribus

143 1070 215 1127 quos
229 1051 350 1124 propriis
365 1050 490 1104 manibus
519 1048 727 1121 sumptibusque
745 1047 887 1120 colligitis,
903 1049 946 1104 vel

144 1142 226 1199 etiarn
241 1141 276 1196 de
290 1138 464 1195 nutrimentis
480 1137 587 1204 vestris,
617 1137 739 1192 decimas
755 1152 773 1192 a
788 1136 944 1192 111111111-

143 1246 222 1303 gere,
239 1244 291 1285 nec
310 1227 430 1300 quietem
446 1234 565 1282 vestram
580 1225 723 1281 occasione
736 1225 826 1297 aliqua
840 1234 946 1295 pertur-

143 1319 231 1386 bare;
261 1317 310 1372 sed
336 1316 426 1388 potius
455 1314 490 1370 ab
518 1314 672 1382 bujnsmudi
701 1313 892 1369 vexationibus
920 1320 947 1369 et

141 1406 329 1466 exactionibus
359 1401 493 1475 expediti,
525 1403 619 1457 divino
648 1402 758 1458 servitio
787 1401 886 1457 diebus
913 1416 946 1457 ac

143 1495 270 1554 noctibus
283 1494 369 1550 libera
384 1501 475 1548 mente
504 1491 618 1547 vacetis.
648 1490 676 1546 Si
700 1490 762 1560 quis
775 1498 864 1546 autem
878 1505 946 1544 ausu

144 1583 293 1641 temerario
308 1589 405 1639 contra
420 1581 473 1636 boc
488 1579 581 1635 venire
596 1579 750 1645 tentaverit,
772 1588 796 1634 et
812 1593 946 1648 presum-

141 1675 264 1748 ptionem
280 1687 357 1727 suam
373 1669 560 1725 satisfactione
570 1684 691 1740 congrua
709 1684 765 1722 nou
776 1667 941 1722 emendave-

142 1763 186 1830 rit,
202 1759 418 1833 indignationem
447 1757 642 1828 omnipotentis
671 1757 721 1811 Dei
748 1764 774 1811 et
802 1755 942 1811 beatorum

142 1851 216 1907 Petri
230 1859 257 1906 et
271 1848 347 1904 Pauli
362 1846 548 1919 apostolorum
560 1847 618 1914 ejus
632 1846 764 1900 incurrat.

184 1949 286 2004 Datum
301 1945 435 2011 Laterani,
451 1960 489 1999 xn
504 1943 618 1999 Kalend.
634 1941 766 1998 ianuarii.

441 2039 649 2095 cccxxxvii.

214 2140 402 2211 Priuileqium
415 2154 466 2211 pro
481 2137 580 2194 ordine
592 2136 871 2193 Promonstruterasi.

382 2238 462 2290 Auno
477 2237 554 2303 1138,
572 2235 638 2289 Dec.
653 2233 712 2302 at.)

249 2336 300 2405 [bn
318 2336 411 2400 Parus,
429 2331 563 2388 Bibliotlr.
580 2333 702 2396 Proin,
719 2346 746 2401 p.
764 2328 839 2401 111]

179 2435 371 2489 lunocnnrrns
386 2431 544 2501 episcopus,
559 2444 655 2483 servus
670 2442 810 2482 servorum
827 2425 889 2490 Dei,
904 2425 945 2480 di·

143 2530 225 2588 lectis
236 2527 298 2582 frliis
313 2525 458 2582 abbatibus
476 2541 508 2578 ac
522 2522 674 2594 praepositis
691 2520 794 2576 ordinis
807 2522 945 2575 11111111-

145 2617 288 2675 stratensis
306 2624 388 2686 atque
403 2612 546 2685 professis,
575 2611 689 2666 salutern
719 2618 746 2665 et
769 2608 944 2681 apostolicam

147 2707 377 2764 benedictionem.

179 2803 232 2871 Qui
247 2800 337 2856 divina
353 2799 517 2868 disponente
548 2795 693 2850 clementia
720 2794 810 2850 locum
824 2793 944 2864 pastoris

38 2946 45 2956 ,
143 2892 267 2949 obtinere
283 2898 412 2952 meretur,
429 2900 546 2941 necesse
563 2883 648 2938 habet
662 2899 716 2938 non
732 2884 820 2938 solum
835 2883 869 2937 de
884 2898 943 2948 sua,

141 2979 286 3038 sedetiam
302 2978 338 3032 de
354 2976 469 3030 fratrum
486 2988 598 3028 suorum
626 2971 715 3027 salute
731 2970 852 3026 sollicite
866 2972 944 3043 eogi-

997 435 1091 482 111111
1107 429 1183 484 bonae
1198 428 1337 484 meritoriae
1358 429 1492 486 Rainaldo
1507 430 1650 486 flamensis
1664 429 1794 487 Ecclesiae

998 515 1216 587 archiepiscopo,
1246 517 1273 570 in
1301 517 1435 586 ecclesiis,
1461 520 1598 587 domibus,
1615 519 1700 588 silvis,
1716 518 1795 591 aquis

997 619 1166 676 aquarumve
1193 606 1366 672 decursibus,
1403 608 1487 663 terris
1514 607 1595 664 cultis
1623 614 1649 662 et
1675 607 1795 674 incultis,

999 693 1079 748 vobis
1092 694 1136 764 pia
1151 694 1295 750 devotione
1310 695 1504 751 rationabiliter
1519 696 1618 752 collata
1630 703 1694 750 sunt
1707 703 1735 750 et
1747 711 1797 750 suo

998 790 1100 861 scripto
1115 789 1220 846 firmata
1235 792 1324 858 vobis,
1341 801 1367 848 et
1382 809 1432 864 per
1456 809 1505 849 vos
1519 791 1688 848 monasterio
1704 801 1796 849 vestro

998 879 1155 951 apostolicae
1169 879 1242 935 sedis
1256 881 1401 953 privilegio
1416 880 1627 951 confirmamua;
1655 881 1682 935 in
1698 881 1796 953 quibus

998 969 1056 1024 ltaec
1070 968 1190 1041 propriis
1205 970 1345 1026 vocabulis
1373 970 1552 1041 exprimenda
1580 968 1770 1039 subjunximus
1788 986 1793 1023 :

998 1055 1087 1129 ipsum
1103 1057 1227 1114 videlicet
1241 1058 1334 1114 locum
1349 1059 1394 1131 qui
1409 1059 1578 1114 aureavallis
1592 1058 1701 1126 dicitur,
1719 1074 1735 1113 a
1751 1074 1796 1114 11-

997 1155 1113 1211 11111111
1127 1154 1210 1212 111111
1224 1164 1321 1212 nostro
1336 1157 1475 1213 alberone
1491 1156 1656 1213 virdunensi
1666 1155 1796 1226 episcopo

998 1244 1137 1301 communi
1150 1260 1264 1300 assensu
1279 1254 1305 1300 et
1321 1245 1437 1301 consilio
1451 1262 1509 1301 suaa
1519 1245 1662 1311 Ecclesiae,
1677 1260 1797 1300 aunuen-

999 1332 1071 1389 tibus
1086 1344 1111 1389 et
1126 1334 1282 1404 petentibus
1299 1333 1430 1390 Rainaldo
1458 1334 1570 1390 Barcaei
1585 1343 1612 1390 et
1627 1334 1748 1389 Heurieo
1762 1332 1797 1388 de

1000 1421 1156 1493 Grantpreit
1170 1422 1354 1489 commitibus,
1369 1423 1447 1478 vobis
1463 1424 1616 1495 vestrisque
1632 1423 1798 1479 successori·

999 1518 1050 1575 bus
1066 1535 1128 1575 cnm
1145 1519 1200 1574 suis
1214 1519 1343 1575 omnibus
1356 1519 1537 1591 appendiciis,
1552 1520 1633 1574 terris
1646 1519 1738 1587 cultis,
1754 1517 1797 1575 111

998 1607 1121 1675 11111111,
1138 1608 1235 1678 pratis,
1251 1608 1340 1676 silvis,
1356 1609 1435 1680 aquis
1449 1624 1621 1664 eoncessum.
1638 1607 1798 1664 Possessio-

957 1703 1060 1763 Bnem
1077 1713 1186 1769 quoque
1205 1714 1267 1768 quta
1287 1696 1390 1753 dicitur
1415 1701 1553 1753 anement
1581 1713 1665 1768 super
1691 1698 1795 1752 blosarn

996 1785 1214 1851 fluviumsitam,
1231 1801 1312 1858 quam
1338 1803 1387 1856 per
1413 1801 1524 1841 manaim
1552 1785 1675 1857 predicti
1702 1785 1797 1840 fratris

997 1883 1084 1939 nostri
1098 1883 1222 1939 llaiualdr
1236 1883 1441 1955 archiepiscopi
1470 1883 1503 1938 ab
1532 1885 1648 1956 liuguae
1668 1883 1797 1938 ilerdensi

997 1972 1032 2028 de
1043 1972 1103 2028 vico
1112 1972 1273 2028 Judaeorum
1284 1973 1399 2045 ejusque
1408 1972 1463 2028 lilio
1474 1972 1596 2028 Erualdo
1606 1978 1713 2043 septem
1722 1971 1797 2026 libris

998 2061 1173 2118 denariorum
1189 2061 1304 2128 emistis,
1321 2066 1433 2133 propter
1447 2076 1529 2133 quam
1543 2062 1624 2117 etiam
1638 2060 1749 2132 llugoni
1762 2061 1798 2115 de

999 2158 1100 2215 Duzeio
1114 2160 1258 2232 sexaginta
1273 2158 1377 2214 solidos
1392 2158 1518 2226 dedistis,
1535 2159 1658 2230 aquibus
1671 2157 1799 2213 nimirum

998 2247 1071 2304 idem
1089 2248 1167 2304 locus
1184 2264 1246 2303 cunr
1261 2247 1318 2302 suis
1332 2247 1460 2302 omnibus
1473 2246 1652 2318 pertiuentiis,
1667 2245 1746 2301 terris
1761 2246 1799 2302 11-

997 2336 1107 2403 delicet,
1123 2337 1203 2393 cultis
1217 2337 1259 2393 vel
1276 2336 1394 2406 incultis,
1418 2337 1516 2405 pratis,
1532 2335 1619 2402 silvis,
1631 2333 1708 2406 aquis
1722 2351 1797 2406 praa-

998 2427 1136 2482 numiaato
1151 2424 1316 2482 venditionis
1344 2433 1371 2481 et
1399 2425 1545 2494 emptionis
1571 2423 1648 2479 titulo
1662 2425 1741 2480 vobis
1756 2431 1799 2479 est

999 2514 1122 2581 traditus,
1138 2513 1293 2570 molendina
1318 2529 1379 2585 quaa
1400 2512 1591 2584 praenominati
1606 2511 1696 2567 fratris
1710 2520 1789 2568 nostr
1807 2514 1813 2567 i

999 2612 1177 2669 concessione
1192 2620 1219 2667 et
1233 2610 1379 2667 traditione
1408 2627 1493 2682 supra
1521 2613 1623 2667 blesum
1646 2609 1798 2665 construxi-

999 2701 1058 2757 stis.
1074 2700 1278 2772 Aqnametiam
1293 2708 1440 2765 mortuam,
1471 2715 1532 2772 quta
1559 2698 1794 2763 Remumdicitur,

999 2798 1027 2846 et
1041 2799 1140 2845 terram
1154 2806 1234 2861 quam
1258 2790 1417 2844 Willelmus
1432 2789 1542 2844 Menses
1556 2804 1670 2843 assensu
1685 2787 1796 2844 fratrum

1000 2896 1109 2935 suorum
1138 2879 1215 2935 vobis
1244 2878 1364 2947 donavit,
1383 2888 1409 2934 et
1425 2886 1525 2934 terram
1552 2877 1587 2932 ab
1611 2876 1755 2931 lloldiarde
1771 2883 1795 2931 et

999 2978 1111 3050 Rogare
1127 2978 1225 3033 marito
1240 2993 1290 3033 suo
1314 2986 1341 3035 et
1361 2977 1492 3032 fratribus
1507 2985 1589 3049 atque
1603 2977 1754 3042 sororibus,
1772 2984 1798 3032 11

141 3079 213 3126 tare.
230 3069 327 3124 Certus
341 3064 463 3120 existens
479 3062 550 3134 qnod
567 3061 634 3117 sicut
657 3077 706 3131 pro
721 3061 801 3116 bouis
816 3060 945 3131 operibus
960 3058 985 3121 C
1000 3067 1143 3138 nepotibus
1169 3067 1227 3122 suis
1255 3081 1316 3122 cum
1344 3065 1471 3138 personis
1484 3066 1602 3137 propriis
1615 3065 1695 3121 vobis
1709 3065 1796 3122 colla.

140 3167 197 3216 18111
211 3157 268 3214 auis
284 3170 365 3228 quam
379 3169 473 3210 eorum
491 3152 536 3222 qui
561 3150 612 3205 sibi
628 3152 845 3216 committuntur,
861 3149 943 3204 felli·
998 3162 1064 3210 tam,
1081 3156 1182 3212 Locum
1199 3154 1243 3226 qui
1258 3154 1409 3210 Crisseium
1436 3153 1546 3219 dicitur,
1563 3154 1598 3208 ab
1613 3153 1748 3210 Adglaide
1762 3153 1797 3208 de

142 3248 283 3304 bationent
298 3260 315 3300 a
328 3243 444 3299 Domino
458 3248 485 3296 el
500 3238 718 3321 benedictionem
733 3236 858 3308 accipiet·
875 3238 914 3291 111
928 3253 943 3292 e
1000 3243 1159 3315 Grantpreit
1174 3252 1200 3299 et
1214 3241 1270 3299 filio
1284 3244 1347 3314 ejus
1357 3244 1462 3298 Joanne
1476 3251 1503 3298 et
1516 3241 1645 3297 fratribus
1660 3241 1719 3298 suis
1733 3258 1796 3298 cum

145 3337 293 3405 00¹1¹f³f502
310 3333 343 3400 Si,
363 3332 434 3404 (luod
452 3327 542 3384 flbssill
567 3327 609 3382 V0¹
634 3327 693 3399 ipse
707 3326 886 3392 aberraverit,
903 3325 946 3381 vel
999 3341 1057 3397 suis
1070 3341 1196 3397 omnibus
1215 3341 1396 3414 pertinentiis,
1424 3340 1503 3396 terris
1531 3340 1634 3396 seilicet
1659 3339 1740 3397 cultis
1769 3342 1797 3395 11

139 3426 267 3483 subditos
282 3436 347 3478 suos
357 3419 511 3476 exorbitare
520 3416 684 3487 permiserit,
696 3415 858 3470 sententiam
869 3414 947 3469 dam·
999 3427 1119 3496 incultis,
1135 3428 1219 3500 pmii,
1232 3436 1260 3484 01
1274 3429 1385 3485 sedibus
1414 3428 1630 3485 molendinomm
1657 3427 1686 3482 in
1700 3431 1796 3483 Axona

136 3513 259 3570 nationis
274 3513 404 3574 incurret,
421 3522 499 3578 quem
517 3505 596 3560 etiam
612 3510 719 3574 oportet
738 3503 838 3558 medici
859 3503 945 3558 vicem

140 3619 235 3677 agere,
251 3600 352 3673 utjquae
367 3594 528 3669 cognoverit
543 3592 657 3648 fovenda
672 3592 825 3660 confoveat,
842 3602 870 3647 et
885 3608 946 3662 quaa

140 3690 241 3749 viderit
257 3686 428 3759 amputanda
451 3683 525 3738 ferro
549 3681 724 3737 discretionis
739 3681 872 3736 abscidat.
888 3681 946 3736 lloc

140 3779 269 3836 nimirum
285 3775 383 3830 intuitu
399 3771 592 3830 constituimus
609 3779 647 3838 ut,
669 3771 691 3825 si
705 3769 802 3841 aliquis
815 3769 945 3823 abbatum

140 3868 226 3927 vestri
242 3865 348 3923 ordinis
363 3872 445 3934 atque
460 3859 651 3933 professionis,
663 3859 721 3914 siva
732 3860 945 3914 Prnmonstratae

135 3957 282 4021 Ecclesia,
301 3954 358 4009 sive
374 3951 486 4007 alterius
502 3949 567 4016 loci,
593 3948 666 4019 quod
689 3949 765 4003 Deus
780 3944 902 4002 avertatl
916 3945 944 3999 in

141 4046 258 4106 crimine
273 4043 354 4099 fuerit
367 4040 564 4112 deprehensus,
596 4044 643 4092 aut
665 4051 782 4109 prorsus
797 4034 902 4089 inutilis
916 4035 942 4089 in

140 4135 233 4193 officio
247 4131 417 4205 apparuerit,
434 4127 574 4184 communi
602 4125 726 4181 omniurn
753 4130 884 4190 vestrum,
899 4125 943 4180 vel

141 4226 224 4281 etiam
233 4221 346 4290 majoris
356 4227 383 4274 et
392 4215 508 4272 sanioris
517 4214 603 4286 partis
613 4213 739 4279 consilio,
750 4211 943 4282 hujuscemodi

143 4310 310 4383 deponendi,
326 4314 353 4363 et
365 4306 426 4362 loco
443 4306 503 4373 ejus
518 4303 600 4357 alium
620 4301 790 4371 subrogandi
803 4317 836 4356 ex
851 4309 942 4356 nostra

142 4398 322 4458 concessione
336 4392 460 4449 babeatis
473 4392 585 4447 liberam
598 4389 766 4445 facultatem.

177 4498 277 4552 Datum
291 4489 427 4558 Laterani,
443 4504 483 4544 xri
499 4487 613 4544 Kalend.
631 4486 768 4542 ianuarii.

425 4585 651 4642 cccxxxvtn.

248 4688 381 4748 Ecclesiae
398 4685 569 4742 bellevallis
583 4684 656 4740 buno
670 4683 831 4753 confirmat.

368 4787 460 4858 (Anno
476 4784 555 4852 ttae,
572 4782 641 4838 Dee.
659 4784 717 4853 at.)

278 4885 381 4959 111111,
398 4881 636 4946 1111111111,
652 4880 674 4946 l,
690 4895 717 4949 p.
733 4875 808 4950 101]

176 4988 365 5044 lnuocsurrns
381 4980 536 5052 episeopus,
553 4992 801 5033 111111111111111
816 4975 876 5043 Dei,
896 4974 940 5029 di-

140 5075 212 5133 lecto
227 5073 282 5127 filio
298 5073 428 5126 Pnnraro
450 5066 543 5122 abbati
566 5065 735 5132 flellaevallis,
753 5065 866 5136 ejusque
879 5064 940 5119 fra·

141 5164 238 5231 tribus,
255 5170 310 5216 tam
325 5157 508 5230 presentibus
523 5171 605 5228 quam
620 5155 716 5210 futuris
730 5154 935 5225 inperpetuum.

174 5252 230 5308 Piae
258 5246 405 5320 postulatio
435 5245 579 5300 voluntatis
606 5243 690 5300 debet
717 5242 815 5299 effectu
837 5258 937 5299 consa·

139 5348 239 5414 quante
253 5334 394 5406 compleri,
411 5337 442 5388 ut
454 5332 609 5388 devotionis
632 5333 776 5389 sinceritas
789 5331 936 5387 laudabili-

138 5439 181 5487 ter
195 5427 327 5484 eniteseat
341 5432 367 5479 et
383 5421 483 5477 utilitas
507 5421 645 5491 postulata
664 5421 737 5478 vires
751 5421 937 5478 indubitanter

138 5525 270 5576 assumat.
288 5516 441 5585 Eapropter
461 5509 553 5566 dilecti
580 5510 609 5565 in
635 5512 752 5568 Domino
765 5510 825 5583 lilii,
840 5511 937 5568 1111111

133 5605 346 5667 11111111111111
367 5598 600 5672 postulationibus
617 5599 767 5659 clementer
780 5602 934 5668 annuimus,

1000 3524 1028 3575 et
1042 3518 1137 3573 usibus
1151 3516 1310 3589 piscationis
1324 3526 1350 3572 et
1365 3517 1442 3573 111111
1451 3525 1581 3588 quantum
1592 3531 1707 3573 necesse
1718 3516 1796 3572 fuerit

998 3607 1033 3662 ad
1047 3605 1235 3664 aedificandum
1250 3614 1277 3662 et
1292 3606 1519 3672 comburendum,
1534 3605 1613 3661 vobis
1627 3613 1653 3661 et
1668 3604 1793 3662 acclesiae

1000 3713 1100 3761 vestrae
1113 3704 1197 3762 divini
1212 3704 1316 3760 amoris
1326 3703 1572 3759 intuitudonatum.
1589 3703 1794 3759 Decimassana

997 3809 1068 3866 quas
1081 3793 1199 3850 dilectus
1213 3791 1284 3847 filius
1313 3800 1406 3847 noster
1433 3790 1518 3848 Ursus
1538 3792 1624 3847 obbas
1638 3790 1795 3847 monasterii

998 3883 1090 3938 Sancti
1099 3881 1222 3953 Dionysii
1232 3882 1375 3937 hamensis
1391 3881 1441 3936 sub
1451 3895 1535 3936 censu
1546 3881 1629 3936 trium
1642 3879 1795 3935 solidorum

1000 3971 1142 4028 flamensis
1155 3979 1273 4027 monetas
1301 3969 1380 4024 annis
1406 3969 1521 4041 singulis
1549 3968 1793 4040 persolvendomm

997 4068 1123 4125 ecclesiae
1137 4077 1235 4124 vestran
1261 4066 1407 4134 concessit,
1437 4067 1531 4122 nullus
1554 4066 1668 4121 avobis
1682 4065 1794 4138 exigere

996 4165 1154 4230 praesumat.
1170 4155 1366 4212 confirmamus
1380 4157 1492 4228 insuper
1502 4155 1580 4212 vobis
1590 4164 1698 4221 terram,
1711 4155 1794 4226 pisca·

997 4255 1093 4312 turam,
1108 4254 1135 4301 et
1147 4253 1226 4317 prata
1240 4245 1274 4299 ab
1290 4245 1368 4300 Helia
1394 4245 1429 4300 de
1456 4245 1550 4317 llurgo
1580 4244 1657 4300 vobis
1681 4243 1790 4309 donata,

996 4342 1094 4390 terram
1110 4351 1171 4407 quae
1185 4334 1286 4391 dieitur
1299 4333 1409 4390 Wamel
1434 4350 1496 4389 cum
1514 4333 1640 4389 omuibus
1655 4332 1792 4404 appendi-

952 4421 1307 4499 1111111111111111
1336 4431 1565 4502 1111111111,
1583 4430 1659 4487 savis
1673 4438 1700 4486 1
1712 4430 1793 4502 aqua

994 4522 1073 4579 vobis
1088 4522 1217 4593 prasenti
1231 4522 1333 4592 scripto
1348 4519 1497 4576 firmamus.
1515 4521 1604 4576 Porro
1618 4519 1739 4575 decimas
1753 4519 1793 4575 la-

992 4611 1091 4668 borum
1105 4618 1258 4667 vestrorum
1279 4627 1349 4683 quos
1371 4610 1491 4683 propriis
1506 4608 1633 4665 manibus
1647 4624 1698 4664 seu
1715 4624 1792 4663 sum·

993 4699 1084 4770 ptibus
1099 4699 1232 4766 excolitis,
1248 4700 1340 4755 111111
1355 4697 1791 4771 1111111111111,1111111111-

993 4812 1056 4854 nem
1071 4797 1190 4870 aliquam
1209 4798 1350 4868 imponere
1365 4795 1489 4852 ecclesiae
1504 4804 1605 4852 vestra
1620 4802 1789 4866 presumat;

992 4885 1060 4941 nulli
1075 4902 1186 4958 quoque
1201 4888 1311 4943 omnino
1325 4886 1465 4941 hominum
1481 4883 1521 4939 las
1535 4885 1571 4939 sit
1585 4884 1731 4941 ecclesiam
1747 4899 1791 4940 ve·

994 4983 1082 5030 stram
1100 4984 1203 5031 temero
1215 4975 1386 5047 perturbare,
1402 4980 1449 5028 ant
1463 4975 1523 5042 ejus
1538 4972 1729 5043 possessiones
1743 4988 1791 5028 au-

993 5063 1074 5129 ferre,
1091 5063 1134 5119 vel
1150 5064 1256 5119 ablatas
1270 5065 1398 5130 retinere,
1428 5062 1561 5127 minuere,
1591 5069 1638 5115 aut
1653 5060 1789 5133 aliquibus

990 5160 1178 5217 vexationibus
1192 5160 1317 5233 fatigare,
1332 5159 1422 5215 sedet
1437 5157 1528 5214 omnia
1550 5157 1658 5230 integra
1673 5172 1788 5214 conser-

990 5257 1091 5308 vantur
1105 5249 1204 5306 vestris
1218 5257 1245 5306 et
1259 5264 1407 5320 pauperum
1422 5246 1516 5303 usibus
1529 5246 1681 5319 profutura.
1696 5246 1724 5303 si
1735 5263 1789 5318 qua

989 5336 1076 5412 igitur
1090 5338 1116 5392 iu
1132 5336 1250 5394 futurum
1264 5337 1452 5394 ecclesiastica
1462 5335 1639 5393 secularisve
1654 5351 1786 5404 persona,

989 5426 1062 5483 franc
1075 5434 1177 5483 nostrae
1190 5424 1393 5484 constitutionis
1419 5425 1550 5498 paginam
1578 5423 1679 5492 sciens,
1696 5432 1788 5481 contra

989 5530 1050 5573 eam
1064 5522 1168 5572 tentare
1182 5514 1277 5572 venire
1287 5514 1443 5581 tentaverit,
1454 5513 1577 5572 secundo
1588 5512 1704 5570 11111111
1714 5527 1787 5570 1111-

989 5603 1103 5673 munita,
1116 5603 1141 5660 si
1154 5619 1209 5662 non
1222 5619 1345 5679 congrue
1359 5601 1532 5672 sadsfecerit,
1546 5600 1691 5675 potestatis
1700 5601 1786 5660 bono-
