3750 6000
59 213 137 277 tttt
542 215 592 277 DE
614 215 749 279 oastls
770 218 926 281 PONTIF.
950 219 1064 282 ANGL.
1089 256 1127 265 —
1150 220 1222 281 tte.
1245 220 1270 280 Ι.
1681 221 1758 284 ttta

58 352 122 423 ejus
138 367 195 407 uon
212 348 371 407 cadebatin
382 357 497 417 terram,
510 350 561 407 aed
572 354 634 406 erat
644 349 799 422 accipienti
815 369 881 421 gra·
897 357 921 422 Α
937 355 1057 428 quentia
1072 353 1277 412 tamulantium
1292 352 1423 411 diceres:
1440 353 1495 412 hoe
1510 354 1560 413 ille
1574 356 1760 430 conspicatus

58 441 183 508 tissima,
200 440 277 496 sicut
292 437 335 495 sol
353 455 436 495 mane
452 456 524 496 novo
540 439 684 510 exoriens,
701 441 750 511 qui
766 441 880 499 discns-
935 443 1103 513 aliquandiu
1121 442 1287 516 patientiam
1304 442 1408 509 tenuit,
1424 460 1476 499 nec
1499 444 1657 514 quominus
1679 445 1758 517 pavi·

59 531 100 586 ais
115 529 225 584 nubilis
242 526 412 600 tranquillat
425 534 539 596 ventos,
555 534 583 584 et
598 535 713 585 serenat
734 547 810 588 aare.
829 536 884 587 llx-
935 534 989 589 dos
1013 549 1132 589 rancore
1156 531 1336 588 austeritatis
1364 531 1513 588 exterruit.
1536 534 1653 590 Sciebat
1678 534 1757 592 enim

60 621 264 691 pendebantur
292 634 361 690 ergo
391 618 568 689 pauperibus
599 635 700 690 panes,
730 619 830 686 calcei,
855 625 884 676 at
935 623 1007 678 artis
1022 621 1141 688 artium,
1159 622 1186 675 id
1203 631 1244 676 est
1260 621 1414 693 regiminis
1429 622 1595 678 animarum
1615 624 1759 692 peritissi-

60 726 181 782 prorsue
197 726 260 782 qne
276 710 311 764 sd
328 709 439 765 victum
465 710 611 781 pertinent
625 716 653 766 et
668 712 816 779 vestitum,
832 711 883 766 de·
936 728 1003 767 mus
1026 710 1268 767 consuetudinem
1285 728 1301 766 a
1318 716 1421 766 natura
1446 726 1510 766 essa
1538 715 1709 781 secundam,
1731 716 1760 768 et

60 800 134 855 uarii
146 815 205 854 uon
216 800 362 855 dabantur
374 799 526 854 maturiori
538 804 672 868 tractatu,
685 801 808 856 consilio
820 818 884 873 pro·
936 802 1088 870 repentina
1112 815 1222 855 morum
1246 800 1438 855 conversione
1462 800 1619 856 teneriores
1641 816 1757 856 exacer-

60 889 198 958 tenuiori,
215 890 292 961 quod
311 890 400 961 hujus
413 891 553 962 temporis
572 891 679 962 vulgus
695 891 884 948 suffarcinato
935 889 997 945 bari
1014 889 1138 945 animos.
1152 891 1332 961 Quapropter
1345 886 1463 944 blandis
1481 889 1692 944 monitionibus
1708 906 1760 961 per

59 979 148 1035 etiam
175 978 334 1049 marsupio,
355 978 432 1034 eicco
457 984 617 1049 concoquat
640 995 689 1034 ore
712 980 828 1036 lamam.
851 980 885 1035 lit
936 979 1236 1049 intervallatemporis
1251 994 1329 1033 nunc
1345 976 1494 1046 illa,nunc
1510 977 1567 1035 ista
1581 979 1759 1036 subtrabens

60 1068 144 1140 quasi
168 1067 275 1138 aliquid
303 1076 523 1123 sacrosanctum
545 1069 617 1123 vitat
640 1069 709 1124 darc
730 1085 781 1139 pro
803 1071 882 1125 victu
935 1076 998 1127 eote
1014 1071 1156 1125 virtutum
1175 1069 1261 1124 rudes
1282 1069 1441 1124 exacuebat
1456 1070 1491 1126 ad
1507 1070 1618 1126 bouum
1635 1078 1758 1136 mentes,

59 1172 225 1225 nummum,
242 1174 277 1213 uc
292 1158 425 1212 debilitet
452 1173 618 1213 numerum.
637 1157 757 1214 clericis
776 1159 885 1229 egenti·
934 1159 1134 1231 elimabatque
1148 1158 1184 1214 ah
1201 1158 1237 1215 iis
1262 1158 1400 1213 vitiorum
1420 1159 1587 1230 rubiginem
1600 1175 1607 1226 ;
1622 1164 1650 1216 et
1665 1161 1760 1216 unde-

61 1245 126 1315 bus,
141 1251 170 1302 et
185 1247 371 1303 monasteriis
387 1248 566 1303 immensum
586 1253 731 1318 qnantum
749 1264 886 1304 nummo·
935 1265 1052 1321 cunque
1077 1247 1221 1303 malornm
1244 1248 1424 1318 exstirpabat
1447 1248 1601 1320 plantaria,
1622 1249 1760 1307 continuo

58 1353 122 1391 rum
139 1336 279 1404 cumulat,
299 1337 470 1407 plerumque
485 1338 706 1392 verecundiores
723 1337 758 1392 ad
776 1354 884 1409 rogan·
936 1338 979 1394 ibi
995 1338 1138 1393 bonorum
1150 1335 1280 1406 jaciebat
1303 1337 1502 1391 seminariae
1527 1338 1610 1409 prins
1638 1338 1759 1407 abstitit,

59 1427 130 1482 duur
155 1426 293 1482 invitans.
315 1428 372 1483 Nec
398 1428 524 1499 pudebat
549 1427 800 1499 archiepiscopum
827 1429 886 1484 alte
937 1444 1026 1499 qoam
1041 1424 1762 1501 adulterinisabdicatisletibusnltroueigenisles

60 1517 242 1572 succinctum
259 1517 436 1588 pauperibus
448 1517 694 1588 cibosappcnere‚
706 1526 732 1571 et
745 1516 885 1573 tenuioris
937 1516 1080 1570 virtutum
1106 1515 1277 1585 adoptarent
1303 1529 1471 1570 successus.
1488 1515 1564 1571 Sunt
1587 1514 1673 1572 hodie
1697 1534 1761 1573 am·

59 1605 185 1660 fortuna
201 1605 347 1661 scholares
363 1608 398 1660 ad
415 1606 646 1676 disputationum
663 1622 790 1677 pugnam
807 1622 885 1662 com·
939 1604 1271 1677 pliori,qnamospiam
1288 1604 1763 1676 anglisantdecetnumermre-
1868 1680 1873 1685 ⁸

61 1694 183 1750 mittere.
201 1697 269 1750 Post
293 1697 379 1750 verba
404 1696 521 1767 utrique
546 1694 601 1750 laeti
624 1695 755 1761 abibant,
771 1696 840 1750 dum
857 1699 886 1751 et
900 1718 923 1784 B
939 1693 1047 1768 ligione
1063 1692 1306 1749 Cluniaceusibue
1331 1710 1388 1749 uon
1403 1695 1539 1765 impares.
1556 1695 1702 1753 Plurimus
1716 1696 1763 1752 iu-

59 1786 152 1841 victor
166 1786 296 1842 scientia
312 1788 476 1856 praminm,
493 1791 522 1842 et
537 1787 630 1843 victus
645 1789 790 1858 acciperet
803 1803 885 1844 vera·
939 1789 984 1839 est
1002 1783 1039 1838 iis
1059 1783 1154 1838 adduc
1171 1783 1361 1849 Laulrancus,
1379 1785 1469 1839 multa
1483 1785 1536 1839 viri
1551 1786 1704 1856 memoria,
1718 1787 1761 1842 in·
1869 1800 1873 1805 ·

59 1876 171 1931 cundia
198 1875 345 1931 solatium.
369 1875 501 1932 AEdtlleia
525 1874 662 1942 ecclesia,
683 1891 729 1932 cur
754 1876 884 1944 sedebat,
939 1889 1012 1944 gens
1027 1873 1057 1927 in
1075 1876 1163 1927 Deum
1180 1871 1306 1937 devotio,
1318 1872 1439 1944 pulchra
1449 1873 1477 1928 iu
1494 1873 1678 1931 advenientes
1693 1875 1763 1932 aila·

61 1981 147 2020 vorax
163 1966 282 2021 damma
294 1970 361 2021 ante
373 1982 428 2020 uon
445 1965 571 2021 multum
587 1971 821 2037 consumpserat,
834 1982 885 2021 cn·
940 1961 1036 2018 bilitas
1049 1968 1157 2027 manet,
1170 1978 1223 2017 nec
1235 1962 1262 2015 in
1275 1977 1366 2016 avum
1379 1962 1542 2018 abolebitur
1556 1964 1721 2020 communia
1732 1966 1762 2022 iu
1865 1982 1868 1987 ·

62 2052 270 2124 mulabautque
299 2055 415 2109 ruinam
439 2070 557 2124 aggeres
583 2056 738 2125 parietum,
764 2053 886 2125 disjecta
940 2049 1605 2123 omnes,singuiarisluunumquemqueillius
1621 2052 1759 2111 charitas.

61 2147 218 2199 tectorum.
245 2143 296 2199 Ille
320 2144 483 2197 deturbatis
509 2144 657 2199 veteribus
687 2142 886 2198 fundamentis
940 2141 1019 2207 Quod
1046 2139 1159 2195 nullum
1188 2156 1318 2211 unquam
1334 2139 1447 2195 tristem
1464 2141 1655 2212 permitteret,
1670 2144 1719 2199 aad
1736 2143 1762 2201 ai

62 2232 216 2287 suscitavit
226 2232 256 2285 in
267 2231 438 2303 ampliorem
450 2238 556 2287 statum
569 2234 668 2286 omnia
681 2247 687 2286 :
700 2231 815 2303 ignores
827 2247 887 2286 ma·
940 2244 1115 2299 quemquam
1131 2228 1323 2283 subnubilum
1346 2229 1465 2295 videret,
1482 2229 1580 2286 atatim
1597 2231 1760 2290 sciscitare·

59 2322 124 2392 jore
138 2320 364 2391 pulchritudine,
381 2337 416 2376 an
433 2320 592 2377 velocitate.
609 2321 694 2376 Auxit
708 2323 785 2375 euim
802 2321 886 2376 bona
940 2326 986 2375 tur
1001 2335 1119 2373 causam
1136 2323 1164 2373 et
1179 2322 1331 2390 quareret,
1345 2318 1465 2389 cognita
1489 2317 1614 2391 impiger
1630 2323 1760 2378 madere-

62 2407 222 2463 voluntatis
237 2409 358 2479 gloriam
383 2409 539 2465 celeritatis
562 2410 720 2465 industria.
736 2408 770 2463 at
792 2409 886 2480 primo
940 2412 998 2462 tur.
1015 2406 1170 2462 Ultrcueus
1181 2406 1343 2478 juvenibus
1366 2408 1469 2462 oll‘erre
1493 2409 1637 2477 denarios,
1652 2410 1761 2480 qulbus

63 2498 179 2568 quidem
206 2498 374 2567 monachos,
397 2498 597 2553 tumultuariis
617 2503 644 2554 et
664 2500 804 2569 angustis,
822 2503 887 2570 post
941 2495 1191 2551 necessitudinum
1210 2495 1389 2566 propriarum
1405 2495 1509 2567 inopiae
1525 2507 1720 2555 occurrerent.
1732 2500 1763 2559 Si

62 2586 218 2642 elaboratis
232 2593 261 2642 et
276 2588 439 2659 magnificis
463 2587 572 2643 adibus
594 2587 723 2646 inclusit.
739 2587 802 2643 Jam
818 2603 885 2643 vero
941 2590 1036 2640 autem
1062 2585 1163 2639 datum
1186 2585 1303 2640 fortuito
1329 2585 1481 2646 excideret.
1498 2587 1656 2659 geminare,
1674 2587 1763 2662 idque

62 2692 96 2731 ex
112 2676 272 2732 abundanti
284 2676 432 2732 estdicera
443 2683 585 2748 quantum
596 2678 634 2734 ibi
647 2683 885 2734 ornamentorum
940 2672 1014 2731 clam
1041 2671 1105 2728 aliie
1121 2688 1186 2727 esse
1203 2672 1366 2744 precipere.
1383 2674 1541 2730 Providens
1558 2681 1696 2745 praterea
1712 2693 1764 2750 per
1863 2750 1866 2755 ι

63 2766 254 2837 congesserit,
277 2766 320 2821 vel
343 2766 374 2822 iu
400 2766 496 2839 palliis
521 2771 550 2821 et
573 2767 665 2822 sacris
689 2767 832 2833 vestibus,
855 2767 885 2824 in
940 2766 1031 2818 totam
1048 2760 1184 2834 Angliam
1210 2761 1373 2830 monachis,
1390 2766 1422 2816 ut
1438 2779 1490 2817 nec
1505 2761 1691 2834 deplorarent
1710 2780 1761 2821 ne·
1814 2832 1817 2843 Ι

63 2854 172 2924 quibus
187 2857 306 2910 cedente
321 2855 444 2910 materia
460 2872 564 2910 manus
583 2856 736 2911 aurillcnm
753 2855 886 2913 vincebat
940 2852 1077 2917 cessaria,
1093 2867 1146 2907 nec
1161 2850 1361 2906 claudicarent
1376 2868 1393 2907 a
1407 2850 1526 2921 Regula.
1541 2851 1663 2923 Jamque
1682 2854 1760 2910 onim

63 2958 256 3014 expensarum
275 2943 468 3015 pretium,ch
483 2943 513 2998 iu
529 2944 651 3000 diversis
667 2944 813 3001 coloribus
829 2945 884 3016 pic·
939 2942 1139 3013 episcoporum
1156 2940 1229 2996 livor
1242 2940 1413 3006 ineteteffli,
1426 2941 1584 2996 Wlffliium
1596 2942 1632 2997 ab
1647 2942 1762 3015 episco-

65 3034 147 3098 toris‚
164 3033 209 3088 vel
223 3031 408 3088 lenocinante
434 3032 587 3104 splendore
606 3035 738 3090 lucorum
756 3051 802 3090 ara
818 3052 883 3107 spe·
941 3030 1056 3103 palibus
1072 3031 1192 3086 sedibus
1209 3030 1367 3086 monachos
1382 3029 1496 3086 clericis
1507 3030 1651 3087 immissis
1668 3038 1765 3089 extru-

64 3121 180 3177 ctahilis
202 3122 334 3192 rapiebat
356 3123 481 3190 animos,
502 3128 530 3178 et
547 3124 774 3195 pulchritudinis
793 3126 885 3196 gratia
940 3123 1235 3192 dara.Aoctorhnjus
1247 3122 1381 3177 iectionis
1395 3120 1662 3179 luitWalchelmue
1674 3125 1763 3180 Wan-

64 3210 238 3267 sollicitabat
248 3212 348 3266 oculos
357 3213 560 3268 adlacunaria.
571 3213 773 3270 Possessiones
784 3231 885 3272 omues
942 3217 1030 3268 tauns
1045 3212 1081 3266 ad
1097 3218 1200 3267 caetera
1227 3211 1332 3279 bouus,
1346 3214 1394 3265 sed
1418 3210 1446 3265 in
1471 3211 1526 3267 hoo
1550 3229 1670 3283 pravum
1697 3229 1765 3270 cou-

63 3301 210 3364 villarum,
222 3318 286 3371 qna
297 3302 340 3356 vel
352 3307 567 3359 autecessorum
580 3304 703 3368 incuria,
714 3306 758 3361 vel
771 3313 885 3363 exacto·
945 3302 1019 3357 siliis
1042 3316 1236 3357 susurronum
1260 3300 1362 3367 iterus,
1380 3299 1445 3371 plns
1462 3317 1497 3355 aa
1511 3300 1677 3369 canonicos,
1694 3320 1764 3375 cap·

65 3406 130 3446 rum
144 3390 280 3445 violentia
295 3390 389 3445 aliena
405 3392 635 3462 ingemiscebant
647 3394 780 3464 imparia,
794 3396 823 3451 in
836 3398 887 3467 jus
942 3392 986 3462 pla
1004 3395 1032 3447 at
1051 3389 1266 3462 superpelliciis
1282 3395 1444 3445 ornaverat.
1462 3389 1570 3461 Regem
1592 3388 1621 3445 in
1641 3398 1763 3448 seuten—
1870 3418 1873 3423 ⁴

65 3479 257 3535 domesticum
281 3480 433 3548 revocavit,
458 3481 570 3539 lavante
595 3498 659 3552 rege
681 3490 709 3538 et
733 3499 821 3539 manu
847 3492 887 3542 te·
943 3481 1011 3536 tiam
1030 3484 1156 3536 traxerat
1171 3486 1200 3535 et
1215 3485 1328 3534 teritum
1346 3495 1455 3534 morem
1471 3479 1501 3535 in
1518 3480 1612 3536 medio
1624 3486 1654 3536 nt
1666 3481 1763 3537 archi·

66 3576 173 3627 necte:
197 3571 268 3625 adeo
293 3579 322 3624 ut
351 3571 437 3626 etiam
467 3571 503 3627 ab
533 3573 662 3642 ejusdcm
692 3574 770 3644 regia
798 3575 886 3632 tratre
941 3571 1763 3643 episeopiconsensnmeliceret.isquominushaberetnr‚

65 3660 165 3716 Odone
184 3658 335 3727 stccensi
358 3659 504 3730 episcopo,
520 3669 547 3715 et
571 3661 677 3716 comite
697 3661 806 3718 Cantiee
828 3662 888 3734 pla.
943 3659 1015 3717 nihil
1032 3660 1240 3715 dubitandum.
1257 3663 1293 3714 At
1309 3660 1356 3714 ille
1372 3661 1505 3716 auditum
1523 3662 1635 3716 lacinus
1654 3662 1764 3719 exhor-

65 3747 887 3819 citocxtorqueret,quodilleiujustedetinebat.Animus
943 3749 1764 3820 ruit,ettotpotontumexcogitataemachinas,ntcaaaes

65 3837 144 3894 enim
166 3837 327 3905 versipellis
341 3846 366 3892 et
384 3835 471 3892 l'allax
494 3838 568 3893 bona
592 3837 809 3896 Cantuaricusia
833 3842 885 3897 Ec·
942 3853 1125 3904 aranearum,
1141 3836 1202 3891 solo
1228 3838 1337 3892 intuitu
1360 3837 1500 3891 dissolvit.
1521 3837 1595 3899 Quin
1619 3839 1704 3893 etiam
1729 3855 1765 3896 ne

65 3925 159 3981 ciceia
188 3923 360 3992 inhiaverat,
388 3931 416 3981 et
443 3927 571 3997 prolecto
601 3944 718 3998 pessum
747 3930 885 3998 dedisset,
942 3928 1019 3982 idem
1045 3926 1186 3981 auderent
1211 3925 1329 3996 posteri,
1354 3928 1423 3998 egit,
1449 3931 1479 3981 ut
1503 3924 1667 3983 Alexander
1690 3945 1764 4002 papa

65 4014 123 4069 uisi
138 4014 320 4070 Laulrancna
340 4015 478 4071 obstaret.
495 4016 673 4072 Praevalebat
688 4018 717 4073 in
733 4035 766 4075 eo
782 4018 886 4076 animae
942 4018 1057 4089 scriptis
1081 4016 1245 4071 inhiberet:
1263 4031 1402 4087 magnum
1419 4016 1460 4080 id,
1476 4025 1504 4072 et
1524 4015 1713 4088 laudandum,
1731 4021 1764 4074 ut

65 4102 212 4170 vivacitas,
228 4103 277 4158 sed
293 4107 321 4158 et
336 4103 496 4160 beatissimi
522 4106 661 4162 Dnnstani
678 4108 708 4164 iu
724 4125 791 4164 cnm
808 4110 887 4165 lavor
942 4107 1018 4179 qnod
1044 4103 1147 4160 sedula
1169 4109 1337 4160 sanctorum
1363 4105 1528 4177 benignitas
1544 4116 1671 4176 tempora
1685 4109 1762 4181 regis

64 4193 184 4249 alluens.
201 4196 272 4248 Nam
288 4196 516 4264 quotiescunque
532 4195 561 4250 ln
577 4195 686 4251 talibus
705 4198 886 4254 cunctabun·
943 4194 1044 4266 lidgari
1062 4193 1249 4259 inchoaverit,
1262 4193 1318 4248 istc
1331 4192 1497 4250 labetactari
1514 4212 1571 4250 noa
1588 4196 1763 4267 permiserit.

65 4284 121 4337 due
136 4299 172 4337 ne
187 4298 233 4336 res
248 4282 324 4337 male
339 4287 469 4354 vergeret
484 4301 658 4356 suspensam
684 4286 810 4343 differret
824 4303 888 4343 sen·
941 4283 1078 4349 Quamvis
1088 4298 1238 4354 {tunquam
1249 4283 1466 4352 comparatione
1475 4283 1582 4338 lactum
1594 4284 1684 4356 hujus
1695 4300 1762 4341 cnm

66 4371 197 4437 tantiam,
223 4370 325 4425 aderat
347 4371 394 4427 ille
419 4378 555 4444 soporato
582 4373 720 4446 detegens
748 4377 885 4431 adversa·
942 4372 1057 4427 illorum
1083 4372 1158 4428 lacto
1184 4372 1355 4443 pensitetur.
1375 4371 1449 4428 Nam
1472 4371 1512 4428 illi
1538 4374 1628 4429 totius
1653 4374 1764 4446 ciogliae

68 4458 175 4511 riorum
193 4458 334 4530 argutias,
346 4464 375 4514 et
385 4461 526 4516 evadendi
538 4461 745 4518 demonstrans
756 4464 886 4519 semitas.
902 4452 926 4517 D
943 4460 1086 4533 magistri,
1103 4461 1249 4517 arridente
1271 4461 1359 4517 etiam
1384 4477 1450 4534 rege
1467 4461 1550 4518 facile
1564 4463 1640 4534 quod
1660 4464 1766 4520 vellent

67 4546 141 4611 Quin
169 4547 255 4601 etiam
281 4549 426 4618 quondam
453 4565 574 4620 agrum,
591 4556 619 4604 ct
638 4551 801 4606 cunctantis
824 4552 887 4606 vita
942 4553 1101 4609 allicerent.
1118 4553 1175 4607 iste
1200 4557 1294 4607 autem
1318 4561 1399 4608 sotus
1414 4559 1514 4609 contra
1534 4560 1576 4610 tot
1590 4555 1765 4612 obsistentes

69 4643 220 4706 pertesum
244 4635 272 4690 iu
298 4636 418 4708 visione,
439 4654 496 4709 qna
518 4638 666 4693 videretur
683 4655 750 4694 cum
772 4656 806 4696 eo
825 4639 888 4696 lnc-
943 4657 1003 4697 rem
1030 4642 1227 4714 profligaverit
1249 4647 1277 4697 et
1300 4643 1413 4711 vicerit,
1429 4643 1576 4699 abbatiam
1598 4644 1696 4700 Sancti
1718 4643 1766 4699 tl·

67 4728 125 4778 tam
141 4722 270 4789 inivisse,
286 4725 394 4796 eripuit
417 4724 591 4794 discrimini,
606 4727 733 4782 restituit
745 4728 826 4783 boue
841 4744 889 4784 va·
942 4730 1009 4786 bani
1027 4747 1077 4802 per
1092 4729 1215 4785 Paulum
1233 4731 1380 4801 abbatem,
1396 4748 1482 4803 quem
1500 4733 1538 4788 ibi
1555 4734 1718 4802 coustituit,
1734 4732 1764 4789 in

67 4811 199 4868 letudioi.
216 4812 346 4867 Monacbi
362 4813 595 4883 cantuarienses,
611 4816 687 4870 sicut
702 4826 888 4873 cmueatuuc
943 4835 1009 4875 cum
1037 4835 1092 4890 quo
1118 4835 1195 4875 nanc
1219 4825 1265 4877 eat
1288 4825 1397 4876 statum
1423 4822 1560 4893 provexit.
1583 4823 1613 4877 lu
1637 4822 1766 4880 Roll’eusi

68 4900 208 4972 temporis
233 4900 263 4955 in
286 4904 402 4970 anglia,
423 4903 611 4958 sacularibus
636 4903 713 4959 baud
739 4905 889 4962 absimiles
942 4908 1110 4980 episcopatu
1136 4908 1231 4965 clerici
1260 4909 1419 4966 servientes
1434 4911 1478 4966 vir
1494 4911 1530 4967 ad
1547 4911 1765 4981 quaternarium

67 4996 159 5057 erant,
177 4990 233 5045 nisi
259 4991 337 5061 qnod
364 4991 532 5061 pudicitiam
551 5007 608 5047 non
625 4992 707 5048 facile
723 4993 888 5064 proderent,
944 5013 1100 5054 numerum
1127 5014 1279 5069 assurgere
1304 5003 1446 5070 poterant,
1470 5003 1498 5055 et
1523 5000 1579 5072 ipsi
1601 5000 1765 5072 quotidiani

68 5095 172 5135 canum
188 5080 325 5135 cursibus
341 5081 465 5147 avocari,
476 5081 571 5136 avium
586 5084 707 5153 pradum
720 5088 803 5155 raptu
820 5085 890 5143 alia·
943 5088 1029 5160 panis
1043 5091 1174 5159 egentes.
1186 5088 1241 5144 llos
1252 5104 1302 5158 per
1317 5087 1497 5145 Gundulium
1513 5090 1683 5162 episcopum
1699 5106 1766 5148 sua·

20 5158 24 5167 ’
68 5187 132 5226 rum
155 5172 305 5229 volucrum
328 5190 380 5246 per
404 5173 490 5229 inane
516 5174 609 5246 sequi,
635 5177 799 5246 spumantis
822 5179 889 5248 equi
944 5182 1062 5232 tentans
1075 5176 1241 5246 sumptibus
1258 5178 1382 5248 propriis
1399 5176 1557 5233 monachos
1568 5179 1602 5233 ad
1619 5179 1764 5251 quinqua·

69 5264 465 5332 tergumpremara.tesseras
475 5271 602 5333 quatere,
615 5266 890 5338 potibusindnlgerc
944 5266 1026 5339 ginta
1041 5266 1213 5335 introduxit,
1229 5268 1338 5340 quibus
1359 5266 1429 5324 villa
1443 5267 1598 5339 magnilica
1613 5268 1681 5324 data
1697 5287 1764 5339 pro·

69 5350 228 5407 delicatiori
246 5353 332 5421 victu,
349 5362 375 5410 et
394 5353 566 5411 accuratiori
586 5353 664 5410 cultu
691 5355 887 5428 fragilitatem,
943 5357 1067 5420 curavit,
1094 5361 1124 5412 ut
1148 5373 1205 5413 con
1231 5356 1327 5412 solum
1352 5374 1411 5414 non
1440 5357 1626 5414 afficerentur
1654 5358 1763 5432 inopia,

71 5437 193 5504 nescire,
206 5440 413 5508 parcimoniam
430 5445 609 5509 abnuere,et
623 5447 725 5500 catera
740 5445 769 5501 id
784 5462 889 5521 genus,
944 5447 995 5505 sed
1026 5447 1114 5503 etiam
1151 5447 1320 5503 victualium
1358 5449 1518 5521 gauderent
1555 5449 1648 5523 copia.
1679 5449 1763 5508 datus

59 5526 556 5602 ,utmagisillosconsules,quam
581 5531 739 5590 monachos
759 5537 888 5606 praeire·
944 5537 1131 5593 cantuariam
1161 5536 1261 5593 urbem
1288 5536 1316 5594 iu
1342 5537 1501 5611 aquilonali
1528 5543 1608 5610 parte
1633 5538 1763 5612 lapideas
