3750 6000
122 249 174 302 tuo

756 244 962 304 lNNOCENTll
983 248 1007 303 ll
1032 242 1129 303 t‘tttd

1717 245 1769 305 196

116 372 235 431 votionis
247 371 344 428 intuitu
359 370 556 427 monasterium
569 371 722 438 aedificavit,
744 371 821 444 quod
835 371 913 429 ride·
928 374 957 436 Α
972 372 1060 442 nibus,
1077 379 1104 427 et
1118 372 1244 428 omnibus
1255 373 1311 428 suis
1319 373 1490 445 appendiciis
1504 374 1585 431 cultis
1600 382 1627 431 et
1640 375 1768 442 incultis;

117 461 179 520 licet
189 460 341 518 Jerusalem
355 461 440 518 uoluit
449 460 593 531 appellari,
610 461 758 532 ipsumque
773 462 800 515 in
828 463 917 516 bono·

117 567 175 607 rem
190 549 374 621 apostolorum
401 548 511 604 Petriet
538 548 615 603 Pauli
630 548 790 605 solemniter
819 565 917 605 conse·

114 647 230 705 oratum,
246 638 359 695 consilio
387 644 413 692 et
428 653 543 692 assensu
567 637 600 692 S.
622 636 735 693 Faronis
765 637 916 694 bfaldensis

115 738 248 810 episcopi,
263 737 418 794 stallorum
440 735 616 807 plurimorum
642 736 833 808 episcoporum
863 752 913 792 nec

113 843 167 884 non
183 827 264 882 etiam
280 842 376 898 regum
392 824 523 889 Franoiae,
540 825 572 879 B.
593 826 672 881 Petro
687 832 713 881 et
742 834 845 881 sanctae
860 826 917 882 Ro·

118 932 208 973 manae
220 913 467 976 Ecclesiaeobtulit,
484 912 557 984 quod
582 913 710 969 nimirum
726 929 785 970 cum
802 913 917 987 egregio

118 1006 214 1061 abbate
233 1002 335 1077 Agillo,
365 1009 392 1058 et
411 1002 557 1058 abbatibus
577 1001 633 1057 sibi
665 1002 871 1069 substituendis,
892 1008 919 1058 et

119 1091 332 1156 commonachis,
348 1107 397 1146 seu
411 1090 520 1147 clericis
530 1089 633 1145 ibidem
649 1090 766 1147 Domino
781 1090 917 1146 famulan-

117 1183 190 1239 tibus
200 1181 252 1236 sibi
266 1181 301 1236 ad
316 1178 467 1252 regendum
483 1179 648 1247 commissis,
664 1187 770 1236 etcum
790 1179 917 1236 omnibus

119 1272 202 1328 rebus
216 1277 297 1340 atque
313 1268 469 1325 bominibus
485 1268 575 1324 eidem
588 1269 757 1324 monasterio
785 1267 917 1338 subjectis

120 1376 165 1425 ant
185 1367 373 1437 subjiciendis,
408 1365 434 1419 ln
452 1365 644 1436 potestatione,
674 1364 859 1422 dominatione
883 1379 917 1421 ac

118 1456 277 1513 defensione
292 1453 447 1525 apostolicae
471 1455 555 1521 sedis,
584 1454 806 1525 praedecessores
831 1454 917 1510 nostri

118 1548 197 1602 bonae
210 1543 352 1600 memoris
369 1544 490 1598 loannes
504 1550 531 1598 et
545 1544 675 1598 llfartinus
698 1541 812 1599 Romani
823 1543 915 1614 ponti·

119 1633 184 1692 fices
204 1639 395 1704 susceperunt,
412 1639 438 1686 ot
459 1630 568 1701 scriptis
583 1631 742 1702 apostolicis
767 1631 915 1687 roborave-

973 462 1061 516 rillam
1077 478 1137 533 quas
1152 462 1250 517 dicitur
1271 462 1410 529 Herbicia,
1427 480 1488 519 curn
1499 463 1624 529 ecclesia,
1651 464 1768 533 decima,

972 551 1071 619 servis,
1098 550 1215 618 ancillis,
1231 551 1328 622 pratis,
1345 552 1462 623 pascuis,
1488 561 1513 607 at
1527 552 1584 607 suis
1600 554 1769 624 appendiciis

972 648 1050 703 cultis
1065 655 1091 703 et
1106 647 1214 703 incultis
1230 667 1237 712 ;
1255 648 1346 704 villam
1367 664 1427 722 quae
1442 649 1541 706 dicitur
1563 650 1767 721 agillimansio,

972 753 1034 793 cum
1048 736 1174 804 ecclesia,
1186 737 1305 804 decimu,
1315 738 1414 804 servis,
1424 738 1540 803 ancillis,
1552 738 1673 810 pascuis,
1683 741 1770 811 pratls

971 833 998 880 et
1016 825 1069 880 sibi
1097 825 1296 895 adjacentibus,
1326 825 1407 882 cultis
1427 834 1453 881 et
1479 825 1587 882 incultis
1608 842 1616 897 ;
1636 827 1769 883 decimam

972 914 1044 970 villae
1065 931 1125 984 quae
1138 914 1240 970 dicitur
1254 913 1393 981 senionia,
1411 930 1472 971 cum
1489 922 1565 971 terra
1586 916 1770 987 appendente,

972 1019 1033 1057 oum
1049 1002 1135 1058 servis
1152 1011 1178 1058 et
1194 1002 1301 1059 ancillis
1318 1022 1324 1068 ;
1342 1003 1616 1059 terrametdecimam
1629 1003 1770 1076 villaequae

972 1090 1073 1148 dicitur
1087 1092 1119 1147 S.
1138 1090 1216 1162 Lupi,
1233 1106 1294 1146 cum
1311 1091 1399 1147 servis
1414 1099 1440 1147 et
1454 1091 1560 1148 ancillis
1577 1110 1584 1160 3
1601 1092 1694 1148 villam
1708 1109 1769 1165 quae

973 1179 1076 1236 dicitur
1086 1179 1221 1252 Laqueius
1236 1196 1319 1251 super
1333 1179 1421 1252 ripam
1430 1181 1559 1237 Matronae
1568 1180 1698 1248 fluminis,
1707 1197 1769 1238 cum

971 1270 1066 1332 servis,
1083 1269 1201 1336 ancillis,
1217 1269 1317 1342 pratis,
1340 1269 1450 1341 pascuis
1465 1277 1491 1324 ct
1505 1269 1561 1324 suis
1585 1270 1766 1342 appendiciis,

971 1365 1051 1421 cultis
1064 1373 1091 1421 et
1100 1364 1207 1422 incultis
1222 1385 1230 1434 3
1246 1382 1330 1438 supra
1343 1367 1473 1422 eamdem
1489 1367 1587 1437 ripam,
1609 1367 1766 1437 possessio-

970 1471 1033 1509 nem
1045 1471 1105 1526 quae
1116 1454 1215 1511 dicitur
1240 1454 1373 1524 Porteion,
1398 1461 1425 1511 et
1439 1455 1563 1524 alteram,
1594 1472 1655 1527 quae
1669 1456 1766 1511 dicitur

970 1543 1129 1599 vernolium
1144 1562 1152 1611 3
1170 1550 1197 1599 et
1212 1544 1356 1600 ecclesiam
1373 1561 1433 1616 quaa
1448 1544 1558 1615 Capella
1567 1553 1688 1611 vocatur,
1704 1560 1766 1600 cum

969 1632 1058 1688 servis
1075 1641 1102 1688 ot
1115 1633 1231 1699 ancillis,
1248 1633 1343 1704 pratis,
1355 1633 1475 1705 pascuis,
1488 1643 1515 1689 et
1525 1633 1764 1705 aliisappendioiis

117 1731 191 1778 runt.
224 1722 280 1778 Nos
303 1721 393 1791 itaque
422 1735 518 1775 eorum
540 1719 704 1775 inbaerentes
719 1719 854 1792 vestigiis,
888 1720 1361 1788 teBcultisetincultis3castrum
1393 1722 1632 1794 quoduppellatur
1655 1723 1766 1789 brecus,

116 1821 216 1877 dilecte
231 1819 258 1873 in
277 1817 395 1874 Domino
423 1816 460 1872 fili
479 1817 582 1872 Natalis
616 1817 699 1885 abba,
720 1833 783 1872 curn
818 1817 917 1872 eodem

116 1907 291 1972 monasterio,
308 1906 362 1972 cui,
387 1906 454 1973 Deo,
476 1906 587 1977 gratias,
604 1921 724 1976 praesse
744 1904 917 1978 dignosceris

118 2001 147 2056 in
166 1998 250 2054 tutela
269 2004 297 2051 et
316 1995 467 2066 patrocinio
495 2003 597 2049 sanctae
625 1993 755 2049 Romanae
784 1993 916 2050 Ecclesiae

117 2105 150 2146 oc
164 2097 256 2145 nostro
271 2085 446 2157 suscipimus,
462 2091 488 2139 et
503 2081 646 2154 praesentis
664 2082 799 2155 privilegii
814 2082 916 2154 pagina

116 2176 315 2234 communimus
332 2193 337 2229 ε
355 2181 504 2230 statuentes
521 2180 549 2227 ut
563 2187 744 2244 quascunque
759 2172 916 2242 possessio·

116 2292 177 2342 nes,
193 2288 363 2348 quacunque
380 2271 453 2327 bona
479 2269 552 2325 idem
577 2270 773 2325 monasterinm
797 2269 870 2338 juste
889 2275 916 2325 et

115 2364 247 2422 canonice
258 2361 392 2434 possidet,
408 2367 454 2414 aut
470 2359 496 2414 in
512 2358 632 2414 futurum
646 2358 826 2414 concessione
843 2373 916 2429 pon-

115 2451 229 2522 tificum,
244 2449 391 2524 largitione
404 2463 503 2520 regum
519 2463 567 2502 seu
587 2447 761 2518 principium,
777 2447 915 2502 oblatione

115 2540 247 2606 fidelium,
263 2555 311 2595 seo
339 2537 491 2605 aliisJustis
520 2535 609 2590 modis
625 2539 772 2605 praestante
798 2535 915 2590 Domino

115 2631 214 2702 poterit
237 2626 359 2698 adipisci,
376 2624 454 2679 firma
470 2624 518 2679 tibi
543 2624 651 2695 tuisque
666 2623 874 2680 successoribus
889 2630 916 2678 et

115 2718 218 2774 illibata
242 2720 419 2787 permaneant
436 2728 442 2767 :
457 2713 484 2766 in
500 2712 599 2782 quibus
611 2713 670 2767 haec
682 2711 800 2783 propriis
827 2711 914 2768 nomi-

115 2805 194 2861 nibus
209 2800 519 2872 duximusexprimenda
536 2819 542 2855 ι
558 2801 678 2871 Burgum
692 2799 913 2870 uidelicetipsins

115 2892 338 2967 quodllesbacus
355 2889 453 2945 dicitur
464 2888 659 2945 cumomnibus
680 2889 736 2944 suis
745 2888 915 2961 appendiciis

116 3009 176 3051 oum
193 2990 317 3049 ecclesiis
332 2998 359 3045 et
374 2987 496 3059 decimis,
513 2988 670 3045 cumservis
684 2995 712 3043 et
726 2987 842 3056 ancillis,
854 3004 916 3044 curn

971 1818 1076 1873 invilla
1091 1834 1152 1889 quae
1180 1818 1278 1874 dicitur
1292 1819 1381 1873 minor
1408 1819 1563 1885 Brociaous,
1585 1827 1686 1874 terram
1705 1836 1768 1876 cum

971 1907 1057 1962 serris
1077 1915 1103 1961 et
1121 1907 1237 1972 ancillis,
1258 1908 1341 1977 pratis
1357 1916 1384 1963 et
1398 1908 1519 1978 pascuis,
1537 1916 1563 1963 et
1576 1908 1637 1963 aliis
1663 1925 1769 1981 appen-

970 1995 1058 2061 diciis,
1075 1995 1157 2050 cultis
1181 2004 1207 2049 et
1221 1995 1340 2059 incultis,
1357 2004 1434 2051 etc...
1452 1998 1535 2051 Porro
1565 1997 1716 2052 libertatem
1740 1997 1767 2052 in

971 2101 1023 2156 qua
1038 2083 1108 2138 idem
1125 2084 1299 2140 [lesbaceose
1314 2085 1509 2140 monasterium
1525 2102 1587 2141 curn
1597 2085 1768 2156 parochianis

971 2172 1095 2228 ecclesiis
1110 2172 1164 2226 sibi
1180 2173 1378 2241 adjacentibus,
1395 2173 1522 2229 videlicet
1536 2173 1628 2229 Sancti
1642 2175 1765 2240 loannis,

971 2263 1001 2318 S.
1020 2262 1138 2329 Nicolai,
1155 2261 1183 2316 S.
1212 2261 1347 2332 Dionysii,
1365 2262 1396 2317 S.
1415 2263 1578 2333 Leodegarii
1601 2271 1627 2318 et
1642 2263 1673 2318 S.
1693 2262 1768 2318 Chri·

969 2350 1093 2421 stopbori
1108 2351 1241 2407 hactenus
1257 2350 1397 2405 mansisse*
1408 2350 1595 2424 cognoscitur,
1612 2352 1689 2406 vobis
1701 2368 1768 2423 prae-

969 2438 1039 2494 senti
1054 2437 1165 2495 decreto
1180 2436 1362 2506 firmavimus,
1385 2445 1414 2494 ut
1433 2438 1562 2495 videlicet
1581 2438 1668 2494 abbas
1683 2440 1768 2511 ipsius

969 2536 1022 2592 loci
1041 2537 1142 2592 nullius
1166 2536 1218 2590 nisi
1237 2543 1340 2591 tantum
1360 2536 1479 2593 Romani
1506 2536 1644 2608 pontilicis
1664 2536 1767 2605 judicio

969 2632 996 2680 et
1017 2625 1124 2689 ditioni,
1144 2624 1186 2680 rel
1219 2625 1398 2681 admonitioni
1431 2626 1569 2695 subjaceat
1591 2624 1768 2697 :presbytcri

968 2730 1076 2786 quoque
1091 2713 1309 2784 supradictarum
1325 2713 1503 2770 ecclesiarum
1533 2730 1621 2786 neque
1635 2714 1669 2769 ad
1682 2729 1768 2784 syno-

968 2802 1032 2856 dum
1048 2801 1198 2858 dimcesani
1214 2801 1347 2873 episcopi,
1363 2802 1406 2858 nel
1422 2802 1457 2858 ad
1472 2802 1552 2858 aliam
1567 2802 1627 2872 ejus
1639 2802 1768 2858 admoni-

970 2891 1068 2946 tionem
1083 2890 1122 2945 ire
1137 2899 1272 2961 cogantur
1290 2908 1297 2953 ;
1313 2891 1362 2945 sed
1374 2891 1523 2961 potiustuae
1537 2906 1768 2947 acsuccessornm

969 2987 1075 3034 tuorum
1093 2979 1234 3050 postestati
1249 2986 1277 3034 et
1300 2979 1464 3035 ordinationi
1478 2994 1539 3036 curn
1555 2980 1612 3035 suis
1639 2980 1768 3035 omnibns

114 3082 200 3155 pratis
215 3088 261 3137 aut
289 3077 409 3151 pascuis,
426 3093 488 3133 curn
517 3093 586 3145 antra
601 3093 662 3148 qua
686 3076 784 3133 dicitnr
810 3077 913 3142 blucra,
930 3080 955 3143 c
969 3068 1144 3138 parochianis
1167 3067 1440 3136 subjectissimum,
1456 3083 1508 3124 nec
1518 3068 1545 3122 in
1561 3068 1665 3124 eisdem
1681 3084 1766 3139 paro-

114 3188 164 3229 seu
178 3169 299 3227 omniurn
315 3166 480 3240 piscatione,
497 3166 593 3222 insulis
608 3181 716 3237 quoque
731 3175 757 3220 et
777 3165 913 3221 molendi-

114 3260 167 3326 nis,
200 3275 252 3316 nec
284 3274 339 3313 non
358 3265 383 3312 et
403 3254 570 3327 piscatoriis,
590 3271 651 3310 cum
683 3254 811 3326 pontibus
830 3255 912 3309 etiam

115 3350 274 3420 cunctisque
288 3346 375 3417 ipsius
390 3361 469 3417 aqrrae
484 3344 657 3409 transitoriis,
674 3350 771 3399 etcum
783 3342 911 3399 omnibus

115 3439 167 3494 sibi
182 3435 379 3506 adjacentibus,
400 3433 480 3489 cultis
492 3439 518 3488 et
534 3432 660 3489 incultis:
674 3432 766 3487 villam
782 3431 865 3487 Orleii
886 3439 913 3488 et

111 3525 204 3586 villam
219 3522 400 3581 bfontboitron
420 3537 480 3578 cum
497 3521 656 3577 earumdem
672 3521 798 3576 villarum
818 3519 911 3576 eccle-

111 3616 170 3683 siis,
194 3612 320 3679 decimis,
349 3610 438 3666 servis
465 3617 490 3665 et
507 3610 624 3676 ancillis,
641 3610 725 3681 pratis
745 3618 771 3665 et
789 3608 908 3689 pascuis,

111 3713 138 3762 st
170 3720 231 3760 curn
259 3699 386 3757 omnibus
419 3698 525 3754 eisdem
553 3697 750 3768 adjacentibus,
783 3697 864 3755 cultis
882 3701 911 3754 et

111 3800 221 3860 incultis
236 3819 243 3867 ς
260 3797 355 3856 villam
389 3811 448 3868 quae
471 3794 598 3853 Ulciacus
626 3795 726 3852 dicitur
759 3802 786 3851 et
817 3794 909 3850 villam

111 3907 173 3965 quae
187 3888 389 3960 septemsortes
406 3878 507 3941 dicitur
521 3900 581 3939 cum
597 3883 757 3940 earumdem
783 3883 909 3939 villarum

111 3978 245 4045 ecclesiis,
255 3974 378 4040 decimis,
389 3972 480 4029 servis
491 3972 641 4040 etancillis,
650 3972 737 4044 pratis
752 3973 906 4045 etpascuis,

111 4077 138 4127 et
152 4083 246 4125 aarum
261 4062 441 4138 appendiciis,
467 4060 549 4119 cultis
561 4070 588 4117 et
602 4061 712 4117 incultis
727 4077 733 4117 :
748 4070 854 4133 portum
873 4061 907 4119 de

110 4169 167 4238 Fay
183 4181 191 4238 ;
204 4162 348 4221 dimidiam
362 4160 454 4217 villam
470 4175 530 4230 quae
544 4157 701 4231 brigenium
720 4157 828 4226 dicitnr,
844 4173 905 4215 cum

108 4264 197 4312 matre
211 4252 373 4318 ecclesia,et
387 4246 544 4305 decimisad
560 4245 906 4317 eampertinentibns,corn

108 4343 197 4401 servis
224 4349 251 4396 et
277 4338 392 4404 ancillis,
410 4352 473 4392 cum
506 4334 590 4406 pratis
609 4343 640 4391 et
658 4334 777 4405 pascuis,
799 4342 825 4389 et
844 4333 905 4390 aliis

968 3165 1072 3220 sirianis
1090 3165 1263 3221 dioecesanus
1283 3165 1429 3237 episcopus
1448 3173 1496 3221 aut
1514 3165 1612 3237 aliquis
1631 3165 1764 3238 ejusoffi·

967 3253 1045 3310 ciclis
1060 3269 1223 3325 quacunque
1238 3254 1380 3310 occasione
1391 3255 1525 3321 justitiam
1541 3255 1585 3310 vel
1602 3254 1765 3311 admonttio·

967 3358 1029 3397 nem
1048 3343 1147 3397 babeat
1166 3361 1173 3409 ;
1194 3342 1318 3414 quinimo
1338 3341 1373 3398 de
1392 3343 1467 3399 omni
1486 3360 1526 3411 re,
1548 3353 1593 3400 tuo
1612 3353 1639 3400 et
1658 3360 1766 3401 succes·

967 3447 1058 3487 sorum
1075 3440 1182 3487 tuorum
1190 3431 1292 3501 judicio
1304 3432 1503 3504 relinquuntur.
1520 3433 1554 3489 Ut
1572 3442 1662 3489 autern
1677 3434 1763 3489 liber-

966 3536 1007 3584 tas
1022 3529 1143 3598 ejusdem
1169 3529 1328 3584 monasterii
1344 3546 1518 3601 nequaquam
1543 3531 1638 3586 futuris
1654 3539 1762 3603 ternpo-

965 3618 1041 3672 ribus
1056 3618 1204 3688 minuatur,
1221 3619 1271 3674 sed
1292 3619 1380 3689 potius
1396 3620 1500 3675 illibata
1515 3627 1650 3687 servetur,
1681 3619 1764 3675 simili

963 3708 1047 3763 modo
1062 3724 1206 3763 censemus
1220 3716 1249 3763 ut
1264 3724 1312 3778 pro
1323 3714 1428 3764 extorts
1443 3707 1615 3779 professione
1627 3725 1706 3781 quarn
1723 3715 1759 3774 te,

964 3796 1062 3852 dilecte
1076 3795 1114 3851 fili
1128 3797 1234 3852 Natalis
1256 3797 1338 3863 abba,
1352 3796 1426 3852 fratri
1438 3806 1533 3853 nostro
1547 3798 1626 3854 booae
1654 3812 1761 3854 memo-

962 3884 1012 3940 riae
1026 3884 1169 3941 Bulcordo
1183 3884 1316 3941 bfeldensi
1331 3886 1461 3958 episcopo
1473 3885 1547 3958 pacis
1556 3886 1652 3943 intuitu
1664 3886 1761 3943 fecisse

961 3973 1128 4046 accepimus,
1163 3973 1266 4029 nullum
1299 3974 1523 4046 impedimentum
1558 3974 1605 4029 tibi
1639 3974 1681 4031 vel
1708 3974 1761 4031 tuis

962 4061 1168 4119 successoribus
1183 4071 1345 4136 generetur.
1372 4064 1414 4119 Ad
1434 4065 1493 4120 baec
1511 4063 1671 4135 adjicientes
1699 4068 1759 4119 sla-

960 4151 1061 4207 tuimus
1080 4166 1115 4207 ne
1134 4151 1276 4224 quisquam
1305 4151 1417 4208 omnino
1436 4153 1540 4224 absque
1559 4152 1690 4209 missione
1713 4153 1759 4208 vel

960 4239 1121 4296 auctoritate
1149 4248 1252 4296 sanctae
1270 4241 1400 4297 Romanae
1415 4242 1545 4298 Ecclesiae
1575 4242 1701 4297 eumdem
1715 4241 1757 4297 lo·

960 4353 1032 4405 cum,
1053 4353 1102 4393 seu
1117 4337 1247 4394 ecclesias
1261 4337 1289 4393 in
1304 4337 1592 4410 quibusparocborum
1606 4348 1757 4395 conventus

109 4432 214 4489 circum
237 4424 429 4499 adjacentibus
444 4431 499 4478 tam
513 4423 595 4479 cultis
611 4439 690 4494 quam
704 4421 813 4478 incultis
828 4441 834 4478 ι
851 4422 904 4478 vil·
919 4434 943 4498 fl
958 4423 997 4494 fit,
1012 4441 1029 4482 a
1044 4426 1131 4483 sacris
1151 4424 1245 4483 officiis
1264 4426 1412 4498 probibere
1443 4436 1601 4499 praesurnat,
1621 4435 1669 4484 aut
1686 4443 1757 4498 pro·

107 4521 161 4576 lam
177 4532 238 4585 quae
261 4515 360 4570 dicitur
374 4510 584 4582 montigniacus,
601 4528 661 4567 cuni
678 4510 793 4568 ecclesia
811 4520 837 4566 et
856 4511 904 4566 de-

108 4606 197 4672 cimis,
221 4611 248 4660 et
276 4601 328 4657 sibi
347 4600 450 4656 circum
469 4599 659 4669 adjacentibus
677 4600 764 4670 pratis
782 4599 902 4671 pascuis,

109 4704 192 4763 terris
206 4699 286 4759 cultis
300 4706 327 4755 et
341 4696 448 4753 incultis
464 4711 471 4765 ;
487 4696 580 4752 villam
595 4713 654 4771 quae
669 4697 769 4753 dicitur
795 4698 904 4767 Capella

107 4810 190 4866 super
222 4792 353 4855 bfncram,
387 4795 414 4843 et
445 4785 536 4842 villam
556 4802 618 4858 quac
637 4785 736 4841 dicitur
767 4785 904 4841 cormaiot

106 4897 191 4954 super
205 4878 327 4935 eamdem
342 4875 431 4948 ripam
447 4893 455 4942 ;
472 4882 499 4931 et
512 4874 605 4930 uillam
624 4890 685 4946 quoe
699 4873 798 4930 dicitur
811 4873 904 4930 blelle·

105 4979 160 5036 raia
175 4993 258 5049 super
272 4974 397 5032 eamdem
413 4972 510 5045 ripam,
527 4987 589 5028 cum
599 4971 758 5027 earumdem
774 4971 901 5027 aillamm

106 5064 240 5129 ecclesiis,
273 5061 399 5126 decimis,
430 5061 518 5117 servis
542 5067 570 5116 et
588 5059 705 5127 ancillis,
727 5059 901 5129 molendinis,

105 5159 312 5238 piscationibus,
341 5157 436 5229 pratis,
460 5158 580 5229 pascuis,
612 5164 640 5213 et
653 5157 783 5213 omnibus
797 5173 900 5230 appen-

105 5253 571 5325 diciis3cnltisetincultis:villan1
594 5254 764 5327 quaedicitur
786 5271 899 5327 campus

100 5355 201 5414 Coellus
214 5368 277 5411 cum
292 5350 419 5418 ecclesia,
431 5350 549 5418 decima,
563 5351 665 5419 servis,
677 5351 795 5424 ancillis,
809 5353 896 5423 pratis

957 4523 1019 4587 pter
1038 4514 1090 4571 boc
1107 4516 1231 4571 divinum
1254 4515 1447 4572 intermittatur
1462 4517 1556 4573 altaris
1570 4515 1689 4573 officinm
1704 4517 1757 4573 nisi

957 4611 1035 4676 forte,
1069 4612 1142 4684 quod
1161 4612 1243 4677 absit,
1263 4612 1326 4668 talis
1345 4611 1450 4668 offensa
1482 4614 1525 4669 vel
1546 4615 1626 4686 culpa
1642 4615 1753 4669 vobisc

957 4701 1050 4772 pravis
1079 4700 1235 4756 bominibus
1262 4701 1362 4771 injuste
1376 4702 1456 4758 fuerit
1474 4702 1609 4775 irrogata,
1629 4717 1755 4774 proque

957 4789 1225 4845 nostraauctoritate
1244 4798 1325 4862 atque
1340 4791 1450 4846 licentia
1467 4792 1627 4847 communiti
1641 4792 1668 4844 in
1688 4807 1752 4846 eos·

956 4878 1017 4933 dem
1032 4876 1225 4934 malefactores
1243 4879 1423 4935 anathematis
1439 4879 1579 4934 sententian
1602 4880 1752 4935 secundum

955 4988 1075 5030 canones
1103 4973 1260 5044 proferatis,
1288 4991 1356 5046 quos
1378 4976 1468 5038 etiam,
1489 4984 1570 5045 prout
1588 4977 1751 5046 oportuerit,

955 5061 1059 5134 ligandi
1074 5070 1120 5117 ant
1140 5062 1262 5119 soluendi
1285 5062 1458 5120 facultatem.
1473 5105 1498 5118 ..
1515 5063 1613 5119 fecisse
1627 5063 1752 5120 videmus

953 5161 1104 5232 apostolica
1118 5161 1196 5216 robis
1214 5161 1383 5234 benignitate
1399 5160 1588 5219 concedimus.
1614 5162 1752 5217 Praeterea

953 5249 1128 5321 presbyteros
1141 5249 1168 5303 in
1183 5249 1310 5304 omnibus
1320 5249 1445 5306 ecclesiis
1459 5265 1528 5321 quas
1547 5250 1663 5316 habetis,
1675 5266 1750 5320 praa-

952 5352 996 5402 ter
1026 5346 1085 5401 illas
1105 5345 1225 5418 quinqua
1243 5346 1424 5418 supradictas,
1446 5347 1652 5405 constituendos
1674 5348 1752 5416 Juxta

98 5452 208 5531 pascuis
227 5459 254 5508 et
278 5448 405 5506 omnibus
424 5448 604 5520 appendiciis,
632 5450 711 5507 coltts
730 5456 758 5506 et
787 5449 896 5508 incultis
949 5441 1175 5498 wutueludfssem
1189 5441 1297 5514 eligatis
1312 5458 1415 5517 eosque
1429 5442 1458 5499 in
1485 5442 1592 5500 eisdem
1611 5443 1680 5500 locis
1696 5444 1751 5501 Do-

100 5542 217 5601 insulam
246 5556 308 5615 qua
324 5536 422 5596 dicitur
435 5534 642 5608 Bellus-Locus,
672 5554 734 5596 enm
766 5539 893 5608 ecclesia,
948 5539 1023 5598 raino
1051 5537 1201 5598 servituros
1224 5541 1388 5600 dioecesanis
1406 5541 1544 5616 episcopis
1575 5543 1749 5616 praesentetis

98 5639 215 5708 decima,
235 5634 332 5705 serris,
353 5633 473 5705 enodis,
492 5633 590 5706 pratis,
621 5634 748 5708 pascois,
762 5627 894 5708 plicatio·
947 5636 1075 5696 canarno
1093 5652 1168 5711 vero,
1189 5639 1280 5698 oleum
1299 5647 1423 5698 sanctum
1450 5640 1674 5700 consecrationes
1702 5640 1746 5698 at-
