3750 6000
184 214 236 268 tte
803 208 1009 264 lNNOCENTll
1032 208 1055 262 ll
1082 209 1192 265 PAPAE.
1789 219 1839 272 l'lc'

183 323 314 393 quoniam
328 322 356 379 id
369 323 458 395 ipsum
473 323 609 397 aequitatis
623 330 650 380 et
661 321 777 393 iustitie
793 322 861 378 ratio
882 329 978 395 postu·
993 320 1023 379 tt
1073 324 1132 395 Ego
1147 323 1307 396 liudolphus
1322 332 1440 387 ortanus
1455 327 1540 399 episc.

182 420 230 488 lat,
246 421 328 477 debet
349 420 519 492 impendere.
546 419 680 490 Quocirca
705 426 880 476 socrosancta
903 417 984 474 sedes
1073 421 1135 494 Ego
1149 423 1267 477 loannes
1280 425 1322 478 tit.
1339 425 1367 480 S.
1393 424 1565 497 Chrysogoni
1590 427 1733 500 presbyter
1755 430 1834 484 card.

184 509 345 582 apostolica,
360 509 515 566 animarum
530 509 611 566 saluti
621 508 782 581 providens,
795 506 923 578 quoniam
933 520 984 577 pro
1074 510 1134 584 Ego
1149 511 1294 567 llnselmus
1307 513 1402 583 presb.
1418 513 1493 570 eard.
1518 514 1561 570 tit.
1589 515 1619 572 S.
1645 516 1786 573 Laurentii
1809 516 1838 572 in

184 595 336 665 discordia,
353 605 379 654 et
394 613 506 671 guerra,
521 612 582 671 qnae
602 597 672 654 inter
695 597 795 653 dietam
816 594 984 651 lanuensem
1038 596 1131 655 hucin.

183 685 325 743 civitatem
339 693 365 742 et
381 686 457 741 Pises
472 686 538 742 olim
553 685 732 758 argutissimo
747 684 774 738 id
796 682 904 738 lavente
926 681 982 736 ini·
1073 687 1134 759 Ego
1149 689 1233 745 bueus
1248 687 1342 760 presb.
1359 689 1435 746 card.
1446 691 1488 746 tit.
1504 690 1552 746 88.
1566 693 1681 748 loannis
1697 700 1724 748 et
1746 693 1834 749 Pauli.

184 774 255 830 mico
269 774 380 830 humani
390 774 501 847 generis
515 783 576 831 orte
590 783 641 842 est,
653 771 884 843 incomparabiles
894 770 984 826 homi·
1074 775 1133 847 Ego
1148 775 1280 832 Martinus
1295 778 1389 849 presb.
1405 779 1485 835 eard.
1514 780 1559 836 tit.
1592 781 1620 837 S.
1650 779 1781 853 Stephani
1807 782 1836 837 in

185 887 250 927 num
264 871 368 938 eludes,
386 869 604 928 Christianorum
619 870 800 944 captivitates,
812 878 839 926 et
854 868 984 925 ecclesia·
1037 862 1124 920 Caelio
1136 865 1241 922 llonte.

184 976 246 1016 rum
260 959 461 1017 destructiones
488 959 653 1017 immunerae
677 965 875 1031 provenerunt,
899 965 928 1012 ut
949 955 984 1011 de
1074 953 1134 1025 Ego
1153 953 1297 1010 Rainerius
1313 954 1445 1011 Senensis
1460 956 1546 1029 episc.

173 1056 285 1106 ‚cetero
298 1055 351 1104 tam
366 1048 535 1106 detestabilis
549 1048 586 1105 lis
599 1057 627 1105 et
650 1046 790 1104 dissensio
813 1045 982 1119 conspuissent,
1072 1041 1132 1113 ligo
1146 1042 1287 1098 [tolandus
1306 1042 1486 1101 llossellanus
1497 1046 1584 1118 episc.

186 1153 333 1212 personam
347 1146 432 1205 tuam,
448 1148 475 1194 et
490 1153 539 1210 per
554 1145 580 1193 tc
603 1138 770 1193 tanuensem
795 1134 944 1192 Ecclesiam
968 1148 983 1188 a
1073 1130 1133 1200 Ego
1148 1130 1231 1186 ildizo
1246 1131 1397 1188 Saonensis
1411 1135 1498 1204 episc.

186 1225 301 1298 praelate
315 1226 432 1293 civitate,
444 1243 505 1299 que
516 1227 597 1283 heato
609 1227 688 1282 Petro
698 1241 730 1282 ac
740 1232 843 1281 sanctes
855 1225 984 1280 Romame
1074 1217 1134 1291 Ego
1150 1218 1286 1274 Romanus
1300 1219 1371 1277 diac.
1388 1221 1465 1277 eard.
1483 1222 1512 1279 S.
1528 1222 1621 1279 llariae
1634 1222 1661 1279 in
1681 1223 1800 1281 Porticu.

186 1315 320 1372 Ecclesiae
342 1313 441 1382 fidelis,
458 1323 485 1371 et
498 1315 534 1371 ad
545 1314 720 1371 serviendum
731 1321 857 1385 prompta
869 1309 982 1378 exstitit,
1074 1307 1132 1379 Ego
1148 1308 1302 1379 Gregorius
1316 1308 1388 1365 diac.
1405 1309 1482 1366 card.
1499 1310 1549 1366 88.
1566 1311 1656 1385 Sergii
1670 1319 1696 1368 et
1722 1312 1834 1370 Bacchi.

185 1412 212 1460 et
226 1404 261 1461 de
275 1411 417 1460 caeterose
432 1404 461 1459 id
483 1403 619 1460 lucturam
641 1402 806 1474 propensius
828 1400 981 1473 pollicetur,
1073 1403 1133 1473 Ego
1148 1402 1237 1459 Guido
1251 1404 1321 1461 diac.
1342 1405 1450 1461 cardin.
1468 1406 1497 1462 S.
1514 1407 1607 1464 llariae
1631 1409 1658 1463 in
1685 1408 1735 1466 Via
1759 1409 1835 1467 bata.

183 1499 313 1557 decorem
327 1507 355 1554 et
369 1499 559 1555 exaltationem
575 1498 760 1571 prerogativa
781 1497 906 1570 gloriosa
929 1511 983 1551 su·
1073 1491 1135 1563 Ego
1150 1492 1230 1549 Oddo
1245 1493 1317 1550 diac.
1334 1495 1410 1550 enrd.
1430 1493 1462 1549 S.
1480 1495 1594 1568 Georgii
1611 1497 1646 1554 ad
1661 1497 1757 1554 Velum
1779 1503 1837 1555 tlu-

183 1587 291 1643 blimat.
309 1587 347 1642 Te
363 1587 455 1660 igitur,
471 1587 559 1644 trater
578 1586 743 1644 charissime
763 1587 832 1657 Syre
851 1582 984 1654 arehiepi-
1038 1595 1124 1635 reum·

182 1692 275 1747 scope,
292 1674 365 1747 pollii
381 1675 463 1748 genic
484 1676 659 1741 decorantes,
685 1682 712 1731 et
735 1675 826 1747 gratia
855 1672 981 1744 ampliori
996 1670 1024 1732 B
1075 1667 1415 1741 E60G⁰1d0dl³0·0⁸fd·
1433 1671 1481 1728 ss·
1498 1673 1605 1730 C⁰³¹¹¹ae
1619 1681 1646 1731 θῑ
1661 1675 1799 1733 ommi·

181 1763 324 1828 donantes,
345 1763 373 1817 in
387 1763 628 1835 arehiepiscopum
643 1778 850 1834 promovemus,
877 1770 904 1817 et
928 1770 983 1816 tres
1073 1765 1168 1821 Datutn
1183 1765 1306 1823 Grosseti
1319 1783 1369 1838 per
1380 1784 1490 1823 manum
1519 1771 1655 1842 hymerici
1684 1772 1716 1828 8.
1748 1773 1782 1830 tt.
1802 1773 1835 1829 ll.

180 1853 357 1925 episcopatus
367 1852 394 1906 in
405 1850 529 1919 Corsica,
542 1854 684 1917 llnranen,
694 1850 834 1916 videlicet,
846 1848 982 1905 Nebolen·
1036 1853 1144 1910 dianoni
1158 1854 1307 1910 cardinalis
1322 1863 1349 1911 et
1374 1857 1538 1922 cancellarii,
1566 1874 1612 1915 ιιι
1636 1861 1696 1916 Kal.
1721 1862 1835 1934 Aprilis,

181 1953 252 2004 sem,
264 1943 291 1993 et
302 1937 419 2004 tertium,
433 1937 510 2007 cujus
522 1935 617 1992 sedem
628 1934 819 1992 constituimus
830 1933 982 1990 Ecclesiam
1035 1941 1129 1999 indict,
1146 1959 1171 2008 x,
1190 1943 1388 2000 incarnationis
1402 1946 1554 2003 Dominicae
1567 1964 1638 2005 anno
1662 1950 1742 2019 1133⁸
1768 1966 1835 2023 pon.

180 2036 272 2092 Sancti
286 2035 357 2090 Petri
372 2034 407 2089 de
422 2033 497 2099 licei,
522 2033 567 2103 qui
592 2033 691 2088 habeat
713 2048 793 2088 unam
816 2031 926 2102 plebem
947 2030 981 2086 de
1036 2030 1075 2086 til.
1094 2047 1158 2087 vero
1174 2032 1210 2087 D.
1229 2031 1380 2092 lnnocentii
1395 2035 1447 2090 PP.
1465 2033 1489 2089 ll
1503 2052 1576 2092 anno
1591 2054 1633 2093 tv.

179 2125 300 2191 blerana,
315 2122 437 2178 etaliam
451 2122 486 2177 de
512 2123 610 2188 bieria,
636 2125 720 2193 utque
743 2120 925 2186 vobzensem,
955 2127 982 2175 et
1371 2149 1526 2205 cxxxflp

178 2212 255 2267 illum
269 2220 304 2267 de
318 2212 446 2277 Brunate,
463 2227 545 2282 quem
561 2207 979 2273 modonovumstatuimustibi,
1035 2245 1075 2300 Ad
1091 2246 1414 2317 Huqonemssmundioe
1423 2247 1581 2304 dmm·-
1600 2250 1692 2308 Hom
1707 2255 1741 2308 m
1756 2252 1832 2310 Her·

180 2302 288 2373 tuisque
302 2300 511 2356 successoribus
524 2299 726 2370 metropolitico
735 2297 799 2368 jure
810 2296 978 2367 subjicimus.
1067 2316 1316 2372 pammappasem
1328 2317 1525 2375 pipponem
1537 2324 1654 2377 ineatur
1663 2327 1764 2380 comm
1774 2340 1833 2380 mo.

183 2391 377 2447 Verumtamen
394 2389 580 2460 episcopatum
594 2388 771 2454 tanuensem,
783 2392 811 2443 et
834 2395 860 2441 te
881 2384 979 2442 videli-
1068 2386 1173 2444 nochos
1184 2387 1212 2444 8.
1231 2387 1364 2460 Duceni,
1385 2405 1452 2460 quos
1470 2394 1733 2450 excommunicatos
1752 2411 1831 2451 nun·

178 2484 233 2546 cet,
249 2495 280 2535 ac
294 2487 420 2549 posteros
435 2485 495 2534 tuos
517 2476 553 2532 ab
577 2477 652 2532 omni
676 2475 862 2547 emancipatos
883 2474 978 2545 subje—
1069 2475 1135 2530 tint.

178 2568 270 2625 ctione
284 2569 311 2622 in
326 2583 407 2622 manu
421 2565 534 2638 propria
544 2564 631 2621 libere
646 2564 808 2631 retinemus,
824 2567 978 2619 statuentes
1253 2547 1346 2616 (Αῠΰθ
1363 2548 1443 2614 1¹33.
1460 2548 1523 2605 Mtii
1543 2550 1599 2621 ¹9.)

1208 2632 1258 2706 [D.
1278 2635 1421 2702 linconen,
1437 2637 1511 2705 xlv,
1527 2654 1558 2708 p.
1576 2638 1652 2713 illel

1066 2723 1259 2778 lsrvocssrrus
1274 2723 1430 2796 episeopus,
1448 2741 1545 2782 servus
1560 2742 1705 2784 serrorum
1717 2730 1777 2797 Dei,
1788 2731 1830 2787 di·

1029 2810 1101 2866 lecto
1121 2811 1148 2865 in
1176 2811 1280 2868 Christo
1311 2812 1368 2869 lilio
1396 2814 1506 2869 Hunorn
1535 2815 1635 2871 illustri
1664 2817 1831 2892 burgundie

1028 2899 1102 2968 duci,
1119 2900 1275 2956 salutemet
1289 2901 1469 2972 apostolicam
1486 2903 1717 2962 benedictionem.

1064 2989 1265 3045 Controversiae
1280 3006 1341 3063 quas
1355 2990 1426 3047 inter
1440 2989 1510 3048 lilios
1526 3000 1637 3050 nostros
1662 2996 1827 3054 llerbertum

1028 3075 1224 3133 Divionensem
1238 3078 1365 3134 abbatem
1380 3086 1408 3134 et
1421 3080 1571 3136 monachos
1580 3082 1608 3138 S.
1628 3082 1749 3155 Sequani
1770 3087 1827 3152 iant

1027 3164 1130 3220 dndum
1146 3166 1249 3238 agitate
1264 3175 1315 3231 est,
1339 3166 1431 3223 dilecti
1459 3167 1554 3224 lretris
1581 3171 1668 3226 nostri
1695 3173 1826 3245 Stephani

1027 3252 1218 3310 cisterciensis
1233 3255 1352 3321 abbatis,
1371 3255 1501 3327 sapientis
1529 3257 1665 3329 siqnidem
1693 3262 1754 3330 viri,
1783 3263 1825 3320 cni

1027 3357 1089 3397 eam
1118 3359 1167 3414 per
1187 3343 1320 3413 justitiam
1351 3342 1394 3401 vel
1423 3346 1598 3403 concordiam
1626 3349 1826 3409 terminandam

1027 3430 1224 3497 commisimus,
1255 3441 1344 3487 exstet
1372 3433 1486 3505 provida
1514 3434 1679 3494 discretione
1715 3439 1820 3498 decisa.

1027 3520 1126 3574 Verum
1141 3518 1245 3588 pietati
1259 3522 1387 3577 monaehi
1409 3521 1505 3593 spiritu
1530 3525 1667 3595 superbire
1688 3527 1822 3601 inebriati,

1027 3622 1082 3663 nou
1096 3606 1187 3663 solum
1202 3608 1378 3666 concordiam
1394 3610 1540 3668 abeodem
1556 3611 1640 3670 tratre
1655 3620 1751 3673 nostro
1765 3626 1823 3675 sta·

1027 3703 1112 3752 tutam
1139 3697 1250 3753 minime
1279 3707 1431 3766 servarunt,
1461 3701 1527 3772 quin
1554 3701 1649 3773 potius
1677 3706 1824 3777 quamdam

1028 3784 1120 3840 villam
1134 3786 1259 3842 ecelesiae
1274 3786 1303 3843 S.
1320 3787 1451 3858 Stephani
1467 3789 1661 3860 pervadentes,
1678 3793 1738 3849 vina
1763 3794 1824 3853 tra-

1025 3882 1096 3929 trum
1110 3874 1197 3945 ipsius
1213 3874 1264 3930 loci
1276 3874 1414 3941 ludernnt,
1426 3892 1491 3932 rasa
1502 3877 1606 3934 vinaria
1616 3880 1823 3957 confregerunt,

1025 3969 1054 4018 et
1066 3962 1193 4019 eamdem
1208 3962 1298 4019 villam
1314 3971 1368 4019 tam
1382 3964 1548 4022 animalibus
1562 3982 1644 4041 quarn
1659 3971 1741 4028 rebus
1764 3975 1825 4032 aliis

1025 4051 1201 4124 spoliarunt3
1217 4052 1290 4124 quod
1314 4053 1446 4111 nimirum
1470 4062 1545 4112 tanto
1568 4058 1681 4130 gravius
1702 4059 1823 4138 ierimus,

1025 4148 1128 4212 quanto
1143 4141 1203 4197 haee
1218 4140 1279 4212 ipse
1293 4151 1339 4198 tuo
1354 4141 1447 4199 levore
1460 4151 1616 4216 perpetrata
1637 4162 1699 4205 esse
1717 4153 1824 4224 accepi·

175 4285 350 4350 eommonita,
367 4282 390 4337 si
405 4296 461 4337 non
482 4278 670 4335 satisfactione
693 4291 817 4350 congrua
841 4278 971 4334 emenda·
1024 4227 1825 4386 ῗιὲῑωᾚῖἰὶξιζῖἓιέἑίᾚξὲῗΐὲἳὲζὲὲἑῗζὲοῗξὲῖῗι

176 4376 257 4441 verit,
280 4369 421 4445 potestatis
448 4367 615 4440 honorisque
645 4365 686 4420 sui
713 4365 846 4437 dignitate
870 4374 970 4430 careat,
987 4381 1189 4476 Djmdudum
1217 4407 1350 4478 prolatam
1373 4410 1682 4469 excommunicationem
1706 4415 1753 4472 inu

177 4477 309 4532 reamque
324 4475 354 4514 se
375 4457 467 4511 divino
489 4455 593 4526 judicio
612 4455 730 4553 existere
753 4454 788 4510 dc
816 4464 975 4527 perpetrata
1027 4510 1089 4550 mus
1115 4495 1313 4568 &omnesqui
1340 4512 1421 4568 opem
1448 4505 1477 4553 et
1503 4498 1645 4556 consilium
1674 4503 1702 4558 in
1726 4433 1826 4563 eopinta.

177 4549 319 4621 iniquitate
333 4550 494 4618 cognoscat,
512 4551 567 4598 eta
590 4551 777 4598 sacratissimo
801 4557 918 4615 corpore
941 4559 974 4601 ac
1027 4537 1161 4640 male'ficio
1175 4585 1352 4654 praebuemm
1377 4585 1630 4658 donecsupmdim
1653 4590 1754 4650 damna
1776 4523 1824 4653 ξὲὓ

177 4647 312 4719 sanguine
326 4643 375 4699 Dei
391 4650 418 4697 et
440 4639 547 4695 Domini
576 4638 766 4710 Redemptoris
795 4640 881 4696 nostri
908 4641 974 4696 lesu
1027 4672 1180 4739 mmmm,
1210 4673 1267 4743 pari
1295 4626 1437 4730 senl'emiae
1462 4675 1608 4746 subjacere
1633 4682 1806 4754 pmipimus

177 4736 278 4797 Christi
292 4733 380 4789 aliena
395 4731 452 4799 liat,
466 4736 549 4801 atque
563 4728 590 4783 in
605 4736 729 4827 extremo
744 4728 869 4784 examine
880 4729 973 4784 distri·
1026 4759 1166 4816 Nobilitau
1180 4775 1246 4833 ergo
1263 4770 1316 4816 mae
1329 4761 1605 4834 mandamusmjam
1628 4767 1729 4825 dietam
1754 4787 1824 4828 oon·

176 4836 227 4886 ctre
241 4822 335 4882 ultioni
350 4821 499 4890 subjaceat.
534 4817 643 4873 Cunctis
673 4826 764 4873 autem
792 4816 852 4873 haec
880 4825 974 4872 nostra

177 4923 276 4974 statuta
304 4909 477 4968 servantibus
506 4905 542 4961 sit
569 4921 623 4977 pax
654 4905 764 4961 Domini
799 4904 884 4960 nostri

177 5003 289 5071 Christi,
305 5009 437 5072 qnatenus
452 5005 479 5052 et
494 4995 538 5050 hie
554 4994 671 5050 fructum
689 4994 767 5050 bonae
781 4993 897 5049 actionis
908 5009 972 5065 per·

176 5093 285 5164 cipiunt,
302 5084 331 5143 et'
343 5086 413 5157 apud
428 5084 580 5140 districtum
594 5082 716 5139 iudicem
731 5082 845 5154 prtemia
865 5090 973 5138 aeternae

176 5179 252 5255 punis
266 5175 416 5232 inveniant.
433 5176 536 5228 Amen.

179 2677 208 2723 nt
221 2667 367 2722 Jnnuensis
380 2664 603 2736 archiepiscopus
619 2679 652 2720 eo
666 2662 772 2729 ordine,
789 2678 842 2735 quo
857 2671 884 2719 et
899 2662 977 2718 Pisa·

177 2771 256 2811 nusa
271 2757 329 2811 solo
346 2755 468 2811 boniaco
482 2751 612 2825 pontilice
626 2761 815 2808 consecretur.
844 2750 926 2820 Quod
953 2751 976 2806 si

178 2843 247 2899 lorte
271 2844 385 2898 Pisanus
414 2842 639 2913 archiepiscopus
668 2857 683 2895 a
712 2840 768 2897 suis
794 2839 976 2912 sullraganeis

178 2931 260 2988 luerit
273 2939 463 2998 consecratus,
480 2929 628 2985 lannansis
639 2945 748 3002 quoqne
762 2944 779 2984 ιι
793 2930 852 2984 suis
874 2929 974 2984 nihilo·

175 3021 266 3076 minus
281 3020 405 3075 similiter
420 3027 611 3076 consecretur.
631 3018 736 3073 Deinde
753 3033 821 3072 vero
835 3016 909 3071 inira
919 3017 972 3072 Ec·
989 3023 1014 3087 C

174 3111 287 3168 clesiam
303 3109 461 3180 praelerens,
477 3108 605 3164 videlieet
628 3107 726 3163 diebus
747 3107 832 3162 Coena
854 3107 971 3173 Domini,

174 3210 201 3258 et
215 3201 331 3265 Pascha,
351 3197 517 3255 ascensione
534 3195 655 3263 Domini,
673 3197 844 3261 Pentecoste,
855 3195 881 3250 in
899 3194 974 3250 lesti-

173 3296 456 3369 vitateapostolorum
486 3295 559 3351 Petri
587 3301 614 3349 et
644 3292 730 3357 Pauli,
758 3293 790 3349 S.
824 3291 972 3359 Laurentii,

172 3389 259 3444 tribus
274 3385 466 3442 festivitatibus
485 3385 514 3439 S.
532 3383 636 3449 llariae,
652 3382 743 3437 Natali
758 3381 877 3446 Domini,
904 3382 973 3452 Epi-

172 3476 283 3549 phania,
300 3482 327 3531 ct
337 3474 364 3528 in
375 3474 418 3529 die
427 3471 608 3527 anniversarii
627 3469 843 3526 consecrationis
862 3477 928 3535 tuae,
945 3470 973 3524 in

172 3563 427 3623 consecrationibus
442 3577 549 3632 quoqne
563 3559 766 3631 episcoporum,
788 3556 972 3625 basilicarum,

170 3664 197 3712 et
210 3651 426 3709 ordinationibus
440 3649 614 3706 clericorum.
632 3647 780 3703 hhhatiam
809 3662 916 3719 quoque
940 3647 974 3704 de

171 3744 243 3815 Tyro
269 3741 303 3796 al
329 3738 558 3805 meliorationem,
589 3735 665 3792 salva
707 3744 809 3793 sanctae
843 3736 974 3794 llomanae

172 3830 307 3889 Ecclesiae
322 3827 487 3900 proprietate
500 3841 533 3883 ae
547 3841 695 3892 consensu,
722 3824 782 3893 tibi,
804 3825 973 3882 venerabilis

175 3920 261 3978 frater
272 3916 479 3989 archiepiscope
508 3916 589 3989 Syre,
621 3914 833 3973 committimus.
867 3914 896 3971 Si
921 3931 973 3988 qua

175 4019 259 4094 igitur
273 4018 300 4073 in
314 4016 436 4072 laturum
451 4011 643 4070 ecclesiastiea
653 4011 830 4068 secularisve
844 4028 971 4084 persona,

175 4111 244 4166 hanc
259 4112 358 4164 nostrae
372 4102 575 4162 constitutionis
600 4102 728 4175 paginam
752 4101 855 4170 sciens,
879 4108 974 4158 contra

175 4215 235 4257 earn
263 4205 364 4252 temere
391 4191 486 4250 venire
513 4189 669 4258 tentaverit,
699 4188 822 4244 seeundo
852 4189 972 4247 tertiove

1026 4848 1145 4903 cordiam
1161 4864 1222 4921 quae
1237 4864 1286 4918 per
1295 4855 1351 4903 tam
1365 4849 1515 4920 sapientem
1525 4850 1612 4908 virum
1623 4863 1651 4910 at
1659 4854 1825 4916 industrium

909 4905 973 4960 Jesu
1027 4934 1097 4991 lacta
1112 4944 1164 5003 est,
1181 4937 1269 4993 lacios
1282 4937 1438 5004 observari,
1462 4947 1544 4997 etue
1566 4943 1714 5012 predictus
1737 4949 1826 5007 abbas

1026 5032 1139 5095 propter
1150 5025 1202 5082 hoe
1212 5025 1324 5082 ulterius
1334 5025 1506 5096 molestetur,
1523 5031 1636 5089 studeas
1650 5035 1799 5105 providere
1816 5052 1824 5110 ;

1026 5111 1149 5185 alioquin
1163 5113 1314 5170 timendum
1330 5125 1375 5171 est
1391 5130 1426 5171 ne
1450 5117 1497 5171 tihi
1519 5117 1674 5190 imputetur,
1699 5124 1733 5190 si,
1759 5141 1825 5183 cnm

1026 5201 1117 5273 possis
1132 5201 1231 5256 malum
1260 5202 1416 5273 prohibere,
1443 5219 1498 5260 non
1522 5207 1662 5278 prohibes.
1690 5211 1826 5273 Dilectam

211 5292 269 5363 Ego
285 5284 458 5344 Innocentius
473 5284 619 5340 Catholicae
634 5282 766 5341 Ecclesiae
779 5283 934 5356 episcopus.
1025 5287 1110 5344 tiliam
1124 5297 1249 5346 nostram
1263 5290 1402 5346 ducissam
1416 5309 1529 5351 uxorem
1546 5303 1630 5366 tuam,
1656 5298 1684 5355 in
1707 5301 1826 5363 Domino

210 5381 271 5453 ligo
286 5374 449 5433 Guillelmus
466 5373 654 5428 Praenestinus
669 5372 758 5445 episc.
1024 5377 1175 5433 salutamus
1189 5392 1222 5434 tte
1232 5376 1433 5439 benedicimus.

211 5470 272 5543 Ego
284 5467 404 5522 loannes
419 5460 554 5520 Ostiensis
570 5461 727 5535 episcopus.
1061 5466 1130 5524 Data
1143 5465 1278 5539 Laterani,
1294 5484 1340 5526 atr
1356 5468 1422 5528 Kal.
1438 5471 1511 5528 lunii
1525 5474 1602 5547 (32.)

210 5575 270 5648 (tlt)
283 5576 360 5632 Anno
374 5577 452 5643 lits,
470 5588 524 5645 qno
542 5573 716 5632 lnnncentins
730 5589 747 5632 a
761 5575 892 5635 Damonis
908 5578 936 5636 in
950 5579 1126 5642 latercnensi
1140 5586 1244 5661 palatio
1259 5600 1387 5666 receptus
1399 5593 1459 5651 luit.
