3772 6006
183 235 234 307 ias

816 253 1021 309 tttttocttttttt
1041 255 1064 308 ll
1084 253 1179 309 Parin

1784 254 1836 309 436

186 392 352 448 quacunque
378 378 464 435 eidem
481 379 541 437 loco
563 397 579 436 1
595 383 676 438 fratre
691 389 783 437 nostro
807 380 981 436 Werinhario
995 380 1022 443 Α
1037 379 1215 451 omnibusque
1230 380 1434 436 successoribus
1453 380 1508 435 suis
1521 379 1649 437 canonice
1664 381 1835 448 intrantibus,

185 466 284 521 comite
295 466 327 521 de
339 468 518 542 llabckspurg
528 472 613 543 (118),
623 487 769 540 eommque
779 467 986 540 consanguineis

186 554 284 610 collata
299 564 370 621 sunt,
399 558 444 627 qui
462 558 589 614 nimirum
616 560 687 614 idern
711 558 865 615 coenobium
885 558 917 612 de
933 557 987 611 suis

187 642 271 698 rebus
301 645 426 701 fundasse
450 656 606 716 noscuntur,
636 658 716 719 atque
743 648 853 703 omnino
880 645 987 701 vinculo

189 822 250 883 boc,
290 822 360 890 quod
385 823 436 894 ipsi
465 841 527 879 cum
555 841 655 897 magna
678 824 820 881 devotione
857 827 985 890 lecerunt,

189 908 338 981 infringere
354 911 442 978 vellet,
465 911 652 968 firmaverunt.
685 913 776 968 Liceat
789 913 898 982 insuper
911 912 988 967 vobis

191 998 224 1052 ad
254 999 394 1054 utilitatem
426 1009 452 1056 et
476 1003 614 1059 servitium
642 1003 722 1060 vestri
751 1002 802 1056 loci
828 1002 987 1056 advocatum

192 1098 363 1167 constituere,
389 1108 416 1154 et
429 1101 518 1155 nullus
536 1100 573 1156 ibi
597 1101 687 1172 aliquo
703 1109 822 1172 ternpore
850 1107 987 1167 statuatur,

190 1187 240 1241 nisi
256 1204 335 1257 quem
352 1205 400 1244 vos
414 1190 551 1244 communi
576 1192 685 1246 frauum
701 1197 849 1246 vestrorum
878 1189 989 1245 consilio

192 1275 294 1348 eligere
309 1277 490 1333 decreveritis.
516 1278 639 1335 Obeunte
654 1296 718 1335 vcro
734 1287 768 1345 te,
783 1295 854 1334 nunc
868 1278 989 1348 ejusdem

193 1363 242 1418 loci
286 1365 392 1433 abbate,
432 1367 475 1421 vel
514 1376 618 1423 tuorum
645 1368 766 1439 quolibet
796 1383 988 1433 successorum,

192 1452 281 1506 nullus
307 1453 374 1508 inibi
390 1454 510 1524 qualibet
534 1456 714 1527 subreptionis
740 1455 835 1510 astutia
862 1471 908 1510 seu
927 1456 989 1510 vio·

192 1541 274 1596 tentia
301 1552 483 1613 preponatur,
518 1545 567 1599 nisi
605 1561 685 1615 quem
722 1544 818 1599 fratres
853 1543 989 1598 communi

191 1646 333 1699 consensu,
373 1641 416 1687 aut
444 1650 506 1704 pais
544 1633 648 1688 consilii
680 1633 802 1697 sanioris,
841 1633 987 1687 secundum

1040 468 1068 522 in
1083 481 1251 541 perpetuum.

1077 566 1116 620 nd
1146 569 1195 622 hoc
1223 568 1250 621 in
1285 567 1348 622 sede
1376 567 1508 637 requitatis
1543 576 1570 623 et
1595 568 1705 638 justitie
1732 585 1834 635 sumus,

1041 655 1199 725 disponente
1216 655 1342 722 Domino,
1368 656 1502 712 constituti
1524 665 1554 711 ut
1581 657 1760 712 Ecclesiamm
1790 674 1836 712 sa-

1042 743 1103 797 lutis
1131 752 1157 798 et
1184 744 1378 815 tranquillitati,
1417 746 1563 801 auxiliante
1589 746 1657 810 Deo,
1695 745 1838 801 salubriter

1041 833 1240 903 provideamus,
1258 840 1284 888 et
1311 851 1344 888 uc
1370 849 1514 903 pravorum
1543 834 1682 889 hominum
1711 835 1835 890 vexatio·

1041 921 1120 975 nibus
1135 922 1289 994 fatigentur,
1318 932 1429 992 paterna
1444 923 1623 978 sollicitudine
1635 938 1746 993 operam
1772 922 1835 978 darc

1041 1025 1176 1065 curemus.
1196 1012 1354 1082 bapropter,
1392 1011 1489 1066 dilecte
1517 1011 1544 1065 in
1571 1011 1688 1066 Domino
1711 1009 1758 1080 fili,
1787 1012 1837 1066 tuis

1038 1098 1117 1168 justis
1143 1099 1366 1168 postulationibus
1391 1099 1538 1155 clementer
1559 1100 1710 1168 annuimus,
1738 1108 1764 1154 et
1792 1117 1839 1155 ec-

1042 1187 1152 1242 clesiam
1180 1196 1251 1242 tuam
1275 1188 1327 1257 cui,
1366 1188 1422 1243 Deo
1454 1189 1570 1256 volente,
1600 1189 1737 1260 praesides,
1775 1206 1835 1245 curn

1042 1275 1167 1330 omnibus
1189 1276 1223 1330 ud
1241 1292 1301 1330 cam
1331 1275 1526 1347 pertinentibus
1553 1276 1603 1332 sub
1620 1276 1690 1332 beati
1713 1278 1782 1332 Petri
1811 1287 1836 1332 et

1043 1372 1132 1419 nostra
1156 1365 1319 1434 protectione
1340 1365 1510 1437 suscipimus,
1539 1375 1565 1421 et
1580 1366 1718 1437 praesentis
1745 1367 1836 1436 scripti

1043 1453 1186 1524 privilegio
1201 1453 1346 1519 munimus,
1365 1461 1509 1509 statuentes
1523 1462 1553 1509 ut
1579 1471 1750 1525 quascunque
1778 1471 1838 1523 pos·

1042 1542 1184 1607 sessiones,
1206 1558 1371 1612 quaecunque
1397 1542 1469 1598 bona
1484 1543 1578 1598 cadem
1607 1544 1720 1599 ecclesia
1740 1544 1837 1615 inprac-

1042 1631 1186 1686 sentiarum
1197 1631 1267 1698 juste
1281 1638 1306 1685 et
1315 1631 1446 1687 canonice
1459 1632 1587 1700 possidet,
1618 1633 1704 1687 autin
1718 1632 1835 1688 futurum

190 1729 236 1783 bei
254 1730 388 1795 timorem,
409 1739 435 1784 et
452 1731 525 1787 beati
544 1732 679 1787 Benedicti
699 1732 829 1804 Regulam
858 1719 1393 1802 provide·B00¹¹⁰effii⁰sslb⁰¹¹llfi⁰¹¹ffl2
1424 1720 1733 1793 ῙῦΓὲῘῑῙθῦθΓθὲυΠΠθῙ
1762 1721 1838 1792 ΡΠἯ·

188 1817 242 1896 rint
269 1819 437 1891 eligendum.
465 1821 640 1877 Decrevimus
662 1837 728 1893 ergo
747 1828 776 1875 ut
794 1820 858 1874 nulli
876 1821 987 1875 omnino

190 1907 329 1961 hominum
351 1907 429 1964 liccat
443 1910 585 1980 praefatum
612 1908 765 1965 coenobium
795 1912 897 1963 temere
923 1924 985 1979 pcr-

187 1995 304 2063 turbare,
334 2003 380 2051 aut
393 1997 452 2066 ejus
480 1998 663 2069 possessiones
690 1997 795 2052 auferre
814 1997 856 2052 vel
884 1997 987 2052 ablatas

188 2084 313 2151 retinere,
330 2086 460 2153 minuere,
491 2094 535 2141 aut
559 2085 693 2156 aliquibus
716 2086 906 2141 v'crtutionibus
921 2087 984 2141 iati-

189 2188 264 2243 gare,
281 2172 328 2226 sed
343 2174 434 2229 omnia
461 2175 566 2247 integra
593 2182 783 2230 conserventur
806 2191 909 2241 eorum,
936 2191 985 2244 pro

188 2277 301 2330 quomm
334 2263 526 2319 sustentatione
565 2271 590 2319 et
627 2264 822 2336 gubernatione
859 2280 987 2319 concessa

189 2357 259 2415 sunt,
283 2350 373 2404 usibus
387 2352 551 2407 omnimodis
579 2353 731 2422 profutura.
751 2352 778 2408 Si
794 2353 853 2422 quis
867 2368 932 2424 crgo
958 2353 984 2406 in

188 2447 305 2502 futumm
321 2449 547 2519 areltiepiscopuS,
564 2451 716 2522 episcopus,
744 2451 898 2521 imperator,
926 2466 983 2517 rex,

187 2536 254 2604 ilux,
271 2538 403 2607 marchio,
432 2555 479 2592 seu
508 2539 636 2608 quaelibet
663 2539 842 2594 ecclesiastic-a
869 2541 985 2594 sacula-

186 2625 257 2680 risve
272 2641 397 2694 persona,
419 2628 489 2681 hanc
515 2634 612 2682 nostrae
635 2625 830 2682 constitutionis
858 2627 985 2700 paginam

184 2713 280 2779 sciens,
297 2721 392 2769 contra
407 2731 466 2770 eam
482 2723 582 2771 temere
593 2716 686 2770 venire
699 2716 850 2782 tentaverit,
866 2717 984 2772 seeundo

187 2788 298 2857 tertiove
326 2803 501 2873 commonita,
529 2804 551 2858 si
579 2820 632 2859 non
668 2819 788 2875 congrue
816 2804 983 2874 satisfecerit,

186 2891 322 2963 potestatis
336 2891 499 2962 honorisque
527 2892 567 2946 sui
583 2892 713 2964 dignitate
727 2900 826 2959 careat,
855 2908 982 2964 reamque

183 2997 211 3036 se
242 2979 448 3050 divinojudicio
476 2980 590 3037 existere
604 2981 637 3035 de
665 2988 818 3052 perpetrata
845 2982 983 3052 iniquitate

1040 1816 1141 1886 cipum,
1171 1816 1308 1871 oblatione
1333 1816 1461 1883 fidelium,
1490 1835 1537 1872 seu
1549 1819 1609 1872 aliis
1632 1818 1712 1888 justis
1739 1818 1837 1886 modis,

1040 1913 1182 1975 praestante
1197 1905 1324 1974 Domino,
1340 1906 1439 1976 poterit
1462 1906 1583 1976 adipisci,
1614 1906 1692 1962 lirina
1707 1907 1753 1962 tibi
1768 1909 1837 1962 tuis-

1040 2011 1091 2064 que
1105 1994 1302 2049 successoribus
1326 2001 1353 2048 et
1366 1994 1468 2050 illibata
1482 2004 1667 2066 pennaneant,
1698 1997 1723 2050 iu
1739 1997 1837 2066 quibus

1039 2085 1097 2138 haec
1111 2082 1227 2154 propriis
1239 2082 1365 2137 duximus
1379 2084 1555 2155 exprimenda
1570 2086 1707 2141 vocabulis
1723 2105 1728 2139 :
1746 2085 1834 2140 locum

1039 2171 1137 2242 ipsum,
1157 2171 1185 2225 in
1204 2187 1259 2240 quo
1274 2171 1386 2243 praefata
1401 2173 1512 2228 ecclesia
1526 2181 1677 2229 constructa
1691 2181 1740 2239 est,
1771 2190 1832 2228 cum

1039 2260 1164 2314 omnibus
1183 2260 1349 2330 pertinentiis
1370 2261 1435 2329 suis,
1452 2270 1575 2331 quartum
1591 2278 1697 2332 quoque
1711 2262 1834 2318 decima-

1038 2365 1097 2402 rum
1125 2349 1152 2402 in
1167 2349 1310 2403 basileensi
1332 2349 1497 2421 episcopatu,
1522 2358 1548 2407 et
1562 2351 1732 2406 incomitata
1755 2351 1837 2405 Brisi-

1038 2437 1135 2508 gariae,
1164 2444 1274 2493 cunctas
1287 2437 1444 2493 venationes
1466 2447 1492 2494 et
1506 2439 1610 2511 argenti
1632 2439 1749 2506 fodinas,
1777 2440 1837 2495 sive

1037 2525 1230 2595 sintinventae,
1259 2526 1316 2581 sive
1330 2527 1508 2595 inveniuntur,
1537 2528 1729 2584 claustrumde
1759 2529 1837 2585 8111-

1037 2612 1105 2686 berg
1131 2631 1191 2668 cum
1221 2615 1348 2670 omnibus
1384 2616 1552 2687 pertinentiis
1578 2617 1642 2685 suis,
1681 2618 1775 2673 cudim
1804 2619 1839 2673 dc

1036 2690 1180 2774 ffcltingen
1208 2720 1269 2758 curn
1298 2705 1420 2771 eeclesia,
1442 2706 1535 2761 curtim
1558 2707 1593 2762 de
1615 2708 1734 2778 Hysteim
1754 2707 1840 2762 Win-

1036 2804 1095 2864 stat,
1112 2798 1207 2853 curtim
1232 2799 1265 2855 de
1280 2801 1425 2856 Cbileoven
1454 2817 1516 2855 cum
1538 2802 1651 2858 ecclesia
1680 2811 1706 2857 ct
1728 2801 1839 2858 filiabus

1035 2887 1102 2952 suis,
1130 2888 1233 2943 scilicet
1260 2888 1381 2945 Stouilen
1409 2906 1470 2944 curn
1504 2897 1557 2946 tota
1584 2891 1774 2960 decimatione,
1813 2900 1840 2947 et

1037 2977 1230 3049 iimperiugen,
1260 2977 1469 3044 ctOEristettcn,
1500 2987 1526 3034 11
1541 2978 1760 3053 Offmeuuingcn,
1791 2999 1839 3036 ec-

183 3076 339 3141 cognoscat,
377 3078 456 3139 utque
485 3069 511 3124 in
555 3078 677 3126 extrema
704 3069 829 3124 exuniine
858 3070 1022 3147 ‹listrietaess
1042 3065 1137 3120 ctesias
1151 3065 1184 3119 de
1199 3066 1356 3138 hlerdingcn
1370 3084 1430 3123 cum
1446 3066 1500 3124 filia
1514 3086 1570 3132 sua,
1587 3071 1681 3124 curtim
1693 3069 1840 3144 Opliugcu,

184 3158 278 3213 ultioni
306 3157 455 3228 subjaccat.
494 3158 602 3214 Cunctis
629 3166 719 3214 autem
744 3158 831 3214 eidem
858 3159 916 3214 loeo
937 3179 985 3215 sua

182 3248 244 3319 jura
258 3247 425 3302 servantibus
444 3247 478 3301 sit
497 3262 553 3318 pax
568 3247 675 3303 Domini
706 3249 789 3302 nostri
804 3249 867 3303 Jcsu
890 3250 985 3304 Christi

186 3344 317 3406 quatenus
354 3336 468 3390 fructum
506 3336 587 3390 bonae
624 3336 737 3391 actionis
774 3337 922 3407 percipant,
961 3346 987 3392 et

188 3423 260 3495 apud
275 3424 422 3479 districtum
448 3422 567 3493 judicem
596 3425 707 3493 praemia
733 3431 839 3479 aeternae
854 3427 928 3494 pacis
943 3426 985 3480 in·

190 3512 306 3567 veniunt.

224 3607 285 3680 Ego
299 3608 470 3662 Innocentius
485 3608 630 3664 Catholicae
643 3608 770 3664 Ecclesia
784 3609 937 3681 episcopus.

227 3706 285 3777 Ego
313 3707 397 3761 Lucas
410 3704 549 3777 presbyter
572 3704 715 3761 cardinalis
741 3707 808 3761 tituli
830 3709 986 3762 Sanctorum

190 3793 302 3848 ioannis
316 3800 342 3848 et
355 3793 429 3849 Pauli
444 3794 523 3849 subs.

226 3894 284 3966 Ego
313 3893 480 3966 Grisogonus
494 3894 636 3964 presbyter
653 3894 797 3950 cardinalis
818 3893 861 3947 tit.
885 3895 990 3952 Sanctae

193 3983 322 4039 Praxedis
334 3982 408 4037 subs.

228 4082 325 4137 batum
340 4080 463 4135 Laterani
479 4095 529 4151 per
543 4097 653 4135 manum
675 4081 800 4137 dlmctici
814 4091 915 4138 sauctae
934 4083 990 4138 llo-

194 4187 282 4226 manae
311 4168 437 4225 Ecclesia
452 4168 558 4224 diaconi
575 4169 649 4224 card.
678 4177 702 4225 et
718 4172 881 4237 cancellarii,
902 4171 993 4226 idibus

194 4259 300 4331 Aprilis,
317 4257 462 4312 indictione
491 4272 520 4322 tt,
541 4257 734 4314 incarnationis
757 4259 907 4314 Dourinicce
922 4276 993 4315 anno

195 4350 276 4413 1119,
292 4343 464 4415 pontificatus
491 4344 664 4400 verodomni
692 4344 841 4402 iunocentii
865 4350 889 4403 tl
914 4365 993 4419 papa

194 4450 308 4491 annox.

507 4530 684 4587 CCCLXXX.

198 4632 329 4689 Ecclesia
340 4631 508 4687 basileensis
537 4631 720 4687 refectionem
735 4634 854 4703 suscipit
869 4634 993 4703 donetque

232 4720 265 4759 uc
279 4701 429 4774 priuilegio
449 4647 611 4770 condimur,
637 4707 752 4775 petente
767 4702 908 4760 Ortbliebo
931 4704 993 4773 cpi-

232 4790 322 4847 acopo.

417 4890 505 4961 (duno
522 4892 601 4956 libb,
621 4888 706 4959 April.
723 4889 779 4959 11.)

195 5012 370 5084 1111111111,
387 5006 436 5062 ubi
450 5021 547 5079 supro,
563 5021 590 5076 p.
608 5007 669 5069 1111,
686 5020 720 5061 ex
734 5019 784 5058 ms.
800 5004 893 5059 codice
907 5005 994 5077 diplo-

310 5088 409 5142 matico
424 5085 582 5140 basileensis
597 5085 726 5150 ccclesiae,
742 5101 805 5156 pag.
823 5086 879 5154 ot]

231 5205 420 5260 1111111111
450 5201 598 5272 episcopus
630 5216 723 5256 servus
760 5216 898 5256 servomm
931 5192 991 5268 Dei,

195 5293 293 5349 dilecto
323 5291 378 5346 lilio
394 5290 557 5345 0111111111
577 5289 652 5359 (tto)
682 5289 826 5345 basileensi
854 5289 991 5360 episeopo,

229 5416 304 5476 11181
338 5412 529 5470 Wariahorius
544 5428 635 5467 comes
650 5412 685 5467 de
699 5413 877 5487 liabeltspurg
897 5416 941 5484 qui
956 5416 992 5472 ab

194 5487 351 5543 Innocentio
378 5486 401 5539 ll
431 5499 501 5554 papa
527 5485 621 5553 frater
635 5489 732 5541 noster
746 5485 908 5554 nominatur,
929 5488 991 5558 cpi-

194 5576 239 5616 sco
260 5574 291 5613 us
304 5555 613 5629 eratdrgcntoratcnsis.

228 5575 303 5699 iffa)
319 5626 494 5686 Orlhficbum
517 5626 675 5698 episcopum
690 5627 869 5686 basileensem
885 5629 928 5686 hic
943 5645 990 5686 no·

1040 3154 1135 3208 curtim
1151 3155 1290 3210 Untldlche
1306 3172 1366 3210 cum
1389 3158 1504 3213 ecc-lesia
1530 3165 1557 3212 et
1570 3156 1676 3213 filiabus
1690 3160 1755 3225 suis,
1784 3161 1840 3215 sci-

1040 3242 1102 3297 licet
1114 3243 1295 3309 Gottenhcim,
1317 3251 1343 3298 et
1362 3244 1421 3299 aliis
1435 3245 1546 3315 capellis
1575 3247 1610 3301 ad
1623 3263 1683 3301 eam
1699 3249 1840 3318 pcrtinen-

1041 3331 1120 3398 tibus,
1136 3333 1275 3387 ccclesium
1292 3333 1325 3388 de
1339 3333 1459 3401 belreim,
1485 3335 1624 3389 ecclesiam
1639 3336 1672 3389 de
1695 3337 1839 3410 zeringen,

1040 3420 1136 3474 curtim
1151 3421 1284 3477 bichinsol
1300 3438 1360 3477 curn
1376 3423 1528 3494 ecclesiam,
1548 3422 1642 3480 attilia
1657 3441 1715 3493 sua,
1744 3427 1839 3481 curtim

1041 3509 1074 3564 de
1090 3509 1288 3583 bichocvingen
1307 3528 1368 3566 cum
1392 3512 1505 3567 ecclesia
1533 3522 1559 3567 et
1581 3511 1636 3567 lilia
1650 3530 1697 3568 sua
1725 3515 1840 3587 bergen,

1042 3605 1069 3651 et
1082 3599 1185 3652 caeteris
1208 3599 1262 3654 suis
1276 3599 1452 3670 appendiciis,
1483 3601 1624 3656 ecelesiam
1640 3602 1766 3659 Brisacbo
1780 3621 1841 3659 cum

1042 3686 1154 3741 eeclesia
1173 3695 1199 3742 ot
1217 3687 1271 3743 lilia
1298 3690 1403 3757 llostat,
1434 3697 1459 3744 et
1475 3691 1571 3745 curtim
1596 3707 1676 3746 unam
1706 3692 1841 3749 incedam

1044 3775 1118 3842 villa,
1134 3782 1248 3830 castrum
1263 3776 1296 3832 de
1311 3778 1450 3851 Usenberg
1465 3795 1525 3834 cum
1543 3787 1597 3835 tota
1612 3779 1709 3850 dugia,
1726 3788 1752 3836 ct
1767 3798 1842 3837 mon-

1045 3870 1097 3917 tem
1126 3864 1291 3936 Eggeliardi,
1325 3866 1436 3922 eeclesia
1458 3869 1491 3921 de
1502 3868 1631 3924 dchheim
1646 3885 1706 3923 cum
1720 3870 1845 3925 omnibus

1044 3952 1099 4005 suis
1113 3953 1291 4023 pertinentiis.
1316 3954 1491 4010 Decernimus
1518 3972 1583 4029 ergo
1604 3964 1632 4011 ut
1645 3956 1711 4011 nulli
1731 3958 1843 4015 omnino

1046 4042 1185 4096 homiuum
1213 4043 1254 4096 fas
1272 4043 1306 4098 sit
1325 4053 1348 4099 te
1369 4045 1411 4099 val
1431 4045 1571 4101 ecclesiam
1594 4053 1665 4101 tuum
1694 4049 1843 4116 superbae

1047 4138 1136 4185 nostra
1165 4131 1353 4187 constitutione
1383 4142 1482 4188 temere
1509 4135 1675 4205 perturbare,
1714 4145 1760 4191 aut
1787 4135 1845 4206 ejus

1047 4220 1231 4290 possessiones
1246 4220 1361 4287 auferre,
1380 4222 1421 4277 vel
1437 4223 1541 4279 ablatas
1555 4223 1681 4291 retinere,
1712 4226 1844 4293 minuere,

1049 4307 1089 4362 vel
1104 4308 1229 4364 indebitis
1253 4310 1442 4366 venationibus
1465 4311 1579 4383 fatigare
1597 4327 1603 4380 ;
1620 4314 1666 4368 sed
1681 4316 1774 4369 omnia
1802 4315 1845 4369 in·

1007 4406 1124 4493 Dtegre
1148 4405 1295 4465 seruentur,
1326 4399 1377 4454 tuis
1404 4400 1495 4456 usibus
1518 4401 1681 4458 oumimodis
1695 4402 1846 4474 protutura.

1048 4487 1123 4541 salva
1138 4486 1208 4541 sedis
1232 4489 1387 4558 apostolicae
1416 4491 1572 4545 auctoritate
1594 4499 1620 4543 et
1647 4492 1848 4562 metropolitani

1049 4574 1084 4628 tui
1114 4576 1242 4631 canoniea
1259 4577 1374 4647 justitia.
1407 4579 1434 4634 Si
1455 4580 1514 4649 quis
1534 4579 1616 4650 igitur
1642 4579 1669 4633 in
1698 4589 1846 4651 posterum,

1048 4662 1128 4732 hujus
1161 4665 1242 4719 nostri
1262 4666 1360 4722 decreti
1391 4675 1510 4722 tenorem
1538 4668 1634 4734 sciens,
1663 4677 1756 4724 eontra
1784 4687 1846 4725 cum

1050 4761 1148 4809 temere
1164 4754 1253 4809 uenire
1273 4756 1423 4822 tentaverit,
1444 4757 1561 4812 11111111
1588 4758 1697 4812 tertiove
1725 4774 1847 4815 currimu-

1048 4841 1127 4907 nitus,
1149 4842 1198 4897 nisi
1213 4852 1315 4898 reatum
1329 4861 1407 4899 suurn
1423 4861 1544 4916 congrua
1572 4846 1762 4901 emendatione
1787 4864 1844 4903 cor·

1048 4933 1156 5000 rexerit,
1184 4933 1397 5004 indignationem
1426 4933 1485 5001 het,
1516 4941 1540 4989 et
1555 4934 1695 4989 beatomm
1710 4936 1848 5006 apostolo-

1047 5021 1180 5089 rumejus
1207 5022 1275 5075 Petri
1295 5031 1322 5075 et
1349 5022 1422 5077 Pauli
1450 5022 1575 5090 incurrat,
1605 5032 1632 5078 ot
1654 5027 1847 5080 1111111111-

1047 5109 1145 5166 cationi
1175 5110 1322 5181 subjaceat.
1361 5112 1469 5167 Cunctis
1492 5120 1579 5168 autem
1610 5112 1698 5167 eidem
1726 5113 1848 5170 ecclesie

1044 5198 1105 5270 jura
1129 5215 1178 5254 sua
1206 5199 1375 5255 servantibus
1396 5201 1428 5254 sit
1457 5217 1511 5271 pax
1540 5201 1650 5257 Domini
1674 5202 1757 5256 nostri
1785 5204 1848 5258 iesu

1046 5288 1154 5357 Christi,
1193 5296 1325 5358 quatenus
1359 5291 1454 5344 ethic
1483 5290 1597 5345 fructum
1627 5290 1706 5346 bonae
1734 5291 1849 5346 actionis

1045 5413 1186 5478 minutum,
1206 5430 1240 5467 ex
1264 5422 1345 5484 gente
1365 5414 1528 5486 Froburgica
1558 5422 1719 5487 prognatum
1749 5417 1846 5471 asserit

1044 5484 1120 5541 Stum
1142 5485 1173 5539 lt.
1194 5486 1296 5540 Cliton.
1320 5486 1427 5540 llelvct.
1444 5486 1491 5541 lib.
1507 5502 1554 5551 111,
1575 5503 1638 5558 cup.
1663 5490 1707 5552 ts,
1727 5502 1755 5555 p.
1774 5492 1839 5543 3111.

1043 5556 1096 5684 ξῙιοι
1130 5571 1172 5609 em
1200 5571 1299 5612 nomen
1336 5557 1446 5615 rectrrrit
1481 5557 1507 5611 in
1542 5564 1726 5623 monumento,
1767 5574 1843 5616 num.

1061 5632 1108 5684 2.
