3750 6000
121 214 199 277 {4¹19
570 203 772 266 wtttuuttt
792 198 1169 263 Manbeshtttttattsts
1192 202 1372 265 bossunt
1489 215 1492 221 '
1750 211 1828 272 1⁴80

120 343 223 399 domos
248 337 387 397 omnihus
407 332 518 407 egenis,
535 333 565 388 in
581 330 752 389 occidentali
768 335 849 403 parte
864 329 944 401 regia
958 331 988 398 Α
1003 326 1146 398 lrancnm,
1157 331 1297 400 eundum,
1308 347 1376 389 eum
1392 334 1486 405 qnasi
1502 342 1677 407 moraretur,
1689 342 1718 396 et
1729 342 1829 413 patris

26 409 33 433 ⁴
121 430 285 489 valetudine
313 425 473 481 {luentibus
502 421 615 495 ligneas
651 420 767 486 locavit,
797 417 947 474 canonicis
1003 419 1832 486 necessitudine,etlittcrarumtomiteincolatumlevi·

11 518 15 525 '
121 522 208 578 etiarn
226 518 302 589 apud
320 521 453 571 sanctum
474 512 646 583 Gregorium
664 509 849 582 regularibus
864 507 947 562 iusti·
1002 511 1176 580 geraldum
1193 525 1260 582 ergo
1275 511 1399 568 beccum
1414 515 1552 583 venisset,
1565 531 1623 572 non
1640 525 1831 589 aspernanter

120 611 206 677 tutis,
223 608 273 680 qui
290 607 325 662 iis
340 604 437 660 divina
453 604 580 658 lacerent
595 600 700 668 cilicia,
712 598 812 655 divisis
829 615 881 671 pro
896 615 950 654 va·
1003 614 1021 654 a
1035 597 1193 654 heniranco
1205 606 1368 673 susceptus,
1381 619 1521 674 magnum
1537 606 1563 660 ei
1579 606 1782 664 levamentum
1796 609 1831 665 art

124 704 228 757 rietata
256 710 379 752 seruum
409 689 592 759 habitaculis,
617 688 785 761 sumptibus
811 687 948 759 provisis,
1004 686 1117 743 scholas
1142 693 1281 760 regendas
1306 691 1371 747 luit.
1388 693 1587 763 Adolescebat,
1605 696 1718 755 interea
1742 702 1834 756 virtus

122 775 951 856 ministrisdelegatis,hujusmoditemporerllielmima·
1004 790 1072 832 cum
1088 793 1160 842 avo,
1176 777 1323 835 industria
1338 796 1405 837 cum
1421 782 1549 854 ingenio.
1566 784 1692 858 Jamque
1707 803 1833 843 vernaus

118 879 194 952 jocis
210 876 365 932 insistebat
384 872 534 945 operibus,
556 887 614 926 non
630 867 737 924 multas
756 869 792 923 de
808 867 865 933 bis,
886 884 949 939 que
1005 867 1122 938 tempus
1133 869 1228 923 etatis
1243 870 1441 927 meditabatur
1452 873 1480 927 in
1492 873 1581 929 robur
1590 875 1763 946 juventutis
1774 893 1831 935 ser-

13 976 18 987 '
122 969 159 1026 eh
175 984 208 1024 eo
225 966 348 1039 petenda
372 964 504 1034 putasset
528 958 661 1031 repulsas
685 974 802 1031 passus.
823 956 896 1013 Nam
914 957 950 1012 ad
1005 970 1082 1026 pere.
1098 960 1163 1012 Erat
1179 958 1256 1013 enim
1271 976 1350 1015 xavu
1365 977 1509 1017 annorum
1525 979 1592 1020 cum
1608 965 1757 1024 desiderio
1772 983 1829 1025 mo.

121 1063 242 1115 caeteros
258 1055 357 1111 minus
367 1051 472 1121 civilis,
484 1049 526 1106 illi
539 1055 602 1106 erat
615 1049 793 1104 allectuosus
804 1053 833 1103 et
844 1047 950 1115 dulcis,
1005 1046 1125 1101 nastiere
1141 1047 1293 1119 religionis
1308 1049 1425 1107 atharus
1441 1057 1494 1108 est.

123 1145 269 1205 laboranti
290 1161 358 1215 ergo
379 1141 501 1213 justitiae
518 1139 665 1211 prebebat
679 1154 800 1194 manum
818 1153 854 1193 ne
870 1136 952 1191 labe·
1040 1135 1504 1214 Namatiamelimtcnelluspuer
1517 1143 1593 1200 idem
1604 1144 1832 1213 desideraverat,

125 1242 205 1294 retur
232 1234 263 1289 in
288 1247 423 1304 preceps,
449 1234 588 1286 ceterum
619 1226 769 1282 multoties
795 1226 858 1280 vitm
890 1240 952 1279 sua
1007 1223 1835 1302 insignesaususinaugustocorpusculoversanspelie·

124 1325 244 1384 tedium
270 1324 347 1394 apud
379 1320 490 1377 amicus
516 1315 726 1388 ingemiscens,
756 1314 952 1384 conjectabat·
1007 1317 1835 1393 rat,etacceperatadeogravismorbiincommodum,

124 1433 181 1489 qua
196 1420 226 1471 et
241 1414 416 1486 predicebat
435 1425 470 1465 ex
494 1405 687 1480 presentibus
712 1406 877 1460 futurorum
903 1420 953 1475 pe·
1008 1420 1065 1475 quo
1081 1420 1185 1476 pareus
1201 1409 1321 1477 uterque
1335 1408 1508 1478 perterritus
1523 1409 1581 1467 Deo
1598 1411 1696 1468 lilium
1711 1419 1836 1470 voveret.

125 1511 203 1562 stem
219 1504 264 1559 vir
279 1499 393 1573 sagacis
416 1496 518 1562 animi,
535 1499 563 1551 et
586 1493 637 1549 evi
653 1498 799 1548 maturus.
815 1493 873 1549 Nee
885 1508 952 1548 eum
1008 1491 1091 1548 Tunc
1106 1510 1173 1550 vero
1190 1493 1323 1567 pluribus
1348 1512 1449 1554 secum
1475 1499 1757 1559 ratiocinationibus
1774 1518 1838 1574 age·

127 1594 233 1651 lelellit
247 1589 413 1647 estimatio.
431 1585 581 1657 Siquidem
598 1583 733 1638 deiuncto
749 1587 841 1654 patre,
855 1580 955 1653 junior
1009 1582 1068 1651 bat,
1080 1584 1148 1656 quid
1161 1589 1480 1654 prestaret,eremitam
1493 1605 1578 1661 agere
1589 1591 1635 1648 vel
1648 1593 1838 1650 monachum.

126 1672 898 1749 Willielmusiuregnumsullectus‚cumbenlrancum
908 1688 956 1741 pn·
971 1702 995 1768 B
1010 1672 1039 1728 Si
1053 1674 1237 1740 monaahum,
1249 1678 1347 1729 utrum
1359 1676 1534 1735 conduceret
1545 1680 1655 1736 anima
1671 1681 1757 1737 diviti
1771 1683 1839 1752 leco,

130 1761 956 1834 rumsihiconniventemoffenderet,iiigautihuspromis·
1013 1779 1048 1817 au
1066 1762 1156 1816 tenui.
1168 1761 1253 1818 Dives
1268 1763 1378 1820 scilicet
1389 1763 1470 1822 lucus
1486 1768 1629 1825 conterret
1640 1786 1695 1841 pre
1712 1771 1840 1829 ubertate

115 1858 364 1933 ¹sisjurisetaequi
374 1852 643 1911 tenendimollitum
652 1852 686 1907 ad
695 1850 960 1923 suffragiumsuum
1013 1850 1190 1919 reddituum,
1200 1852 1251 1907 scd
1262 1854 1388 1910 auferret
1399 1855 1589 1924 penitudinis
1602 1861 1721 1915 taedium
1736 1876 1790 1932 pro
1801 1877 1840 1917 co·

128 1948 242 2005 avertit.
261 1945 317 2002 Sed
334 1947 479 2015 potestate
500 1941 623 2013 petitus,
638 1940 797 2013 multisque
813 1956 864 2012 pro
880 1940 958 1996 dale·
1013 1941 1061 2013 pia
1077 1942 1319 1998 necessariorum.
1336 1943 1448 2001 Tenuis
1471 1951 1591 2002 ecoiitra
1617 1964 1671 2018 pro
1691 1949 1839 2006 laboribus

132 2035 398 2109 ctioneprincipum
411 2048 484 2106 pene
496 2033 628 2088 omnium
641 2030 798 2103 angoribus
808 2029 958 2085 conllicta-
1013 2029 1163 2086 lasciviam
1178 2036 1334 2100 excuteret,
1346 2035 1397 2089 sed
1410 2051 1460 2105 pro
1476 2036 1628 2092 debilitate
1642 2037 1751 2094 virium
1770 2038 1840 2095 mul·

129 2132 176 2184 tus
190 2125 335 2199 promissa
348 2123 524 2195 negligebat.
540 2123 720 2193 Quapropter
736 2118 905 2192 sponsionis
923 2118 957 2173 uh
1014 2119 1159 2191 tiplicaret
1174 2136 1339 2178 susurrum.
1357 2122 1428 2179 ltem
1445 2130 1544 2181 utrum
1560 2127 1668 2183 melius
1692 2136 1772 2184 esset
1787 2144 1840 2186 tno·

134 2214 355 2286 archiepiscopo
376 2211 545 2267 admonitus
563 2210 680 2267 turbide
700 2208 867 2281 respondit:
888 2206 959 2275 Quis
1014 2209 1141 2266 naehum
1154 2209 1841 2290 lieriBeeci,analihi;siBecci,lrustraeeingc·

134 2305 231 2362 omnia
253 2307 349 2376 potest
370 2301 464 2359 lacere
485 2316 549 2372 que
571 2297 737 2371 promittit?
750 2297 801 2353 His
818 2302 960 2370 pertesus
1014 2298 1841 2380 niumtrivisseinlittcris,cumnullusessetibiquemdo·

139 2411 195 2451 uon
208 2409 306 2449 moras
319 2392 421 2465 longas
433 2390 462 2446 in
475 2389 540 2445 luce
556 2388 642 2443 traxit
651 2404 658 2443 :
668 2388 718 2443 sed
732 2395 797 2459 post
808 2402 902 2442 annos
912 2402 960 2441 six
1015 2393 1102 2456 cerat,
1114 2389 1191 2459 quod
1203 2388 1361 2460 quamlibet
1372 2407 1507 2460 magnam
1520 2393 1676 2449 scientiam
1689 2394 1767 2451 lama
1776 2394 1840 2450 Lan·

134 2484 321 2558 episcopatus
334 2480 436 2537 lehrim
449 2485 563 2547 nactus,
574 2495 641 2533 cum
659 2477 765 2533 medici
775 2476 900 2533 consulti
913 2492 962 2533 ne·
1016 2477 1109 2532 lranci
1125 2477 1303 2533 obscuraret.
1316 2478 1344 2532 Si
1360 2479 1439 2543 alibi,
1456 2481 1504 2536 uhi
1522 2482 1607 2553 pauci
1622 2488 1726 2539 essent
1740 2483 1841 2540 litteris

134 2574 292 2634 cessariam
306 2573 454 2647 potionem
465 2569 696 2641 respondissent,
708 2569 790 2639 prius
805 2584 835 2623 se
846 2569 960 2623 caules·
1015 2567 1140 2639 probati,
1151 2581 1184 2621 ex
1196 2565 1352 2623 solitudine
1363 2574 1392 2624 et
1401 2568 1605 2641 singularitate
1616 2571 1751 2628 scientiae
1764 2588 1841 2643 possa

95 2713 97 2716 ,
135 2666 217 2722 sione
231 2663 371 2719 etviatico
385 2659 519 2716 munivit.
529 2658 601 2714 Hinc
612 2657 714 2727 poculo
725 2665 852 2727 sumpto,
864 2657 914 2711 sed
931 2655 960 2710 in
1015 2657 1183 2728 superbiam
1200 2656 1342 2728 generari.
1355 2658 1412 2714 llas
1423 2659 1662 2718 ratiocinationes
1677 2678 1781 2719 secum
1798 2662 1838 2718 dia

134 2752 315 2810 contrarium
333 2766 413 2805 verso
428 2746 549 2810 eillavit,
561 2745 678 2818 qualem
691 2761 802 2817 semper
814 2748 962 2815 optaverat
1016 2746 1149 2802 decoctas
1165 2745 1195 2801 in
1220 2747 1347 2803 amantis
1363 2748 1407 2803 aui
1424 2748 1578 2805 Lanlranoi
1605 2749 1704 2807 sinunt
1730 2768 1841 2822 compe·

134 2845 254 2908 exitum,
266 2839 405 2906 sortitus;
418 2837 473 2892 hoo
484 2837 562 2891 anim
579 2836 745 2890 domesticis
756 2833 961 2898 confitebatur,
1016 2836 1089 2891 tenti
1105 2837 1268 2906 evaporavit
1283 2840 1424 2909 tempora.
1437 2837 1486 2894 llle
1496 2840 1532 2895 ad
1544 2839 1721 2897 Maurelium
1737 2842 1842 2899 lintho-

136 2946 167 2987 se
183 2929 339 2983 Dominum
363 2926 509 2993 deprecari
527 2928 559 2978 et
574 2925 616 2978 vel
633 2923 816 2996 dyssenteria
831 2923 872 2976 vel
891 2921 962 2976 labri
1019 2940 1187 2997 magensem
1218 2926 1470 2999 archiepiscopum
1504 2928 1690 2986 talerandum
1719 2931 1841 2998 censuit.

139 3023 256 3084 uitiante
273 3020 442 3079 moreretur,
453 3013 530 3085 quod
542 3010 586 3066 11ae
598 3010 779 3067 valetudines
791 3026 844 3065 1100
855 3026 963 3065 memo·
1019 3016 1097 3087 quod
1113 3026 1190 3070 esset
1206 3015 1378 3081 monachus,
1389 3019 1503 3088 etquod
1518 3035 1568 3089 pro
1578 3018 1769 3089 longevitate
1783 3020 1843 3077 reli-

136 3107 210 3164 riem
233 3104 366 3169 turbent,
383 3118 436 3159 nec
462 3100 606 3173 loquelam
632 3100 793 3171 implicent.
813 3098 866 3154 Vir
880 3063 1000 3172 cuiusC
1021 3102 1114 3175 pionis
1138 3110 1284 3160 sectarum
1310 3106 1444 3160 omnium
1468 3107 1612 3163 discretus
1633 3108 1755 3164 arbiter.
1773 3108 1841 3175 Quid

139 3195 316 3252 industriam
341 3190 638 3264 praeimminentis,
654 3189 740 3260 cujus
756 3190 918 3245 doctrinam
936 3189 964 3244 in
1022 3193 1270 3249 morerterotatts
1281 3195 1462 3252 etdiscuesis
1473 3196 1635 3252 rationibus
1650 3197 1843 3254 monachatus

140 3283 298 3356 discipulis
311 3282 376 3354 ejus
391 3280 522 3354 stupebit
539 3278 691 3348 Latinitas,
704 3283 846 3349 quantum
863 3292 967 3334 omnes
1022 3284 1175 3354 prelertur
1189 3283 1303 3339 eunctis
1318 3281 1517 3355 religionibus,
1533 3286 1611 3356 quod
1629 3285 1683 3341 soli
1710 3285 1841 3343 monachi

141 3374 212 3432 anni
227 3372 385 3430 durabunt.
402 3375 474 3426 Nam
490 3370 553 3442 ipse
569 3385 662 3441 pauca
677 3365 787 3438 ingenii
802 3367 846 3422 sui
863 3383 968 3423 monu-
1020 3372 1117 3427 vivant
1132 3372 1188 3428 sub
1203 3371 1299 3428 alieno
1315 3372 1447 3442 arbitrio,
1464 3374 1694 3430 substernantur
1709 3376 1842 3433 ohedien-

142 3468 241 3520 menta
258 3460 386 3531 reliquit,
401 3459 561 3514 decretales
583 3456 731 3530 epistolas,
748 3460 777 3512 et
793 3456 967 3528 praecipuam
1023 3460 1079 3525 tia,
1104 3457 1273 3515 valefaciant
1297 3458 1437 3515 voluntati
1464 3461 1713 3532 proprie310cus
1738 3464 1841 3519 Beccua

142 3558 243 3608 eontra
260 3549 479 3620 berengarium.
1022 3545 1148 3618 eligitur,
1161 3544 1208 3601 uhi
1220 3550 1379 3619 temperato
1394 3546 1471 3604 inter
1485 3564 1607 3620 egenum
1619 3553 1648 3603 et
1663 3549 1840 3622 superfluum

177 3641 247 3697 Post
261 3655 328 3697 eum
349 3637 463 3693 vacavit
485 3637 569 3694 sedes
592 3634 859 3708 archiepiscopatus
882 3634 968 3692 annis
1022 3652 1088 3702 usu,
1107 3651 1160 3691 nee
1175 3634 1257 3693 labor
1272 3637 1428 3708 frangeret,
1445 3652 1497 3693 uec
1521 3636 1660 3693 mollities
1685 3643 1840 3706 enervaret,

144 3729 212 3803 plus
228 3737 362 3802 quatuor.
376 3727 434 3784 ltex
445 3728 522 3782 enim
535 3726 678 3780 malorum
689 3741 883 3781 susurronum
900 3741 967 3781 con·
1022 3724 1072 3780 uhi
1097 3730 1264 3799 surgentem
1291 3727 1395 3781 lestum
1412 3726 1442 3780 in
1458 3725 1593 3783 Anselmo
1613 3733 1761 3799 premeret
1776 3729 1841 3784 Lan·

144 3820 219 3876 siliis
231 3819 383 3890 plusJuslo
394 3815 543 3881 credulus,
554 3832 653 3871 omues
664 3814 719 3871 sihi
733 3815 862 3871 redditus
873 3831 966 3870 annu·
1022 3815 1114 3872 tranei
1130 3814 1318 3887 comparatio.
1335 3815 1470 3872 blonachi
1494 3833 1551 3872 non
1573 3832 1647 3885 esse,
1664 3823 1698 3872 nt
1713 3835 1767 3891 per
1780 3819 1841 3874 doe·

145 3910 290 3965 merebat.
313 3908 367 3963 Sed
393 3907 428 3961 de
451 3905 557 3961 talibus
586 3904 660 3960 alias
686 3903 757 3971 dixi,
778 3903 915 3974 multum,
936 3906 969 3959 ut
1024 3906 1127 3962 trinam
1140 3905 1659 3980 nundineturlamam,nteupiditute
1668 3909 1841 3980 gloriasecu-

144 3999 236 4062 decet,
254 3997 336 4067 regias
361 3996 506 4065 majestati
530 3994 674 4050 delereue.
694 3993 738 4049 Ad
763 4009 890 4065 presens
915 4009 967 4049 nos
1022 3997 1072 4051 dat
1100 3995 1302 4052 litteraturam.
1320 3997 1362 4051 Fit
1384 4013 1452 4068 ergo
1474 3996 1514 4052 ihi
1538 3996 1711 4065 monachus,
1729 4005 1761 4055 et
1784 4002 1841 4072 post

143 4085 225 4143 aliud
248 4091 330 4159 urget
351 4101 436 4156 opus,
454 4089 486 4138 ut
504 4084 538 4139 de
562 4098 730 4138 successore
753 4082 906 4138 Lanlrauci
922 4097 969 4136 re·
1022 4084 1180 4140 triennium
1198 4084 1339 4141 translato
1356 4085 1513 4143 lanfranco
1526 4087 1699 4156 cadomum,
1717 4089 1798 4160 prior
1811 4088 1841 4145 ah

145 4192 210 4233 rum
226 4176 330 4232 seriem
347 4174 565 4246 pertendamus.
577 4171 752 4242 Quanquam
770 4186 821 4224 nos
836 4171 967 4225 scriatim
1022 4173 1186 4230 llerlewino
1206 4174 1310 4229 abbate
1334 4174 1488 4232 institutus
1511 4184 1562 4232 est.
1580 4176 1611 4231 ln
1627 4191 1686 4247 qno
1701 4177 1800 4235 otflcin
1814 4193 1843 4235 rt

145 4265 244 4334 verba,
272 4265 323 4320 sed
353 4260 524 4319 summatim
560 4260 636 4315 lacta
668 4269 856 4315 exsecuturus
890 4275 967 4330 sum,
1021 4262 1844 4338 annisvitamsuamomnihusvirtutibuseneoluit,juvs-

145 4371 237 4429 prono
263 4354 360 4409 lavore
380 4350 499 4406 domino
524 4348 647 4405 Edmero
671 4348 789 4415 cedens,
804 4348 854 4414 qui
869 4348 968 4405 omnia
1022 4351 1110 4406 uibus
1135 4349 1261 4405 maxime
1285 4349 1450 4420 intendens,
1466 4356 1544 4423 quod
1560 4369 1612 4423 pro
1627 4354 1725 4412 estatis
1740 4353 1843 4413 teneri·

145 4444 187 4500 ita
200 4443 297 4500 lucide
312 4438 458 4512 exposuit,
476 4442 508 4494 ut
522 4455 555 4494 ea
576 4437 793 4509 quodammodo
809 4437 968 4507 subiecisse
984 4425 1007 4491 b
1022 4440 1125 4496 tudine
1139 4442 1260 4511 possent
1275 4436 1319 4494 vel
1334 4436 1482 4496 industria
1496 4441 1530 4495 ad
1544 4441 1667 4511 honum,
1679 4441 1724 4498 vel
1737 4436 1845 4496 incuria

148 4532 241 4590 oculis
257 4530 365 4588 nostris
379 4529 521 4585 videatur.
538 4527 577 4583 De
593 4526 729 4581 Anselme
744 4530 786 4582 est
800 4543 904 4594 sermo,
917 4527 968 4599 qui
1023 4528 1058 4585 ad
1069 4527 1179 4584 malum
1192 4527 1330 4601 eliigiari;
1341 4527 1499 4599 frugalitati
1509 4530 1580 4587 adeo
1590 4531 1773 4601 insuevit,ut
1783 4533 1845 4585 tant

148 4623 178 4681 in
190 4624 321 4693 Augusta
336 4618 450 4676 civitate
460 4616 613 4685 oriundus,
623 4632 688 4687 quae
698 4632 729 4671 se
740 4616 862 4688 primam
875 4621 971 4673 trans·
1026 4617 1185 4676 constricta
1199 4618 1308 4685 vitalia,
1326 4617 1478 4689 posteriori
1492 4624 1631 4691 tempore,
1647 4619 1733 4676 etiam
1750 4618 1776 4675 si
1790 4615 1845 4675 vel·

148 4709 340 4770 candentibus
368 4706 454 4776 Alpes
479 4705 607 4772 exhibet,
631 4704 861 4762 mediocritatem
890 4713 973 4763 nata·
1027 4709 1077 4776 let,
1092 4705 1226 4779 ampliori
1246 4708 1310 4764 cibo
1334 4706 1446 4764 aditum
1470 4713 1621 4780 negarent.
1638 4705 1847 4765 peculiaritatis

148 4804 222 4861 lium
238 4803 268 4859 in
283 4799 478 4859 clarissimam
496 4799 602 4854 lamam
619 4796 679 4851 lece
693 4795 834 4853 virtutum
851 4815 971 4855 suarum
1027 4799 1131 4855 vitium
1147 4813 1213 4853 cum
1230 4796 1260 4852 in
1276 4794 1480 4864 caementata,
1497 4796 1606 4854 tamin
1625 4797 1690 4855 aliis
1711 4799 1846 4871 predica·

148 4892 266 4952 extulit.
292 4891 368 4946 Puer
390 4887 494 4945 litteris
520 4884 638 4952 institit,
662 4885 815 4956 pueritiam
838 4902 974 4959 egressus
1028 4890 1107 4944 tione
1128 4884 1313 4957 exstirpabat,
1333 4885 1360 4939 td
1387 4901 1449 4942 esse
1477 4886 1575 4943 solum
1600 4887 1751 4957 dictitans,
1777 4883 1846 4959 quod

150 4997 302 5054 nunquam
312 4978 357 5035 vel
366 4976 512 5035 lasciviori
525 4980 644 5045 aspectu
655 4973 859 5032 castimoniam
875 4977 973 5033 turha·
1028 4975 1178 5033 diabolum
1189 4990 1204 5030 e
1215 4973 1454 5043 coelo,homiuem
1465 4990 1482 5030 e
1493 4977 1627 5047 paradiso
1638 4975 1846 5041 eliminaverat

148 5071 200 5128 vit.
217 5070 343 5128 Patriam
359 5071 466 5124 terram
483 5064 607 5123 exeundi
624 5062 714 5135 patris
729 5063 771 5120 ira
795 5063 974 5123 adolescenti
1029 5067 1107 5138 quod
1123 5064 1178 5137 ipsi
1192 5064 1242 5120 bei
1258 5062 1393 5136 precepti
1410 5065 1579 5136 transtuga,
1594 5064 1739 5122 voluntati
1755 5059 1848 5122 indul·

151 5161 334 5217 occasionem
347 5156 580 5231 ingessit3qusm
593 5169 659 5209 cum
673 5151 720 5208 ille
731 5152 811 5210 nullo
822 5155 976 5227 poesetle-
1030 5156 1139 5213 sissent
1154 5153 1287 5226 propriae.
1304 5152 1405 5225 ltaque
1420 5153 1536 5225 proprio
1551 5153 1658 5211 mentis
1673 5153 1849 5212 arbitrioin·

153 5251 215 5307 nire
230 5249 358 5322 iugenio,
373 5265 408 5304 ue
420 5244 579 5303 domestica
594 5241 729 5299 simultas
744 5244 773 5300 iu
788 5245 975 5302 violationem
1030 5242 1209 5316 dulgentiam
1226 5243 1371 5309 auterens,
1387 5241 1460 5298 nihil
1475 5243 1593 5300 omnino
1606 5242 1736 5301 exterius
1750 5255 1849 5317 aggra-

153 5337 551 5396 naturatransiretabscessu
561 5332 975 5405 tatatltisuo.avarissimum,
1030 5333 1117 5407 gabat
1131 5331 1227 5389 omnis
1236 5331 1349 5404 generis
1359 5336 1511 5403 peccatum
1523 5333 1595 5391 adeo
1610 5348 1728 5404 cavens,
1740 5333 1849 5390 utdica

151 5442 218 5486 cum
231 5424 372 5481 volutaret
382 5426 486 5482 anxius
497 5424 589 5481 animi
602 5438 659 5495 quo
671 5423 814 5494 tenderet,
824 5425 923 5481 divina
932 5423 976 5481 di·
1030 5428 1085 5489 ret,
1095 5421 1182 5479 malle
1193 5437 1223 5478 ss
1234 5437 1299 5478 esse
1309 5421 1372 5478 sine
1385 5425 1501 5494 peccato
1513 5421 1543 5479 in
1554 5422 1679 5490 interno,
1690 5439 1780 5497 quani
1790 5433 1849 5479 cvm

153 5513 448 5592 anatiafluctaantem
458 5512 978 5581 sannavttetartumanatauadtan-
1033 5515 1150 5587 peccato
1163 5511 1193 5569 in
1208 5509 1280 5569 cralo
1294 5526 1301 5568 :
1317 5510 1427 5568 dictum
1439 5515 1510 5568 tunc
1524 5511 1678 5585 plausibus
1692 5515 1850 5585 exceptam.
