3750 6000
560 275 610 336 Dll
632 274 773 336 GESTIS
796 273 952 334 reulus.
975 272 1089 334 lusu.
1114 304 1152 317 -
1175 270 1250 333 LlB.
1273 269 1311 333 V.

792 525 952 620 1>le
993 528 1071 614 lV.

113 916 179 969 lam
190 912 269 969 onim
280 917 412 985 quartem
425 911 663 985 pollicitationem
671 926 767 968 meam
776 911 900 969 Domino
914 915 942 984 Α
957 907 1263 966 west-Saxouioarum
1279 908 1401 968 victoria
1416 911 1535 970 iunctus
1549 914 1712 987 usurpavit.
1725 914 1778 972 De·

75 1004 195 1074 juvante
210 1001 357 1074 complere
384 1001 543 1074 ingrediar,
560 1004 593 1057 ιιι
615 1000 767 1057 ostendam
793 1009 898 1072 quante
954 1000 1045 1073 nique
1055 999 1141 1056 villas
1150 1000 1274 1057 coenobii
1285 1001 1533 1072 etllttamnnster,
1542 1020 1632 1076 quem
1645 1020 1695 1060 rex
1706 1002 1779 1063 Mer·

78 1090 258 1149 volubilitate
272 1091 397 1148 fortuna
413 1087 577 1147 cenobium
593 1089 783 1147 Meidunenee
796 1106 899 1147 exors·
955 1090 1066 1146 ciorum
1080 1088 1262 1146 lltbeldretus
1280 1109 1289 1160 ς
1304 1094 1332 1147 et
1347 1090 1496 1159 Piritunre,
1507 1108 1595 1164 quam
1615 1107 1665 1149 rex
1678 1092 1779 1152 West-

78 1181 149 1237 verit
162 1197 169 1248 ;
182 1179 354 1254 plerumque
365 1179 467 1247 etiem,
484 1177 540 1235 nisi
549 1187 663 1234 sanctus
673 1178 814 1235 auxilium
828 1196 897 1252 por·
955 1183 1101 1240 Saxonum
1117 1179 1254 1238 Ceduella
1265 1183 1395 1250 dederat,
1407 1183 1531 1240 infestus
1542 1185 1636 1256 predo
1646 1182 1776 1242 abstulit.

76 1269 211 1339 rexisset,
240 1285 358 1343 pessum
383 1269 476 1325 iverit.
500 1268 553 1325 Per
580 1269 799 1325 successionem
828 1284 898 1341 ergo
955 1269 988 1326 lut
1015 1270 1143 1342 primam
1168 1269 1285 1341 quidem
1308 1269 1507 1342 wigorniensi
1523 1271 1661 1345 episcopo
1673 1272 1775 1341 dedit;

74 1373 176 1430 regum
192 1361 220 1414 et
230 1357 607 1429 obortarumappcsitionem
617 1370 698 1429 egem
708 1357 897 1428 propositum.
952 1357 1199 1417 secundamdlius
1209 1360 1274 1431 ejus
1289 1359 1443 1431 llglarlhus
1453 1360 1581 1417 reddidit
1591 1360 1773 1433 hoctcripto:

74 1447 131 1504 lose
147 1448 291 1504 succeseit
306 1446 481 1503 Etbslerdus
496 1460 545 1502 ιιι
558 1446 644 1502 annis
660 1463 668 1514 ;
684 1445 711 1501 ei
730 1444 898 1504 Guthredus
988 1447 1149 1506 lnucmine
1161 1447 1288 1504 Domini.
1300 1448 1359 1520 Ego
1370 1447 1515 1520 ligiertbe,
1527 1465 1578 1507 rex
1589 1448 1774 1519 Merciorum,
1859 1464 1864 1471 ·

74 1538 135 1612 pari
152 1538 259 1612 spatio.
276 1536 372 1608 Hujus
389 1537 499 1593 donum
514 1536 555 1593 ita
570 1536 713 1607 scriptum
728 1534 896 1593 babemus:
953 1553 1029 1594 anno
1045 1536 1140 1608 primo
1155 1535 1238 1608 regni
1257 1535 1374 1593 nobisa
1394 1536 1452 1593 Deo
1467 1536 1611 1604 concessi,
1627 1541 1775 1610 rogatuse

73 1650 87 1679 e
104 1628 162 1700 ligo
176 1626 354 1696 cuthredus,
371 1641 420 1682 rex
443 1625 647 1691 Geuviscrum,
659 1629 781 1699 cogente
795 1629 898 1683 catena
952 1624 1109 1681 Brithtrioo
1126 1638 1190 1694 rege
1214 1624 1440 1681 occidentalium
1468 1624 1617 1682 Saxonum
1633 1629 1662 1682 et
1685 1625 1774 1684 lithe-

71 1714 340 1774 charitatistristi
355 1719 384 1771 et
398 1713 588 1771 indivisibilis
600 1715 704 1772 affeetu
720 1714 897 1785 dilectionis,
953 1714 1034 1771 lardo
1049 1712 1277 1785 archiepiscopo,
1306 1717 1412 1771 terram
1436 1731 1521 1771 xxxvi
1536 1714 1717 1773 monentium
1741 1716 1772 1774 in

73 1805 206 1863 llldelmo
235 1804 332 1861 abbati
355 1803 530 1878 familiaque
557 1804 611 1861 sub
639 1803 719 1862 illius
743 1805 896 1878 regiminis
952 1802 1091 1874 locc,qui
1119 1806 1240 1858 vocatur
1259 1802 1450 1877 llcpirigaam,
1475 1805 1512 1861 ab
1541 1804 1674 1861 orientali
1690 1809 1772 1878 parte

71 1910 168 1952 amore
181 1893 309 1966 degenti,
323 1909 390 1950 cnm
404 1909 552 1950 consensu
564 1898 652 1965 etque
663 1891 787 1949 scientia
797 1891 895 1949 eximii
950 1892 1100 1963 silvaquae
1110 1895 1229 1947 vocatur
1241 1891 1363 1959 braden,
1375 1893 1489 1949 reddidi
1500 1893 1597 1950 abbati
1612 1894 1770 1953 cuthberto
1825 1930 1829 1935 -

72 1983 203 2056 presulis
216 1981 344 2039 Danielis
353 1983 587 2056 optimatumque
599 1998 731 2039 meorum
747 1986 776 2038 et
790 1981 893 2054 digni·
948 1986 978 2040 et
993 1981 1133 2038 iratribus
1148 1980 1316 2037 monasterii
1332 1980 1540 2039 llaldubiensis
1552 1999 1604 2056 pro
1619 1983 1771 2056 indulgen·

72 2078 162 2130 tatum
174 2074 210 2128 ob
222 2071 454 2129 recordationem
465 2070 577 2128 scilicet
592 2070 756 2129 orationum
772 2086 890 2128 suarum
950 2072 989 2128 tis
1003 2070 1188 2144 piaculorum
1198 2085 1331 2127 meorum
1341 2079 1368 2127 et
1383 2087 1435 2142 pro
1450 2070 1663 2143 requiannimse
1678 2073 1769 2145 patris

68 2166 97 2220 et
111 2160 341 2233 redemptionem
361 2160 465 2217 anima
493 2176 574 2232 mes,
592 2163 624 2216 ιιι
652 2160 682 2216 in
711 2158 931 2256 plenitudineB
949 2160 1005 2216 mei
1023 2159 1118 2228 (illuc,
1135 2175 1221 2231 quam
1242 2157 1290 2215 ille
1306 2174 1416 2217 veneno
1431 2159 1553 2218 abstulit
1567 2160 1661 2218 aisllt
1672 2162 1705 2235 [l.
1720 2162 1764 2237 ea]

67 2254 227 2310 electorum
243 2250 360 2308 Domini
390 2250 551 2307 collocatus
574 2250 655 2318 sim;
681 2254 764 2306 terre
780 2255 890 2322 partem
947 2249 1058 2306 scilicet
1083 2247 1196 2305 ratione
1221 2250 1347 2305 concedo
1370 2253 1476 2306 terram
1505 2251 1718 2323 supradictam,
1734 2254 1767 2309 ut

66 2340 297 2400 inextricabilem
314 2342 345 2412 [t.
363 2339 569 2412 inextricabili]
579 2339 765 2410 possessione
775 2339 805 2395 in
815 2339 888 2407 loco,
946 2336 1136 2395 saecularibus
1151 2353 1252 2410 regum
1274 2336 1400 2395 servitiis
1414 2337 1507 2396 libera
1521 2339 1560 2396 sit
1574 2340 1610 2395 ad
1637 2338 1767 2399 seruien-

65 2433 112 2505 qui
143 2432 412 2500 diciturWdecim,
433 2431 489 2488 sub
509 2448 528 2487 x
554 2430 741 2488 mansionum
760 2431 888 2487 estime-
945 2429 1016 2484 dum
1034 2426 1261 2484 necessitatibus
1290 2426 1414 2483 fratrum
1442 2427 1501 2484 Deo
1529 2427 1716 2485 servientium
1736 2430 1766 2488 ln

66 2521 144 2579 tione
164 2525 292 2578 tuatom
308 2521 362 2578 sub
383 2520 595 2578 contestatione
615 2525 722 2577 sancte
736 2518 889 2576 'lrinitatis
943 2516 1082 2588 proedicto
1107 2515 1307 2587 monasterio;
1334 2522 1364 2572 ut
1380 2517 1520 2574 memoria
1548 2521 1647 2574 nostra
1671 2517 1766 2577 inille

65 2610 171 2682 depelli
194 2610 315 2683 quidem
337 2609 511 2666 liberalitate
523 2615 550 2665 et
575 2607 706 2665 hilariter
720 2609 755 2665 sd
780 2608 888 2665 lleldu·
943 2613 1044 2663 sancto
1059 2605 1122 2662 loco
1133 2605 1161 2661 in
1178 2604 1474 2663 sanctisorationibus
1490 2605 1568 2678 apud
1583 2621 1632 2663 eos
1650 2611 1765 2664 maneat

64 2715 155 2755 nense
170 2698 384 2756 monasterium
395 2697 605 2768 largituseum.
616 2719 631 2749 ιι
646 2698 680 2753 ut
694 2696 884 2771 poetaliqua:
941 2697 971 2753 in
988 2701 1174 2771 perpetuum.
1201 2696 1257 2753 Sed
1282 2701 1311 2753 et
1339 2697 1430 2753 abbas
1452 2699 1481 2752 et
1510 2696 1614 2753 iratres
1629 2697 1762 2769 ejusdem

64 2809 79 2837 ιι
90 2787 245 2860 Exemplar
255 2786 344 2860 hujus
352 2785 515 2860 largitionis
526 2785 746 2859 promulgatum
756 2789 885 2844 estaono
940 2786 1112 2844 monasterii
1128 2786 1157 2842 in
1184 2786 1401 2858 comparatione
1420 2788 1502 2842 tarro
1524 2784 1604 2842 illius
1618 2786 1763 2845 dederunt

62 2875 314 2933 eblnoarnaticne
341 2875 447 2934 Christi
460 2876 515 2931 745
538 2875 568 2931 in
597 2874 883 2948 pradiotoccsnobio
940 2877 1087 2934 mihiduc
1117 2875 1210 2933 millia
1239 2876 1398 2932 solidorum
1422 2874 1534 2950 argenti
1555 2877 1631 2948 puri.
1654 2876 1688 2933 ιιι
1706 2876 1760 2934 boc

61 2965 118 3021 snb
132 2965 287 3038 presentie
297 2964 438 3022 Cutbredi
455 2965 543 3038 regis.
560 2986 574 3015 ιι
590 2964 693 3037 Liquet
707 2962 882 3037 igituranno
937 2967 993 3025 feci
1009 2983 1076 3023 cum
1091 2965 1213 3023 consilio
1228 2965 1430 3038 episcoporum
1447 2981 1479 3021 ac
1493 2964 1659 3039 principum
1675 2981 1760 3023 meo-

61 3053 163 3112 ultimo
175 3057 239 3112 sitae
255 3054 332 3128 regis
343 3054 480 3112 cuthredi
493 3054 548 3110 hoo
568 3054 677 3111 lectum
689 3068 764 3122 esse,
784 3068 883 3124 super·
938 3073 1016 3124 rum,
1042 3071 1167 3128 quorum
1194 3054 1313 3111 nomina
1337 3055 1441 3111 subter
1464 3055 1591 3128 ascripto
1616 3061 1695 3112 suni.
1723 3056 1759 3113 et

59 3144 128 3202 stite
144 3145 240 3201 suune
255 3142 374 3201 nostele
394 3144 530 3217 episeopo
548 3186 555 3211 .
570 3143 621 3216 qur
644 3159 713 3201 eum
733 3141 816 3199 besto
830 3141 880 3198 Al·
937 3146 991 3203 hoe
1007 3151 1105 3203 aetum
1130 3149 1175 3202 est
1203 3161 1280 3201 enno
1296 3144 1332 3200 ιιι
1354 3144 1558 3201 incarnatione
1573 3145 1680 3202 curisti
1703 3145 1758 3200 tue

59 3233 158 3290 delmo
186 3234 340 3305 episcopus
364 3233 457 3290 lactus
484 3234 578 3289 luerat
603 3251 611 3302 ;
637 3237 705 3305 post
729 3247 881 3290 excessum
936 3236 1094 3292 indictione
1109 3251 1146 3291 ιι.
1163 3240 1185 3290 Α
1200 3233 1327 3290 transitu
1338 3231 1434 3289 Petris
1447 3231 1574 3289 Aldelmi
1589 3249 1665 3291 anuo
1675 3238 1756 3293 octo·

58 3322 190 3393 ejusdem
220 3321 314 3378 Petris
336 3338 412 3378 anno
443 3338 539 3379 xxxvi.
565 3320 777 3378 Undeconstat
802 3319 881 3376 bunc
936 3325 1046 3399 gesimo
1061 3322 1196 3397 septimo.
1214 3324 1376 3395 lingentem
1393 3321 1467 3378 benc
1483 3337 1578 3378 msom
1594 3321 1757 3399 eleemosy-

57 3409 225 3467 Aldelmum
237 3409 440 3480 abbatem,cui
452 3409 616 3467 Cuthredue
627 3425 677 3466 rex
687 3408 821 3465 wdecim
832 3409 881 3465 dt·
936 3432 1004 3472 nam
1035 3413 1178 3470 Dominus
1206 3414 1358 3469 conservet
1375 3416 1403 3469 et
1418 3411 1581 3469 benedicat.
1598 3412 1756 3471 blinuentis

58 3501 153 3565 derel,
166 3498 246 3555 uliud
257 3499 349 3555 sulm
359 3515 448 3572 quem
459 3500 599 3571 Magnum
616 3497 788 3555 dldtlmum·
810 3497 878 3554 Fer·
894 3509 1003 3576 (luero
1014 3501 1340 3575 oolraugentisnoman‚
1352 3501 1430 3573 quod
1440 3505 1651 3574 nonoptemus,
1662 3502 1756 3559 eradi·

57 3593 107 3646 tur
124 3604 196 3645 eene
220 3589 296 3662 quod
320 3589 469 3645 secundos
493 3586 642 3645 illelmus
665 3588 773 3660 prioris
791 3602 880 3660 nepos
935 3593 1050 3651 cabitur
1065 3593 1101 3648 de
1115 3597 1193 3647 terra
1207 3590 1378 3658 viventium,
1398 3595 1427 3648 et
1446 3590 1616 3647 soccietate
1639 3596 1755 3649 saneto-

56 3678 155 3735 fuerit.
181 3677 326 3735 cuthredo
352 3677 413 3750 regi
442 3676 585 3734 successit
611 3675 775 3750 sigebricht
802 3691 880 3732 anno
935 3699 1001 3740 rum
1030 3681 1203 3755 privabitur,
1235 3680 1291 3736 nisi
1311 3680 1399 3753 digne
1423 3678 1627 3735 emendaverit,
1648 3700 1663 3730 ‚‚
1685 3679 1756 3737 Sub.

58 3772 152 3846 primo
178 3771 209 3844 [i.
240 3771 319 3843 uuo]-
354 3769 526 3841 Sissebriohii
554 3785 708 3827 successor
731 3768 786 3824 luit
813 3783 880 3825 ¹¹¹1
933 3772 1054 3845 scripsit
1072 3769 1246 3828 litbelardus
1261 3768 1512 3840 archiepiscopus,
1528 3767 1628 3840 quiex
1651 3768 1755 3828 abbate

57 3860 331 3919 annisltinewllus.
349 3857 692 3932 Hicannotertiorsgni
712 3858 760 3915 aui
781 3874 877 3916 coeno·
933 3862 1016 3935 prius
1045 3859 1231 3918 lleldunensi
1250 3857 1545 3931 etepiscopcpostee
1559 3857 1755 3918 wintoniensi

57 3950 138 4007 bium
150 3950 259 4022 insigni
276 3964 398 4005 munere
412 3948 504 4005 suxit·
933 3967 1104 4023 supremum
1115 3947 1755 4017 bonoremnoctus,Cutbsrtumbuncconsti·

94 4061 108 4090 e
123 4039 153 4095 ln
174 4038 281 4096 Christi
293 4037 422 4094 nomine.
439 4041 497 4109 ligo
508 4037 650 4094 Kineuull
659 4055 720 4107 rex,
731 4053 795 4095 cum
807 4054 878 4094 con·
932 4044 988 4099 tuit
1002 4039 1133 4099 Meiduni
1148 4039 1282 4096 abbatem
1287 4077 1716 4098 ..........

55 4143 144 4185 sensu
166 4128 331 4201 principum
360 4125 489 4199 aliquam
505 4133 585 4183 terrm
610 4127 775 4200 portionem
792 4127 877 4199 quasi
933 4130 1112 4204 Subscripsit
1126 4129 1310 4187 beorthricus
1321 4125 1628 4184 nawen-Saxonum
1642 4144 1690 4185 xer
1704 4145 1753 4185 an·

54 4234 112 4274 xxx
127 4217 308 4274 manentium
321 4215 437 4273 familis
454 4215 805 4273 Christiiollaldubiensi
818 4232 878 4272 mo·
933 4221 980 4278 nis
1014 4224 1078 4294 post
1106 4217 1286 4276 Kiuewllum.
1326 4215 1566 4288 subscripserunt
1598 4215 1753 4272 Clneberth

55 4305 358 4362 naslerioconetitutse
370 4321 420 4377 pro
437 4305 683 4365 remedioanime
693 4321 763 4362 mem
776 4320 876 4377 perpe·
932 4310 1064 4379 Wintou,
1085 4305 1250 4364 Benelritbe
1277 4304 1459 4374 sciroburn,
1489 4303 1616 4362 Dadersd
1635 4302 1753 4377 Wigor·

55 4393 173 4451 tualiter
187 4395 395 4465 possidendsm
413 4395 517 4451 donavi
535 4411 542 4451 :
559 4395 614 4453 boo
629 4400 683 4465 est,
699 4395 748 4451 ubi
769 4412 801 4452 eo
817 4395 875 4451 duo
933 4399 1054 4466 niensis,
1069 4396 1171 4453 ildutie
1182 4396 1291 4452 electus
1302 4394 1338 4451 ad
1354 4394 1502 4452 Herelcrd.

54 4481 157 4540 lsticee
172 4482 334 4540 Meardene
350 4488 379 4539 et
394 4483 571 4540 liocbburnae
583 4486 712 4560 jungunt
730 4490 759 4541 et
773 4488 801 4543 in
816 4484 874 4542 cir·
967 4486 1115 4545 Successit
1143 4484 1288 4542 Britbrioo
1318 4482 1474 4555 llgbirtbue
1489 4482 1574 4540 annis
1591 4499 1687 4540 xxxvii
1702 4483 1752 4558 qul

55 4571 136 4629 cuitu
167 4588 280 4638 eornm,
310 4573 558 4644 quemadmodum
584 4575 639 4647 ipsi
673 4573 773 4631 incolo
803 4576 875 4632 bene
931 4576 1294 4648 omniareguaioglornm
1307 4571 1548 4631 Weet·iiexcnieo
1565 4572 1754 4646 usquebodls

55 4676 142 4719 nosse
166 4659 381 4733 dignoscuntur
404 4662 547 4719 terminos
572 4679 605 4719 ac
621 4662 730 4721 limites
744 4663 874 4721 locorum
931 4667 1063 4726 curvavit
1077 4666 1210 4739 imperio.
1223 4665 1295 4721 Huic
1310 4663 1472 4721 litbelulIns
1485 4661 1565 4722 illins
1584 4663 1669 4721 annis
1683 4679 1751 4722 ιιιιι

53 4749 174 4806 ἰΙΙοιιιιιι
190 4767 197 4817 ς
213 4765 326 4806 necnon
341 4753 371 4806 et
385 4749 496 4819 villam,
513 4751 559 4807 cui
583 4752 734 4823 subjacent
757 4769 873 4823 puseus,
931 4771 1020 4827 quem
1047 4753 1168 4827 quidem
1192 4753 1345 4810 btbullum
1360 4756 1474 4811 vocant.
1490 4751 1539 4809 Vir
1553 4754 1602 4826 qui
1618 4752 1752 4810 libertate

55 4844 139 4914 prata
152 4839 233 4895 aride
250 4839 408 4912 etirrigua,
421 4838 510 4896 simul
526 4844 555 4896 et
574 4840 720 4898 silvestris
742 4840 816 4898 loca.
841 4841 876 4899 lit
891 4812 915 4877 D
932 4845 1037 4903 collata
1065 4843 1197 4901 ecclesiis
1223 4857 1326 4899 omnes
1347 4846 1555 4910 antecessores,
1582 4843 1688 4913 quique
1703 4856 1753 4913 po-

55 4929 185 4987 bscacta
196 4929 309 4986 suntab
325 4929 704 4987 lnoeruetionerristi758
716 4930 876 4989 indictione
931 4938 1043 4991 stremo
1058 4933 1190 5006 seipsum
1210 4948 1285 4989 nova
1304 4929 1479 4990 liberalitate
1493 4930 1604 4988 vicerit.
1646 4969 1654 4985 .
1693 4970 1702 4986 .

52 5036 81 5076 ιι
96 5036 113 5075 a
127 5019 252 5076 transitu
269 5018 381 5076 domini
397 5016 519 5074 lidelmi
535 5018 664 5092 episcopi
681 5025 873 5091 nonoetqua·
930 5057 1749 5082 ..................

52 5106 750 5181 dragesimo.esubscripsitllineerduseleotusin
760 5109 874 5181 episco·
928 5113 998 5170 lecit
1012 5117 1041 5169 et
1055 5110 1198 5169 scrinium
1214 5127 1273 5184 quo
1287 5108 1382 5166 sancti
1397 5105 1572 5164 contessoris
1587 5121 1656 5163 ossa
1669 5104 1750 5164 1002.

52 5199 154 5271 patum
170 5197 339 5264 wintonio,
355 5201 384 5254 et
398 5197 597 5255 llrerewaldus
612 5197 767 5271 spiscopus
782 5198 874 5255 Scire·
929 5205 984 5273 ret,
997 5202 1027 5257 in
1043 5201 1182 5258 anteriori
1199 5203 1281 5272 parte
1293 5214 1329 5254 ex
1343 5196 1435 5254 solido
1450 5199 1570 5269 argento
1580 5195 1668 5268 jactis
1678 5193 1749 5253 ima·

53 5286 176 5345 burnice.
189 5286 295 5343 Contra
303 5288 439 5344 eumdem
451 5288 635 5345 llinewlsum
651 5304 746 5361 regem
761 5304 870 5345 annum
928 5290 1055 5364 ginibos.
1069 5290 1102 5345 ln
1113 5287 1268 5361 posteriori
1282 5303 1350 5344 vero
1364 5286 1458 5344 levato
1473 5283 1590 5341 metallo
1606 5283 1749 5342 miracula

44 5379 109 5452 jam
126 5376 333 5434 vicesimumet
343 5382 482 5451 quartum
493 5378 622 5452 inregno
634 5378 800 5438 habentem.
812 5379 872 5437 otro
928 5379 1076 5452 figuravit,
1089 5394 1153 5451 quo
1164 5378 1227 5448 tam
1243 5391 1339 5433 sermo
1355 5373 1552 5447 deprompsit:
1577 5372 1654 5430 unde
1664 5381 1748 5444 pata·

48 5482 101 5525 rex
121 5464 296 5522 Marciorum
311 5470 429 5537 propter
444 5467 542 5524 villam
561 5470 785 5541 Benesingtunae
805 5485 872 5525 con·
930 5473 995 5525 tum
1011 5471 1056 5524 est
1070 5467 1149 5525 bunc
1164 5466 1255 5522 tuisse
1268 5464 1376 5520 librum
1394 5464 1457 5519 vite
1473 5462 1502 5519 in
1519 5477 1577 5535 quo
1592 5463 1647 5518 ists
1666 5461 1748 5534 lege-

48 5570 185 5630 gressus,
200 5557 229 5611 et
250 5553 346 5626 ipsam
360 5558 390 5611 et
407 5554 566 5627 plurimam
581 5562 694 5630 portem
718 5558 869 5631 regionum
928 5557 983 5625 rit;
996 5556 1047 5615 sed
1060 5560 1161 5630 postea
1175 5558 1305 5627 tempore
1320 5554 1468 5611 Danornm
1483 5550 1639 5611 amissum.
1654 5547 1750 5606 Fasti·
1847 5630 1852 5639 .
