<?xml version="1.0" encoding="UTF-8"?>
<!DOCTYPE html PUBLIC "-//W3C//DTD XHTML 1.0 Transitional//EN"
    "http://www.w3.org/TR/xhtml1/DTD/xhtml1-transitional.dtd">
<html xmlns="http://www.w3.org/1999/xhtml" xml:lang="en" lang="en">
 <head>
  <title>
</title>
<meta http-equiv="Content-Type" content="text/html;charset=utf-8" />
  <meta name='ocr-system' content='tesseract 3.04.00' />
  <meta name='ocr-capabilities' content='ocr_page ocr_carea ocr_par ocr_line ocrx_word'/>
</head>
<body>
  <div class='ocr_page' id='page_1' title='image "./patrologiaecurs25unkngoog_0776.png"; bbox 0 0 3750 6000; ppageno 0'>
   <div class='ocr_carea' id='block_1_1' title="bbox 74 218 1834 329">
    <p class='ocr_par' dir='ltr' id='par_1_1' title="bbox 74 218 1834 329">
     <span class='ocr_line' id='line_1_1' title="bbox 74 218 1834 329; baseline 0 -4"><span class='ocrx_word' id='word_1_1' title='bbox 74 265 156 327; x_wconf 75' lang='lat' dir='ltr'><strong>asse</strong></span> <span class='ocrx_word' id='word_1_2' title='bbox 561 267 613 329; x_wconf 85' lang='lat' dir='ltr'><strong>nn</strong></span> <span class='ocrx_word' id='word_1_3' title='bbox 632 264 768 329; x_wconf 86' lang='lat' dir='ltr'><strong>oasvrs</strong></span> <span class='ocrx_word' id='word_1_4' title='bbox 790 264 942 329; x_wconf 76' lang='lat' dir='ltr'><strong>renata.</strong></span> <span class='ocrx_word' id='word_1_5' title='bbox 965 265 1082 327; x_wconf 79' lang='lat' dir='ltr'><strong>auor.</strong></span> <span class='ocrx_word' id='word_1_6' title='bbox 1105 299 1144 311; x_wconf 93' lang='lat'>-</span> <span class='ocrx_word' id='word_1_7' title='bbox 1165 265 1238 328; x_wconf 84' lang='lat' dir='ltr'><strong>ars.</strong></span> <span class='ocrx_word' id='word_1_8' title='bbox 1261 265 1300 328; x_wconf 90' lang='lat' dir='ltr'><strong>rr.</strong></span> <span class='ocrx_word' id='word_1_9' title='bbox 1498 218 1502 227; x_wconf 44' lang='lat'><strong>¹</strong></span> <span class='ocrx_word' id='word_1_10' title='bbox 1704 220 1834 326; x_wconf 67' lang='lat' dir='ltr'><strong>rese</strong></span> 
     </span>
    </p>
   </div>
   <div class='ocr_carea' id='block_1_2' title="bbox 68 398 1851 2348">
    <p class='ocr_par' dir='ltr' id='par_1_2' title="bbox 68 398 1851 2348">
     <span class='ocr_line' id='line_1_2' title="bbox 72 398 1781 475; baseline 0.001 -19"><span class='ocrx_word' id='word_1_11' title='bbox 72 398 160 456; x_wconf 87' lang='lat' dir='ltr'><strong>annis</strong></span> <span class='ocrx_word' id='word_1_12' title='bbox 175 414 225 471; x_wconf 92' lang='lat' dir='ltr'><strong>per</strong></span> <span class='ocrx_word' id='word_1_13' title='bbox 239 399 358 457; x_wconf 86' lang='lat' dir='ltr'><strong>boatum</strong></span> <span class='ocrx_word' id='word_1_14' title='bbox 369 399 572 458; x_wconf 78' lang='lat' dir='ltr'><strong>lltlrelvoldum</strong></span> <span class='ocrx_word' id='word_1_15' title='bbox 587 400 744 474; x_wconf 86' lang='lat' dir='ltr'><strong>ampliatus</strong></span> <span class='ocrx_word' id='word_1_16' title='bbox 759 406 803 459; x_wconf 91' lang='lat' dir='ltr'><strong>est</strong></span> <span class='ocrx_word' id='word_1_17' title='bbox 817 402 899 459; x_wconf 92' lang='lat' dir='ltr'><strong>looue</strong></span> <span class='ocrx_word' id='word_1_18' title='bbox 913 403 942 473; x_wconf 71' lang='lat' dir='ltr'>A</span> <span class='ocrx_word' id='word_1_19' title='bbox 955 405 1015 458; x_wconf 88' lang='lat' dir='ltr'><strong>tate</strong></span> <span class='ocrx_word' id='word_1_20' title='bbox 1028 401 1160 474; x_wconf 88' lang='lat' dir='ltr'><strong>obsequti</strong></span> <span class='ocrx_word' id='word_1_21' title='bbox 1171 401 1313 458; x_wconf 83' lang='lat' dir='ltr'><strong>inritavit.</strong></span> <span class='ocrx_word' id='word_1_22' title='bbox 1332 400 1391 459; x_wconf 90' lang='lat' dir='ltr'><strong>Neo</strong></span> <span class='ocrx_word' id='word_1_23' title='bbox 1404 403 1593 475; x_wconf 75' lang='lat' dir='ltr'><strong>resupinabat</strong></span> <span class='ocrx_word' id='word_1_24' title='bbox 1606 418 1669 459; x_wconf 85' lang='lat' dir='ltr'><strong>eam</strong></span> <span class='ocrx_word' id='word_1_25' title='bbox 1681 419 1781 475; x_wconf 86' lang='lat' dir='ltr'><strong>prosa·</strong></span> 
     </span>
     <span class='ocr_line' id='line_1_3' title="bbox 70 486 1828 565; baseline 0.002 -21"><span class='ocrx_word' id='word_1_26' title='bbox 70 486 120 544; x_wconf 88' lang='lat' dir='ltr'><strong>ille</strong></span> <span class='ocrx_word' id='word_1_27' title='bbox 132 506 139 544; x_wconf 90' lang='lat'>:</span> <span class='ocrx_word' id='word_1_28' title='bbox 153 488 263 560; x_wconf 89' lang='lat' dir='ltr'><strong>quibus</strong></span> <span class='ocrx_word' id='word_1_29' title='bbox 272 489 431 562; x_wconf 77' lang='lat' dir='ltr'><strong>preposuit</strong></span> <span class='ocrx_word' id='word_1_30' title='bbox 439 489 631 547; x_wconf 76' lang='lat' dir='ltr'><strong>dtbelritlram</strong></span> <span class='ocrx_word' id='word_1_31' title='bbox 641 490 784 564; x_wconf 87' lang='lat' dir='ltr'><strong>virginem</strong></span> <span class='ocrx_word' id='word_1_32' title='bbox 800 507 900 560; x_wconf 88' lang='lat' dir='ltr'><strong>anum,</strong></span> <span class='ocrx_word' id='word_1_33' title='bbox 955 492 1009 565; x_wconf 76' lang='lat' dir='ltr'><strong>pia</strong></span> <span class='ocrx_word' id='word_1_34' title='bbox 1025 491 1180 561; x_wconf 89' lang='lat' dir='ltr'><strong>celsitudo,</strong></span> <span class='ocrx_word' id='word_1_35' title='bbox 1197 492 1272 563; x_wconf 85' lang='lat' dir='ltr'><strong>quod</strong></span> <span class='ocrx_word' id='word_1_36' title='bbox 1298 505 1474 564; x_wconf 91' lang='lat' dir='ltr'><strong>generosum</strong></span> <span class='ocrx_word' id='word_1_37' title='bbox 1492 497 1606 563; x_wconf 87' lang='lat' dir='ltr'><strong>putaret</strong></span> <span class='ocrx_word' id='word_1_38' title='bbox 1627 492 1658 548; x_wconf 88' lang='lat' dir='ltr'><strong>fn</strong></span> <span class='ocrx_word' id='word_1_39' title='bbox 1673 491 1781 549; x_wconf 89' lang='lat' dir='ltr'><strong>Christi</strong></span> <span class='ocrx_word' id='word_1_40' title='bbox 1822 526 1828 535; x_wconf 75' lang='lat'><em>·</em></span> 
     </span>
     <span class='ocr_line' id='line_1_4' title="bbox 72 578 1780 651; baseline 0.004 -18"><span class='ocrx_word' id='word_1_41' title='bbox 72 593 136 651; x_wconf 78' lang='lat' dir='ltr'><strong>qus</strong></span> <span class='ocrx_word' id='word_1_42' title='bbox 158 579 194 634; x_wconf 92' lang='lat' dir='ltr'><strong>ad</strong></span> <span class='ocrx_word' id='word_1_43' title='bbox 219 578 417 649; x_wconf 85' lang='lat' dir='ltr'><strong>conjecturam</strong></span> <span class='ocrx_word' id='word_1_44' title='bbox 440 579 640 651; x_wconf 88' lang='lat' dir='ltr'><strong>somniiquod</strong></span> <span class='ocrx_word' id='word_1_45' title='bbox 671 584 762 637; x_wconf 87' lang='lat' dir='ltr'><strong>mater</strong></span> <span class='ocrx_word' id='word_1_46' title='bbox 777 580 841 651; x_wconf 84' lang='lat' dir='ltr'><strong>ejus</strong></span> <span class='ocrx_word' id='word_1_47' title='bbox 865 581 900 639; x_wconf 90' lang='lat' dir='ltr'><strong>de</strong></span> <span class='ocrx_word' id='word_1_48' title='bbox 953 579 1091 637; x_wconf 88' lang='lat' dir='ltr'><strong>inclinari</strong></span> <span class='ocrx_word' id='word_1_49' title='bbox 1107 580 1235 637; x_wconf 84' lang='lat' dir='ltr'><strong>servitio.</strong></span> <span class='ocrx_word' id='word_1_50' title='bbox 1258 580 1414 637; x_wconf 87' lang='lat' dir='ltr'><strong>Crescebat</strong></span> <span class='ocrx_word' id='word_1_51' title='bbox 1428 597 1494 636; x_wconf 91' lang='lat' dir='ltr'><strong>cum</strong></span> <span class='ocrx_word' id='word_1_52' title='bbox 1520 586 1606 638; x_wconf 83' lang='lat' dir='ltr'><strong>aetate</strong></span> <span class='ocrx_word' id='word_1_53' title='bbox 1629 581 1780 639; x_wconf 86' lang='lat' dir='ltr'><strong>sanctitas.</strong></span> 
     </span>
     <span class='ocr_line' id='line_1_5' title="bbox 73 667 1783 742; baseline 0.003 -20"><span class='ocrx_word' id='word_1_54' title='bbox 73 668 173 740; x_wconf 88' lang='lat' dir='ltr'><strong>aquile</strong></span> <span class='ocrx_word' id='word_1_55' title='bbox 187 667 298 724; x_wconf 86' lang='lat' dir='ltr'><strong>videret</strong></span> <span class='ocrx_word' id='word_1_56' title='bbox 325 683 424 736; x_wconf 88' lang='lat' dir='ltr'><strong>aurea,</strong></span> <span class='ocrx_word' id='word_1_57' title='bbox 441 668 533 726; x_wconf 90' lang='lat' dir='ltr'><strong>multa</strong></span> <span class='ocrx_word' id='word_1_58' title='bbox 555 669 591 725; x_wconf 90' lang='lat' dir='ltr'><strong>de</strong></span> <span class='ocrx_word' id='word_1_59' title='bbox 610 668 675 742; x_wconf 88' lang='lat' dir='ltr'><strong>ipso</strong></span> <span class='ocrx_word' id='word_1_60' title='bbox 705 669 899 742; x_wconf 73' lang='lat' dir='ltr'><strong>prophetavit.</strong></span> <span class='ocrx_word' id='word_1_61' title='bbox 956 670 1141 727; x_wconf 79' lang='lat' dir='ltr'><strong>adolescebat</strong></span> <span class='ocrx_word' id='word_1_62' title='bbox 1169 685 1235 725; x_wconf 90' lang='lat' dir='ltr'><strong>oum</strong></span> <span class='ocrx_word' id='word_1_63' title='bbox 1253 670 1355 726; x_wconf 86' lang='lat' dir='ltr'><strong>adulta</strong></span> <span class='ocrx_word' id='word_1_64' title='bbox 1380 669 1535 727; x_wconf 84' lang='lat' dir='ltr'><strong>humilitas</strong></span> <span class='ocrx_word' id='word_1_65' title='bbox 1550 671 1580 725; x_wconf 93' lang='lat' dir='ltr'><strong>in</strong></span> <span class='ocrx_word' id='word_1_66' title='bbox 1605 674 1732 737; x_wconf 87' lang='lat' dir='ltr'><strong>tantum,</strong></span> <span class='ocrx_word' id='word_1_67' title='bbox 1750 677 1783 727; x_wconf 90' lang='lat' dir='ltr'><strong>ut</strong></span> 
     </span>
     <span class='ocr_line' id='line_1_6' title="bbox 74 756 1783 832; baseline 0.001 -20"><span class='ocrx_word' id='word_1_68' title='bbox 74 756 180 814; x_wconf 83' lang='lat' dir='ltr'><strong>Fuerat</strong></span> <span class='ocrx_word' id='word_1_69' title='bbox 194 757 235 813; x_wconf 90' lang='lat' dir='ltr'><strong>ibi</strong></span> <span class='ocrx_word' id='word_1_70' title='bbox 263 760 331 814; x_wconf 88' lang='lat' dir='ltr'><strong>ente</strong></span> <span class='ocrx_word' id='word_1_71' title='bbox 350 757 427 815; x_wconf 91' lang='lat' dir='ltr'><strong>hano</strong></span> <span class='ocrx_word' id='word_1_72' title='bbox 449 758 702 831; x_wconf 88' lang='lat' dir='ltr'><strong>monasteriolum,</strong></span> <span class='ocrx_word' id='word_1_73' title='bbox 719 759 749 815; x_wconf 91' lang='lat' dir='ltr'><strong>in</strong></span> <span class='ocrx_word' id='word_1_74' title='bbox 775 775 833 832; x_wconf 91' lang='lat' dir='ltr'><strong>quo</strong></span> <span class='ocrx_word' id='word_1_75' title='bbox 846 759 900 815; x_wconf 79' lang='lat' dir='ltr'><strong>idd-</strong></span> <span class='ocrx_word' id='word_1_76' title='bbox 954 759 1138 832; x_wconf 88' lang='lat' dir='ltr'><strong>singularum</strong></span> <span class='ocrx_word' id='word_1_77' title='bbox 1154 775 1256 816; x_wconf 84' lang='lat' dir='ltr'><strong>soccos</strong></span> <span class='ocrx_word' id='word_1_78' title='bbox 1272 759 1374 815; x_wconf 89' lang='lat' dir='ltr'><strong>furtim</strong></span> <span class='ocrx_word' id='word_1_79' title='bbox 1395 762 1483 815; x_wconf 91' lang='lat' dir='ltr'><strong>noctu</strong></span> <span class='ocrx_word' id='word_1_80' title='bbox 1504 758 1679 831; x_wconf 83' lang='lat' dir='ltr'><strong>subriperet,</strong></span> <span class='ocrx_word' id='word_1_81' title='bbox 1694 764 1723 815; x_wconf 91' lang='lat' dir='ltr'><strong>et</strong></span> <span class='ocrx_word' id='word_1_82' title='bbox 1737 758 1783 814; x_wconf 91' lang='lat' dir='ltr'><strong>di-</strong></span> 
     </span>
     <span class='ocr_line' id='line_1_7' title="bbox 73 845 1779 922; baseline -0.001 -19"><span class='ocrx_word' id='word_1_83' title='bbox 73 845 164 917; x_wconf 88' lang='lat' dir='ltr'><strong>burgs</strong></span> <span class='ocrx_word' id='word_1_84' title='bbox 179 846 257 919; x_wconf 91' lang='lat' dir='ltr'><strong>regis</strong></span> <span class='ocrx_word' id='word_1_85' title='bbox 286 847 422 904; x_wconf 87' lang='lat' dir='ltr'><strong>lldwardi</strong></span> <span class='ocrx_word' id='word_1_86' title='bbox 441 848 563 906; x_wconf 90' lang='lat' dir='ltr'><strong>senioris</strong></span> <span class='ocrx_word' id='word_1_87' title='bbox 588 846 649 904; x_wconf 88' lang='lat' dir='ltr'><strong>illia</strong></span> <span class='ocrx_word' id='word_1_88' title='bbox 675 853 846 906; x_wconf 87' lang='lat' dir='ltr'><strong>conversata</strong></span> <span class='ocrx_word' id='word_1_89' title='bbox 871 852 900 906; x_wconf 92' lang='lat' dir='ltr'><strong>et</strong></span> <span class='ocrx_word' id='word_1_90' title='bbox 956 847 1081 922; x_wconf 89' lang='lat' dir='ltr'><strong>ligenter</strong></span> <span class='ocrx_word' id='word_1_91' title='bbox 1095 846 1171 906; x_wconf 91' lang='lat' dir='ltr'><strong>lotos</strong></span> <span class='ocrx_word' id='word_1_92' title='bbox 1186 852 1215 904; x_wconf 92' lang='lat' dir='ltr'><strong>et</strong></span> <span class='ocrx_word' id='word_1_93' title='bbox 1233 847 1370 905; x_wconf 89' lang='lat' dir='ltr'><strong>inunctos</strong></span> <span class='ocrx_word' id='word_1_94' title='bbox 1391 848 1473 904; x_wconf 91' lang='lat' dir='ltr'><strong>lectis</strong></span> <span class='ocrx_word' id='word_1_95' title='bbox 1487 864 1590 904; x_wconf 90' lang='lat' dir='ltr'><strong>rursus</strong></span> <span class='ocrx_word' id='word_1_96' title='bbox 1610 852 1779 919; x_wconf 91' lang='lat' dir='ltr'><strong>apponeret.</strong></span> 
     </span>
     <span class='ocr_line' id='line_1_8' title="bbox 74 935 1781 1011; baseline 0.001 -20"><span class='ocrx_word' id='word_1_97' title='bbox 74 935 209 993; x_wconf 87' lang='lat' dir='ltr'><strong>defuncte</strong></span> <span class='ocrx_word' id='word_1_98' title='bbox 225 937 466 1007; x_wconf 85' lang='lat' dir='ltr'><strong>fuerat,aedtunc</strong></span> <span class='ocrx_word' id='word_1_99' title='bbox 477 955 551 1011; x_wconf 91' lang='lat' dir='ltr'><strong>pene</strong></span> <span class='ocrx_word' id='word_1_100' title='bbox 561 938 750 994; x_wconf 88' lang='lat' dir='ltr'><strong>destructum.</strong></span> <span class='ocrx_word' id='word_1_101' title='bbox 764 938 899 1011; x_wconf 81' lang='lat' dir='ltr'><strong>lldburga</strong></span> <span class='ocrx_word' id='word_1_102' title='bbox 955 938 1141 995; x_wconf 84' lang='lat' dir='ltr'><strong>Devotionem</strong></span> <span class='ocrx_word' id='word_1_103' title='bbox 1155 954 1224 1011; x_wconf 87' lang='lat' dir='ltr'><strong>ergo</strong></span> <span class='ocrx_word' id='word_1_104' title='bbox 1240 938 1367 1010; x_wconf 87' lang='lat' dir='ltr'><strong>pectoris</strong></span> <span class='ocrx_word' id='word_1_105' title='bbox 1382 938 1448 1010; x_wconf 81' lang='lat' dir='ltr'><strong>ejus</strong></span> <span class='ocrx_word' id='word_1_106' title='bbox 1462 942 1491 995; x_wconf 89' lang='lat' dir='ltr'><strong>et</strong></span> <span class='ocrx_word' id='word_1_107' title='bbox 1505 938 1703 1010; x_wconf 85' lang='lat' dir='ltr'><strong>integritatem</strong></span> <span class='ocrx_word' id='word_1_108' title='bbox 1715 953 1781 994; x_wconf 89' lang='lat' dir='ltr'><strong>cor·</strong></span> 
     </span>
     <span class='ocr_line' id='line_1_9' title="bbox 72 1023 1781 1100; baseline 0.001 -20"><span class='ocrx_word' id='word_1_109' title='bbox 72 1023 120 1081; x_wconf 81' lang='lat' dir='ltr'><strong>vix</strong></span> <span class='ocrx_word' id='word_1_110' title='bbox 135 1025 205 1081; x_wconf 90' lang='lat' dir='ltr'><strong>dum</strong></span> <span class='ocrx_word' id='word_1_111' title='bbox 220 1026 310 1082; x_wconf 90' lang='lat' dir='ltr'><strong>trima</strong></span> <span class='ocrx_word' id='word_1_112' title='bbox 324 1031 409 1097; x_wconf 85' lang='lat' dir='ltr'><strong>esset,</strong></span> <span class='ocrx_word' id='word_1_113' title='bbox 431 1026 589 1100; x_wconf 84' lang='lat' dir='ltr'><strong>spectabile</strong></span> <span class='ocrx_word' id='word_1_114' title='bbox 614 1026 716 1082; x_wconf 82' lang='lat' dir='ltr'><strong>futurae</strong></span> <span class='ocrx_word' id='word_1_115' title='bbox 733 1027 898 1085; x_wconf 86' lang='lat' dir='ltr'><strong>sanctitatis</strong></span> <span class='ocrx_word' id='word_1_116' title='bbox 953 1027 1043 1099; x_wconf 89' lang='lat' dir='ltr'><strong>poris,</strong></span> <span class='ocrx_word' id='word_1_117' title='bbox 1057 1027 1199 1084; x_wconf 90' lang='lat' dir='ltr'><strong>mireouls</strong></span> <span class='ocrx_word' id='word_1_118' title='bbox 1209 1029 1237 1084; x_wconf 93' lang='lat' dir='ltr'><strong>in</strong></span> <span class='ocrx_word' id='word_1_119' title='bbox 1249 1027 1307 1083; x_wconf 84' lang='lat' dir='ltr'><strong>vita</strong></span> <span class='ocrx_word' id='word_1_120' title='bbox 1317 1031 1346 1084; x_wconf 86' lang='lat' dir='ltr'><strong>et</strong></span> <span class='ocrx_word' id='word_1_121' title='bbox 1357 1030 1422 1099; x_wconf 92' lang='lat' dir='ltr'><strong>poet</strong></span> <span class='ocrx_word' id='word_1_122' title='bbox 1435 1032 1561 1083; x_wconf 88' lang='lat' dir='ltr'><strong>mortem</strong></span> <span class='ocrx_word' id='word_1_123' title='bbox 1573 1026 1781 1083; x_wconf 85' lang='lat' dir='ltr'><strong>commendant</strong></span> 
     </span>
     <span class='ocr_line' id='line_1_10' title="bbox 73 1112 1780 1193; baseline 0.001 -23"><span class='ocrx_word' id='word_1_124' title='bbox 73 1113 150 1170; x_wconf 88' lang='lat' dir='ltr'><strong>dedit</strong></span> <span class='ocrx_word' id='word_1_125' title='bbox 164 1112 626 1187; x_wconf 72' lang='lat' dir='ltr'><strong>pericnlum.Explorarerolebat</strong></span> <span class='ocrx_word' id='word_1_126' title='bbox 641 1123 734 1193; x_wconf 87' lang='lat' dir='ltr'><strong>pater,</strong></span> <span class='ocrx_word' id='word_1_127' title='bbox 749 1119 846 1174; x_wconf 91' lang='lat' dir='ltr'><strong>utrum</strong></span> <span class='ocrx_word' id='word_1_128' title='bbox 861 1117 897 1173; x_wconf 87' lang='lat' dir='ltr'><strong>ad</strong></span> <span class='ocrx_word' id='word_1_129' title='bbox 952 1117 1169 1189; x_wconf 63' lang='lat' dir='ltr'><strong>plurimaque</strong></span> <span class='ocrx_word' id='word_1_130' title='bbox 1185 1118 1323 1175; x_wconf 88' lang='lat' dir='ltr'><strong>custodes</strong></span> <span class='ocrx_word' id='word_1_131' title='bbox 1335 1115 1512 1189; x_wconf 89' lang='lat' dir='ltr'><strong>templorum</strong></span> <span class='ocrx_word' id='word_1_132' title='bbox 1524 1114 1780 1173; x_wconf 87' lang='lat' dir='ltr'><strong>vivavocemelius</strong></span> 
     </span>
     <span class='ocr_line' id='line_1_11' title="bbox 71 1204 1779 1279; baseline 0.001 -20"><span class='ocrx_word' id='word_1_133' title='bbox 71 1206 159 1259; x_wconf 83' lang='lat' dir='ltr'><strong>Deum</strong></span> <span class='ocrx_word' id='word_1_134' title='bbox 180 1219 216 1260; x_wconf 89' lang='lat' dir='ltr'><strong>an</strong></span> <span class='ocrx_word' id='word_1_135' title='bbox 240 1204 274 1260; x_wconf 87' lang='lat' dir='ltr'><strong>ad</strong></span> <span class='ocrx_word' id='word_1_136' title='bbox 299 1204 440 1262; x_wconf 82' lang='lat' dir='ltr'><strong>seculum</strong></span> <span class='ocrx_word' id='word_1_137' title='bbox 459 1206 641 1266; x_wconf 80' lang='lat' dir='ltr'><strong>declinatura</strong></span> <span class='ocrx_word' id='word_1_138' title='bbox 664 1210 744 1266; x_wconf 89' lang='lat' dir='ltr'><strong>esset</strong></span> <span class='ocrx_word' id='word_1_139' title='bbox 769 1206 895 1279; x_wconf 86' lang='lat' dir='ltr'><strong>pusiola.</strong></span> <span class='ocrx_word' id='word_1_140' title='bbox 951 1206 1153 1279; x_wconf 87' lang='lat' dir='ltr'><strong>pronuntiant.</strong></span> <span class='ocrx_word' id='word_1_141' title='bbox 1176 1208 1209 1263; x_wconf 87' lang='lat' dir='ltr'><strong>ln</strong></span> <span class='ocrx_word' id='word_1_142' title='bbox 1225 1206 1355 1275; x_wconf 79' lang='lat' dir='ltr'><strong>ejusdem</strong></span> <span class='ocrx_word' id='word_1_143' title='bbox 1375 1205 1560 1277; x_wconf 85' lang='lat' dir='ltr'><strong>episcopatus</strong></span> <span class='ocrx_word' id='word_1_144' title='bbox 1575 1205 1693 1261; x_wconf 78' lang='lat' dir='ltr'><strong>dimoesi</strong></span> <span class='ocrx_word' id='word_1_145' title='bbox 1708 1209 1779 1261; x_wconf 90' lang='lat' dir='ltr'><strong>aunt</strong></span> 
     </span>
     <span class='ocr_line' id='line_1_12' title="bbox 70 1291 1776 1371; baseline 0.002 -24"><span class='ocrx_word' id='word_1_146' title='bbox 70 1291 270 1365; x_wconf 89' lang='lat' dir='ltr'><strong>Posueratque</strong></span> <span class='ocrx_word' id='word_1_147' title='bbox 284 1291 315 1350; x_wconf 91' lang='lat' dir='ltr'><strong>in</strong></span> <span class='ocrx_word' id='word_1_148' title='bbox 331 1293 458 1351; x_wconf 89' lang='lat' dir='ltr'><strong>triclinio</strong></span> <span class='ocrx_word' id='word_1_149' title='bbox 480 1294 664 1355; x_wconf 89' lang='lat' dir='ltr'><strong>diversarum</strong></span> <span class='ocrx_word' id='word_1_150' title='bbox 682 1294 898 1371; x_wconf 76' lang='lat' dir='ltr'><strong>professionum</strong></span> <span class='ocrx_word' id='word_1_151' title='bbox 951 1296 1007 1352; x_wconf 90' lang='lat' dir='ltr'><strong>tria</strong></span> <span class='ocrx_word' id='word_1_152' title='bbox 1023 1295 1199 1354; x_wconf 85' lang='lat' dir='ltr'><strong>monasteria</strong></span> <span class='ocrx_word' id='word_1_153' title='bbox 1210 1311 1217 1351; x_wconf 91' lang='lat'>:</span> <span class='ocrx_word' id='word_1_154' title='bbox 1229 1293 1384 1366; x_wconf 74' lang='lat' dir='ltr'><strong>(tartessia,</strong></span> <span class='ocrx_word' id='word_1_155' title='bbox 1398 1294 1572 1361; x_wconf 86' lang='lat' dir='ltr'><strong>Rumeseis,</strong></span> <span class='ocrx_word' id='word_1_156' title='bbox 1583 1292 1776 1351; x_wconf 81' lang='lat' dir='ltr'><strong>warewellae.</strong></span> 
     </span>
     <span class='ocr_line' id='line_1_13' title="bbox 69 1381 1778 1459; baseline 0.001 -22"><span class='ocrx_word' id='word_1_157' title='bbox 69 1386 259 1438; x_wconf 86' lang='lat' dir='ltr'><strong>ornamenta:</strong></span> <span class='ocrx_word' id='word_1_158' title='bbox 279 1381 350 1440; x_wconf 89' lang='lat' dir='ltr'><strong>lrfno</strong></span> <span class='ocrx_word' id='word_1_159' title='bbox 365 1381 484 1442; x_wconf 89' lang='lat' dir='ltr'><strong>celloem</strong></span> <span class='ocrx_word' id='word_1_160' title='bbox 501 1386 699 1459; x_wconf 88' lang='lat' dir='ltr'><strong>etevangelia,</strong></span> <span class='ocrx_word' id='word_1_161' title='bbox 715 1386 784 1443; x_wconf 87' lang='lat' dir='ltr'><strong>inde</strong></span> <span class='ocrx_word' id='word_1_162' title='bbox 798 1383 897 1442; x_wconf 87' lang='lat' dir='ltr'><strong>armil·</strong></span> <span class='ocrx_word' id='word_1_163' title='bbox 950 1386 1005 1442; x_wconf 79' lang='lat' dir='ltr'><strong>Sed</strong></span> <span class='ocrx_word' id='word_1_164' title='bbox 1015 1386 1052 1442; x_wconf 92' lang='lat' dir='ltr'><strong>de</strong></span> <span class='ocrx_word' id='word_1_165' title='bbox 1062 1384 1233 1443; x_wconf 83' lang='lat' dir='ltr'><strong>Gurtssiensi</strong></span> <span class='ocrx_word' id='word_1_166' title='bbox 1244 1385 1354 1441; x_wconf 88' lang='lat' dir='ltr'><strong>dictum</strong></span> <span class='ocrx_word' id='word_1_167' title='bbox 1365 1390 1420 1442; x_wconf 89' lang='lat' dir='ltr'><strong>est.</strong></span> <span class='ocrx_word' id='word_1_168' title='bbox 1434 1388 1471 1441; x_wconf 82' lang='lat' dir='ltr'><strong>lle</strong></span> <span class='ocrx_word' id='word_1_169' title='bbox 1484 1381 1778 1452; x_wconf 79' lang='lat' dir='ltr'><strong>Warewellaesoitur,</strong></span> 
     </span>
     <span class='ocr_line' id='line_1_14' title="bbox 68 1470 1776 1549; baseline 0 -21"><span class='ocrx_word' id='word_1_170' title='bbox 68 1470 113 1528; x_wconf 81' lang='lat' dir='ltr'><strong>lae</strong></span> <span class='ocrx_word' id='word_1_171' title='bbox 125 1472 298 1530; x_wconf 90' lang='lat' dir='ltr'><strong>etmonilia.</strong></span> <span class='ocrx_word' id='word_1_172' title='bbox 315 1472 387 1530; x_wconf 90' lang='lat' dir='ltr'><strong>llluo</strong></span> <span class='ocrx_word' id='word_1_173' title='bbox 401 1475 573 1543; x_wconf 84' lang='lat' dir='ltr'><strong>virguncula</strong></span> <span class='ocrx_word' id='word_1_174' title='bbox 587 1495 605 1535; x_wconf 89' lang='lat' dir='ltr'><strong>a</strong></span> <span class='ocrx_word' id='word_1_175' title='bbox 620 1478 731 1535; x_wconf 88' lang='lat' dir='ltr'><strong>nutrice</strong></span> <span class='ocrx_word' id='word_1_176' title='bbox 748 1477 836 1535; x_wconf 84' lang='lat' dir='ltr'><strong>allata</strong></span> <span class='ocrx_word' id='word_1_177' title='bbox 849 1492 897 1549; x_wconf 84' lang='lat' dir='ltr'><strong>ge·</strong></span> <span class='ocrx_word' id='word_1_178' title='bbox 952 1476 1027 1548; x_wconf 91' lang='lat' dir='ltr'><strong>quod</strong></span> <span class='ocrx_word' id='word_1_179' title='bbox 1047 1474 1158 1532; x_wconf 83' lang='lat' dir='ltr'><strong>lllfrida</strong></span> <span class='ocrx_word' id='word_1_180' title='bbox 1176 1491 1249 1531; x_wconf 86' lang='lat' dir='ltr'><strong>uxor</strong></span> <span class='ocrx_word' id='word_1_181' title='bbox 1273 1474 1350 1547; x_wconf 90' lang='lat' dir='ltr'><strong>regis</strong></span> <span class='ocrx_word' id='word_1_182' title='bbox 1366 1475 1468 1544; x_wconf 81' lang='lat' dir='ltr'><strong>Edgari</strong></span> <span class='ocrx_word' id='word_1_183' title='bbox 1484 1472 1670 1530; x_wconf 81' lang='lat' dir='ltr'><strong>edificaverit</strong></span> <span class='ocrx_word' id='word_1_184' title='bbox 1692 1471 1776 1529; x_wconf 89' lang='lat' dir='ltr'><strong>illum</strong></span> 
     </span>
     <span class='ocr_line' id='line_1_15' title="bbox 71 1559 1776 1639; baseline 0 -22"><span class='ocrx_word' id='word_1_185' title='bbox 71 1559 408 1632; x_wconf 84' lang='lat' dir='ltr'><strong>uibusparentisassedit</strong></span> <span class='ocrx_word' id='word_1_186' title='bbox 419 1565 679 1639; x_wconf 89' lang='lat' dir='ltr'><strong>:jussaqueutrum</strong></span> <span class='ocrx_word' id='word_1_187' title='bbox 691 1565 897 1638; x_wconf 87' lang='lat' dir='ltr'><strong>relfetoligere,</strong></span> <span class='ocrx_word' id='word_1_188' title='bbox 951 1565 981 1621; x_wconf 93' lang='lat' dir='ltr'><strong>in</strong></span> <span class='ocrx_word' id='word_1_189' title='bbox 998 1565 1108 1622; x_wconf 89' lang='lat' dir='ltr'><strong>bonore</strong></span> <span class='ocrx_word' id='word_1_190' title='bbox 1132 1567 1240 1621; x_wconf 82' lang='lat' dir='ltr'><strong>sancte</strong></span> <span class='ocrx_word' id='word_1_191' title='bbox 1256 1565 1363 1632; x_wconf 87' lang='lat' dir='ltr'><strong>crucis,</strong></span> <span class='ocrx_word' id='word_1_192' title='bbox 1379 1570 1553 1635; x_wconf 89' lang='lat' dir='ltr'><strong>compuncta</strong></span> <span class='ocrx_word' id='word_1_193' title='bbox 1573 1561 1700 1635; x_wconf 85' lang='lat' dir='ltr'><strong>privigni</strong></span> <span class='ocrx_word' id='word_1_194' title='bbox 1729 1561 1776 1617; x_wconf 90' lang='lat' dir='ltr'><strong>eui</strong></span> 
     </span>
     <span class='ocr_line' id='line_1_16' title="bbox 69 1651 1778 1730; baseline 0 -25"><span class='ocrx_word' id='word_1_195' title='bbox 69 1652 440 1722; x_wconf 80' lang='lat' dir='ltr'><strong>torvoaspeetosecularia</strong></span> <span class='ocrx_word' id='word_1_196' title='bbox 450 1654 610 1728; x_wconf 84' lang='lat' dir='ltr'><strong>despuens,</strong></span> <span class='ocrx_word' id='word_1_197' title='bbox 626 1661 819 1730; x_wconf 87' lang='lat' dir='ltr'><strong>promptoque</strong></span> <span class='ocrx_word' id='word_1_198' title='bbox 835 1673 900 1714; x_wconf 88' lang='lat' dir='ltr'><strong>ms·</strong></span> <span class='ocrx_word' id='word_1_199' title='bbox 951 1652 1083 1711; x_wconf 85' lang='lat' dir='ltr'><strong>ltdwordi</strong></span> <span class='ocrx_word' id='word_1_200' title='bbox 1098 1668 1169 1709; x_wconf 93' lang='lat' dir='ltr'><strong>nece</strong></span> <span class='ocrx_word' id='word_1_201' title='bbox 1182 1651 1322 1725; x_wconf 88' lang='lat' dir='ltr'><strong>indigna:</strong></span> <span class='ocrx_word' id='word_1_202' title='bbox 1336 1652 1422 1724; x_wconf 75' lang='lat' dir='ltr'><strong>cnjus</strong></span> <span class='ocrx_word' id='word_1_203' title='bbox 1433 1651 1497 1723; x_wconf 87' lang='lat' dir='ltr'><strong>ipsa</strong></span> <span class='ocrx_word' id='word_1_204' title='bbox 1507 1651 1663 1707; x_wconf 82' lang='lat' dir='ltr'><strong>consciust</strong></span> <span class='ocrx_word' id='word_1_205' title='bbox 1677 1653 1778 1706; x_wconf 89' lang='lat' dir='ltr'><strong>auctor</strong></span> 
     </span>
     <span class='ocr_line' id='line_1_17' title="bbox 71 1736 1775 1820; baseline -0.001 -24"><span class='ocrx_word' id='word_1_206' title='bbox 71 1738 160 1796; x_wconf 88' lang='lat' dir='ltr'><strong>nibus</strong></span> <span class='ocrx_word' id='word_1_207' title='bbox 180 1755 285 1811; x_wconf 88' lang='lat' dir='ltr'><strong>repens</strong></span> <span class='ocrx_word' id='word_1_208' title='bbox 298 1742 451 1814; x_wconf 88' lang='lat' dir='ltr'><strong>evangelia</strong></span> <span class='ocrx_word' id='word_1_209' title='bbox 462 1748 491 1801; x_wconf 90' lang='lat' dir='ltr'><strong>et</strong></span> <span class='ocrx_word' id='word_1_210' title='bbox 501 1743 623 1803; x_wconf 86' lang='lat' dir='ltr'><strong>calicem</strong></span> <span class='ocrx_word' id='word_1_211' title='bbox 635 1745 760 1820; x_wconf 85' lang='lat' dir='ltr'><strong>puellari</strong></span> <span class='ocrx_word' id='word_1_212' title='bbox 773 1746 896 1804; x_wconf 88' lang='lat' dir='ltr'><strong>adorna·</strong></span> <span class='ocrx_word' id='word_1_213' title='bbox 913 1744 939 1812; x_wconf 79' lang='grc' dir='ltr'><strong>Β</strong></span> <span class='ocrx_word' id='word_1_214' title='bbox 953 1741 1318 1815; x_wconf 79' lang='lat' dir='ltr'><strong>fuitltpudRumeseiam,</strong></span> <span class='ocrx_word' id='word_1_215' title='bbox 1330 1741 1405 1814; x_wconf 83' lang='lat' dir='ltr'><strong>quod</strong></span> <span class='ocrx_word' id='word_1_216' title='bbox 1426 1739 1592 1798; x_wconf 74' lang='lat' dir='ltr'><strong>cenobium</strong></span> <span class='ocrx_word' id='word_1_217' title='bbox 1608 1736 1775 1810; x_wconf 80' lang='lat' dir='ltr'><strong>praecelleu·</strong></span> 
     </span>
     <span class='ocr_line' id='line_1_18' title="bbox 71 1828 1775 1904; baseline 0.002 -20"><span class='ocrx_word' id='word_1_218' title='bbox 71 1828 113 1885; x_wconf 87' lang='lat' dir='ltr'><strong>vit</strong></span> <span class='ocrx_word' id='word_1_219' title='bbox 136 1829 313 1889; x_wconf 89' lang='lat' dir='ltr'><strong>innocentia.</strong></span> <span class='ocrx_word' id='word_1_220' title='bbox 334 1831 482 1891; x_wconf 85' lang='lat' dir='ltr'><strong>llxolamat</strong></span> <span class='ocrx_word' id='word_1_221' title='bbox 497 1838 589 1892; x_wconf 84' lang='lat' dir='ltr'><strong>coetus</strong></span> <span class='ocrx_word' id='word_1_222' title='bbox 620 1836 828 1904; x_wconf 77' lang='lat' dir='ltr'><strong>assidentium,</strong></span> <span class='ocrx_word' id='word_1_223' title='bbox 844 1852 897 1892; x_wconf 90' lang='lat' dir='ltr'><strong>au·</strong></span> <span class='ocrx_word' id='word_1_224' title='bbox 952 1832 1083 1889; x_wconf 87' lang='lat' dir='ltr'><strong>tissimus</strong></span> <span class='ocrx_word' id='word_1_225' title='bbox 1094 1848 1145 1889; x_wconf 86' lang='lat' dir='ltr'><strong>rex</strong></span> <span class='ocrx_word' id='word_1_226' title='bbox 1158 1831 1289 1904; x_wconf 78' lang='lat' dir='ltr'><strong>lddgarus</strong></span> <span class='ocrx_word' id='word_1_227' title='bbox 1304 1829 1441 1900; x_wconf 89' lang='lat' dir='ltr'><strong>instituit,</strong></span> <span class='ocrx_word' id='word_1_228' title='bbox 1456 1829 1523 1886; x_wconf 93' lang='lat' dir='ltr'><strong>novi</strong></span> <span class='ocrx_word' id='word_1_229' title='bbox 1534 1830 1633 1901; x_wconf 75' lang='lat' dir='ltr'><strong>Jaoere</strong></span> <span class='ocrx_word' id='word_1_230' title='bbox 1648 1828 1775 1887; x_wconf 85' lang='lat' dir='ltr'><strong>duarum</strong></span> 
     </span>
     <span class='ocr_line' id='line_1_19' title="bbox 70 1917 1851 2000; baseline -0.001 -26"><span class='ocrx_word' id='word_1_231' title='bbox 70 1917 162 1990; x_wconf 87' lang='lat' dir='ltr'><strong>spicia</strong></span> <span class='ocrx_word' id='word_1_232' title='bbox 170 1918 274 1976; x_wconf 82' lang='lat' dir='ltr'><strong>futura</strong></span> <span class='ocrx_word' id='word_1_233' title='bbox 282 1920 447 1980; x_wconf 87' lang='lat' dir='ltr'><strong>sanctitatis</strong></span> <span class='ocrx_word' id='word_1_234' title='bbox 455 1925 640 1983; x_wconf 82' lang='lat' dir='ltr'><strong>exosculatus</strong></span> <span class='ocrx_word' id='word_1_235' title='bbox 651 1925 681 1983; x_wconf 90' lang='lat' dir='ltr'><strong>in</strong></span> <span class='ocrx_word' id='word_1_236' title='bbox 691 1924 799 2000; x_wconf 86' lang='lat' dir='ltr'><strong>puelle.</strong></span> <span class='ocrx_word' id='word_1_237' title='bbox 810 1929 897 1983; x_wconf 85' lang='lat' dir='ltr'><strong>Pater</strong></span> <span class='ocrx_word' id='word_1_238' title='bbox 949 1919 1097 1995; x_wconf 88' lang='lat' dir='ltr'><strong>virginum</strong></span> <span class='ocrx_word' id='word_1_239' title='bbox 1107 1936 1230 1995; x_wconf 87' lang='lat' dir='ltr'><strong>corpora</strong></span> <span class='ocrx_word' id='word_1_240' title='bbox 1245 1920 1444 1990; x_wconf 83' lang='lat' dir='ltr'><strong>blerewinue,</strong></span> <span class='ocrx_word' id='word_1_241' title='bbox 1459 1925 1487 1975; x_wconf 90' lang='lat' dir='ltr'><strong>et</strong></span> <span class='ocrx_word' id='word_1_242' title='bbox 1502 1917 1635 1985; x_wconf 85' lang='lat' dir='ltr'><strong>ltlfredse,</strong></span> <span class='ocrx_word' id='word_1_243' title='bbox 1652 1931 1775 1990; x_wconf 89' lang='lat' dir='ltr'><strong>quarum</strong></span> <span class='ocrx_word' id='word_1_244' title='bbox 1847 1956 1851 1963; x_wconf 84' lang='grc'><strong>-</strong></span> 
     </span>
     <span class='ocr_line' id='line_1_20' title="bbox 70 2006 1774 2086; baseline -0.001 -24"><span class='ocrx_word' id='word_1_245' title='bbox 70 2006 134 2079; x_wconf 87' lang='lat' dir='ltr'><strong>ipss</strong></span> <span class='ocrx_word' id='word_1_246' title='bbox 149 2007 324 2067; x_wconf 84' lang='lat' dir='ltr'><strong>arctioribus</strong></span> <span class='ocrx_word' id='word_1_247' title='bbox 344 2010 437 2069; x_wconf 88' lang='lat' dir='ltr'><strong>basiis</strong></span> <span class='ocrx_word' id='word_1_248' title='bbox 452 2013 592 2086; x_wconf 88' lang='lat' dir='ltr'><strong>dignatus</strong></span> <span class='ocrx_word' id='word_1_249' title='bbox 607 2015 738 2074; x_wconf 87' lang='lat' dir='ltr'><strong>sobolem</strong></span> <span class='ocrx_word' id='word_1_250' title='bbox 751 2031 763 2072; x_wconf 77' lang='grc' dir='ltr'><strong>ε·</strong></span> <span class='ocrx_word' id='word_1_251' title='bbox 776 2037 791 2067; x_wconf 75' lang='lat' dir='ltr'><strong>a</strong></span> <span class='ocrx_word' id='word_1_252' title='bbox 806 2014 895 2084; x_wconf 83' lang='lat' dir='ltr'><strong>Vade,</strong></span> <span class='ocrx_word' id='word_1_253' title='bbox 950 2013 1042 2084; x_wconf 88' lang='lat' dir='ltr'><strong>gesta,</strong></span> <span class='ocrx_word' id='word_1_254' title='bbox 1065 2010 1142 2083; x_wconf 90' lang='lat' dir='ltr'><strong>quod</strong></span> <span class='ocrx_word' id='word_1_255' title='bbox 1160 2010 1269 2077; x_wconf 89' lang='lat' dir='ltr'><strong>neseio,</strong></span> <span class='ocrx_word' id='word_1_256' title='bbox 1291 2025 1350 2066; x_wconf 92' lang='lat' dir='ltr'><strong>non</strong></span> <span class='ocrx_word' id='word_1_257' title='bbox 1365 2013 1426 2066; x_wconf 90' lang='lat' dir='ltr'><strong>tam</strong></span> <span class='ocrx_word' id='word_1_258' title='bbox 1455 2011 1605 2081; x_wconf 80' lang='lat' dir='ltr'><strong>pretereo,</strong></span> <span class='ocrx_word' id='word_1_259' title='bbox 1622 2021 1709 2078; x_wconf 85' lang='lat' dir='ltr'><strong>quem</strong></span> <span class='ocrx_word' id='word_1_260' title='bbox 1737 2006 1774 2061; x_wconf 90' lang='lat' dir='ltr'><strong>ad</strong></span> 
     </span>
     <span class='ocr_line' id='line_1_21' title="bbox 69 2094 1846 2178; baseline -0.001 -25"><span class='ocrx_word' id='word_1_261' title='bbox 69 2097 176 2171; x_wconf 86' lang='lat' dir='ltr'><strong>inquit,</strong></span> <span class='ocrx_word' id='word_1_262' title='bbox 190 2115 247 2172; x_wconf 88' lang='lat' dir='ltr'><strong>quo</strong></span> <span class='ocrx_word' id='word_1_263' title='bbox 259 2104 378 2159; x_wconf 87' lang='lat' dir='ltr'><strong>tevooat</strong></span> <span class='ocrx_word' id='word_1_264' title='bbox 399 2101 548 2176; x_wconf 82' lang='lat' dir='ltr'><strong>divinitas,</strong></span> <span class='ocrx_word' id='word_1_265' title='bbox 566 2120 688 2178; x_wconf 87' lang='lat' dir='ltr'><strong>sequere</strong></span> <span class='ocrx_word' id='word_1_266' title='bbox 705 2106 801 2164; x_wconf 85' lang='lat' dir='ltr'><strong>fausto</strong></span> <span class='ocrx_word' id='word_1_267' title='bbox 812 2105 895 2178; x_wconf 89' lang='lat' dir='ltr'><strong>pede,</strong></span> <span class='ocrx_word' id='word_1_268' title='bbox 951 2101 1092 2174; x_wconf 88' lang='lat' dir='ltr'><strong>majorem</strong></span> <span class='ocrx_word' id='word_1_269' title='bbox 1102 2099 1252 2158; x_wconf 87' lang='lat' dir='ltr'><strong>scribendi</strong></span> <span class='ocrx_word' id='word_1_270' title='bbox 1268 2097 1450 2172; x_wconf 81' lang='lat' dir='ltr'><strong>diligentiam</strong></span> <span class='ocrx_word' id='word_1_271' title='bbox 1467 2111 1593 2166; x_wconf 90' lang='lat' dir='ltr'><strong>reservo,</strong></span> <span class='ocrx_word' id='word_1_272' title='bbox 1608 2094 1634 2152; x_wconf 89' lang='lat' dir='ltr'><strong>si</strong></span> <span class='ocrx_word' id='word_1_273' title='bbox 1646 2095 1779 2152; x_wconf 86' lang='lat' dir='ltr'><strong>forteco·</strong></span> <span class='ocrx_word' id='word_1_274' title='bbox 1843 2102 1846 2109; x_wconf 89' lang='lat'>&#39;</span> 
     </span>
     <span class='ocr_line' id='line_1_22' title="bbox 69 2187 1087 2264; baseline 0.005 -21"><span class='ocrx_word' id='word_1_275' title='bbox 69 2203 157 2259; x_wconf 90' lang='lat' dir='ltr'><strong>qoem</strong></span> <span class='ocrx_word' id='word_1_276' title='bbox 177 2187 291 2262; x_wconf 80' lang='lat' dir='ltr'><strong>elegisti</strong></span> <span class='ocrx_word' id='word_1_277' title='bbox 305 2206 461 2263; x_wconf 89' lang='lat' dir='ltr'><strong>sponsum.</strong></span> <span class='ocrx_word' id='word_1_278' title='bbox 478 2194 520 2251; x_wconf 90' lang='lat' dir='ltr'><strong>lta</strong></span> <span class='ocrx_word' id='word_1_279' title='bbox 535 2193 794 2253; x_wconf 87' lang='lat' dir='ltr'><strong>sanctimonalium</strong></span> <span class='ocrx_word' id='word_1_280' title='bbox 810 2193 897 2252; x_wconf 89' lang='lat' dir='ltr'><strong>habi·</strong></span> <span class='ocrx_word' id='word_1_281' title='bbox 949 2205 1087 2264; x_wconf 79' lang='lat' dir='ltr'><strong>grovero.</strong></span> 
     </span>
     <span class='ocr_line' id='line_1_23' title="bbox 69 2276 899 2348; baseline 0.01 -16"><span class='ocrx_word' id='word_1_282' title='bbox 69 2280 133 2333; x_wconf 90' lang='lat' dir='ltr'><strong>tum</strong></span> <span class='ocrx_word' id='word_1_283' title='bbox 143 2276 259 2348; x_wconf 88' lang='lat' dir='ltr'><strong>induta,</strong></span> <span class='ocrx_word' id='word_1_284' title='bbox 270 2284 393 2339; x_wconf 84' lang='lat' dir='ltr'><strong>cunctas</strong></span> <span class='ocrx_word' id='word_1_285' title='bbox 403 2283 517 2341; x_wconf 81' lang='lat' dir='ltr'><strong>sodates</strong></span> <span class='ocrx_word' id='word_1_286' title='bbox 527 2285 562 2341; x_wconf 89' lang='lat' dir='ltr'><strong>ad</strong></span> <span class='ocrx_word' id='word_1_287' title='bbox 580 2299 710 2341; x_wconf 82' lang='lat' dir='ltr'><strong>amorem</strong></span> <span class='ocrx_word' id='word_1_288' title='bbox 730 2283 899 2342; x_wconf 87' lang='lat' dir='ltr'><strong>suleeduli·</strong></span> 
     </span>
    </p>
   </div>
   <div class='ocr_carea' id='block_1_3' title="bbox 241 2485 1603 2561">
    <p class='ocr_par' dir='ltr' id='par_1_3' title="bbox 241 2485 1603 2561">
     <span class='ocr_line' id='line_1_24' title="bbox 241 2485 1603 2561; baseline 0.001 -19"><span class='ocrx_word' id='word_1_289' title='bbox 241 2485 288 2543; x_wconf 79' lang='lat' dir='ltr'><strong>ult</strong></span> <span class='ocrx_word' id='word_1_290' title='bbox 307 2487 488 2546; x_wconf 74' lang='lat' dir='ltr'><strong>episcopis</strong></span> <span class='ocrx_word' id='word_1_291' title='bbox 507 2489 891 2561; x_wconf 69' lang='lat' dir='ltr'><strong>scfltsseuttrtmtsmus</strong></span> <span class='ocrx_word' id='word_1_292' title='bbox 912 2488 1275 2557; x_wconf 79' lang='lat' dir='ltr'><strong>satssssuttlurtsretts,</strong></span> <span class='ocrx_word' id='word_1_293' title='bbox 1298 2487 1603 2548; x_wconf 77' lang='lat' dir='ltr'><strong>wlarurtuttslsus.</strong></span> 
     </span>
    </p>
   </div>
   <div class='ocr_carea' id='block_1_4' title="bbox 65 2631 1778 3421">
    <p class='ocr_par' dir='ltr' id='par_1_4' title="bbox 65 2631 1778 3421">
     <span class='ocr_line' id='line_1_25' title="bbox 107 2631 1778 2711; baseline -0.001 -21"><span class='ocrx_word' id='word_1_294' title='bbox 107 2633 140 2690; x_wconf 93' lang='lat' dir='ltr'><strong>ln</strong></span> <span class='ocrx_word' id='word_1_295' title='bbox 160 2632 303 2690; x_wconf 89' lang='lat' dir='ltr'><strong>divisione</strong></span> <span class='ocrx_word' id='word_1_296' title='bbox 323 2632 539 2694; x_wconf 87' lang='lat' dir='ltr'><strong>Westsaxonioi</strong></span> <span class='ocrx_word' id='word_1_297' title='bbox 559 2635 755 2709; x_wconf 85' lang='lat' dir='ltr'><strong>episcopatus.</strong></span> <span class='ocrx_word' id='word_1_298' title='bbox 780 2636 835 2694; x_wconf 89' lang='lat' dir='ltr'><strong>boo</strong></span> <span class='ocrx_word' id='word_1_299' title='bbox 848 2638 935 2708; x_wconf 83' lang='lat' dir='ltr'><strong>obc</strong></span> <span class='ocrx_word' id='word_1_300' title='bbox 953 2637 1122 2711; x_wconf 84' lang='lat' dir='ltr'><strong>episcopatu</strong></span> <span class='ocrx_word' id='word_1_301' title='bbox 1138 2635 1224 2693; x_wconf 91' lang='lat' dir='ltr'><strong>annis</strong></span> <span class='ocrx_word' id='word_1_302' title='bbox 1243 2635 1347 2706; x_wconf 84' lang='lat' dir='ltr'><strong>niella,</strong></span> <span class='ocrx_word' id='word_1_303' title='bbox 1359 2635 1410 2707; x_wconf 83' lang='lat' dir='ltr'><strong>qui</strong></span> <span class='ocrx_word' id='word_1_304' title='bbox 1425 2639 1507 2691; x_wconf 84' lang='lat' dir='ltr'><strong>tanto</strong></span> <span class='ocrx_word' id='word_1_305' title='bbox 1520 2639 1651 2705; x_wconf 88' lang='lat' dir='ltr'><strong>tempore</strong></span> <span class='ocrx_word' id='word_1_306' title='bbox 1666 2631 1696 2689; x_wconf 91' lang='lat' dir='ltr'><strong>iu</strong></span> <span class='ocrx_word' id='word_1_307' title='bbox 1712 2646 1778 2706; x_wconf 90' lang='lat' dir='ltr'><strong>pre·</strong></span> 
     </span>
     <span class='ocr_line' id='line_1_26' title="bbox 73 2719 1776 2799; baseline 0 -20"><span class='ocrx_word' id='word_1_308' title='bbox 73 2726 219 2780; x_wconf 87' lang='lat' dir='ltr'><strong>servatum</strong></span> <span class='ocrx_word' id='word_1_309' title='bbox 230 2722 328 2795; x_wconf 86' lang='lat' dir='ltr'><strong>palam</strong></span> <span class='ocrx_word' id='word_1_310' title='bbox 348 2727 406 2791; x_wconf 86' lang='lat' dir='ltr'><strong>eat,</strong></span> <span class='ocrx_word' id='word_1_311' title='bbox 420 2726 453 2780; x_wconf 92' lang='lat' dir='ltr'><strong>ut</strong></span> <span class='ocrx_word' id='word_1_312' title='bbox 472 2725 521 2795; x_wconf 85' lang='lat' dir='ltr'><strong>qui</strong></span> <span class='ocrx_word' id='word_1_313' title='bbox 535 2725 694 2783; x_wconf 84' lang='lat' dir='ltr'><strong>Wintonlas</strong></span> <span class='ocrx_word' id='word_1_314' title='bbox 707 2726 830 2797; x_wconf 89' lang='lat' dir='ltr'><strong>sederet,</strong></span> <span class='ocrx_word' id='word_1_315' title='bbox 846 2725 899 2784; x_wconf 90' lang='lat' dir='ltr'><strong>ha·</strong></span> <span class='ocrx_word' id='word_1_316' title='bbox 953 2729 1050 2785; x_wconf 87' lang='lat' dir='ltr'><strong>cinctu</strong></span> <span class='ocrx_word' id='word_1_317' title='bbox 1066 2727 1208 2784; x_wconf 90' lang='lat' dir='ltr'><strong>bonorum</strong></span> <span class='ocrx_word' id='word_1_318' title='bbox 1222 2740 1344 2799; x_wconf 91' lang='lat' dir='ltr'><strong>operum</strong></span> <span class='ocrx_word' id='word_1_319' title='bbox 1359 2722 1463 2780; x_wconf 87' lang='lat' dir='ltr'><strong>fuerit!</strong></span> <span class='ocrx_word' id='word_1_320' title='bbox 1474 2725 1565 2790; x_wconf 84' lang='lat' dir='ltr'><strong>Quem</strong></span> <span class='ocrx_word' id='word_1_321' title='bbox 1580 2720 1706 2778; x_wconf 89' lang='lat' dir='ltr'><strong>libenter</strong></span> <span class='ocrx_word' id='word_1_322' title='bbox 1715 2719 1776 2779; x_wconf 88' lang='lat' dir='ltr'><strong>latt-</strong></span> 
     </span>
     <span class='ocr_line' id='line_1_27' title="bbox 71 2811 1778 2888; baseline -0.001 -20"><span class='ocrx_word' id='word_1_323' title='bbox 71 2811 154 2869; x_wconf 88' lang='lat' dir='ltr'><strong>beret</strong></span> <span class='ocrx_word' id='word_1_324' title='bbox 165 2811 238 2868; x_wconf 90' lang='lat' dir='ltr'><strong>duos</strong></span> <span class='ocrx_word' id='word_1_325' title='bbox 253 2827 354 2884; x_wconf 86' lang='lat' dir='ltr'><strong>pagos,</strong></span> <span class='ocrx_word' id='word_1_326' title='bbox 366 2811 624 2885; x_wconf 86' lang='lat' dir='ltr'><strong>Hamptonensem,</strong></span> <span class='ocrx_word' id='word_1_327' title='bbox 636 2819 665 2872; x_wconf 89' lang='lat' dir='ltr'><strong>et</strong></span> <span class='ocrx_word' id='word_1_328' title='bbox 675 2815 897 2873; x_wconf 89' lang='lat' dir='ltr'><strong>Sudreiensem:</strong></span> <span class='ocrx_word' id='word_1_329' title='bbox 952 2815 1132 2888; x_wconf 68' lang='lat' dir='ltr'><strong>decemuiri</strong></span> <span class='ocrx_word' id='word_1_330' title='bbox 1149 2816 1226 2888; x_wconf 86' lang='lat' dir='ltr'><strong>quod</strong></span> <span class='ocrx_word' id='word_1_331' title='bbox 1238 2814 1367 2872; x_wconf 84' lang='lat' dir='ltr'><strong>bumana</strong></span> <span class='ocrx_word' id='word_1_332' title='bbox 1377 2813 1536 2885; x_wconf 84' lang='lat' dir='ltr'><strong>cupiditate</strong></span> <span class='ocrx_word' id='word_1_333' title='bbox 1547 2815 1679 2885; x_wconf 85' lang='lat' dir='ltr'><strong>raptatus</strong></span> <span class='ocrx_word' id='word_1_334' title='bbox 1690 2827 1778 2868; x_wconf 90' lang='lat' dir='ltr'><strong>usur-</strong></span> 
     </span>
     <span class='ocr_line' id='line_1_28' title="bbox 70 2898 1778 2979; baseline -0.002 -19"><span class='ocrx_word' id='word_1_335' title='bbox 70 2902 153 2969; x_wconf 85' lang='lat' dir='ltr'><strong>alter,</strong></span> <span class='ocrx_word' id='word_1_336' title='bbox 180 2901 229 2974; x_wconf 84' lang='lat' dir='ltr'><strong>qui</strong></span> <span class='ocrx_word' id='word_1_337' title='bbox 265 2901 489 2971; x_wconf 79' lang='lat' dir='ltr'><strong>Sohireburnias,</strong></span> <span class='ocrx_word' id='word_1_338' title='bbox 520 2903 642 2960; x_wconf 89' lang='lat' dir='ltr'><strong>baberet</strong></span> <span class='ocrx_word' id='word_1_339' title='bbox 671 2903 898 2977; x_wconf 81' lang='lat' dir='ltr'><strong>wiltunensem,</strong></span> <span class='ocrx_word' id='word_1_340' title='bbox 952 2907 1034 2979; x_wconf 84' lang='lat' dir='ltr'><strong>pavit</strong></span> <span class='ocrx_word' id='word_1_341' title='bbox 1047 2905 1185 2978; x_wconf 86' lang='lat' dir='ltr'><strong>indebita,</strong></span> <span class='ocrx_word' id='word_1_342' title='bbox 1197 2905 1314 2977; x_wconf 86' lang='lat' dir='ltr'><strong>quando</strong></span> <span class='ocrx_word' id='word_1_343' title='bbox 1338 2902 1552 2961; x_wconf 88' lang='lat' dir='ltr'><strong>monesterium</strong></span> <span class='ocrx_word' id='word_1_344' title='bbox 1569 2898 1778 2958; x_wconf 89' lang='lat' dir='ltr'><strong>nostrumsuis</strong></span> 
     </span>
     <span class='ocr_line' id='line_1_29' title="bbox 68 2988 1778 3066; baseline -0.003 -18"><span class='ocrx_word' id='word_1_345' title='bbox 68 2989 285 3058; x_wconf 71' lang='lat' dir='ltr'><strong>dorsetensem,</strong></span> <span class='ocrx_word' id='word_1_346' title='bbox 297 2990 788 3065; x_wconf 78' lang='lat' dir='ltr'><strong>beruchensem,someraetenaem,</strong></span> <span class='ocrx_word' id='word_1_347' title='bbox 808 2995 898 3051; x_wconf 89' lang='lat' dir='ltr'><strong>Dom·</strong></span> <span class='ocrx_word' id='word_1_348' title='bbox 953 2993 1115 3053; x_wconf 87' lang='lat' dir='ltr'><strong>substravit</strong></span> <span class='ocrx_word' id='word_1_349' title='bbox 1128 2992 1262 3066; x_wconf 86' lang='lat' dir='ltr'><strong>negotiis.</strong></span> <span class='ocrx_word' id='word_1_350' title='bbox 1280 2992 1432 3049; x_wconf 79' lang='lat' dir='ltr'><strong>sentimus</strong></span> <span class='ocrx_word' id='word_1_351' title='bbox 1446 2989 1572 3046; x_wconf 87' lang='lat' dir='ltr'><strong>adhunc</strong></span> <span class='ocrx_word' id='word_1_352' title='bbox 1590 2988 1668 3046; x_wconf 87' lang='lat' dir='ltr'><strong>diem</strong></span> <span class='ocrx_word' id='word_1_353' title='bbox 1684 2988 1778 3060; x_wconf 88' lang='lat' dir='ltr'><strong>impu·</strong></span> 
     </span>
     <span class='ocr_line' id='line_1_30' title="bbox 71 3077 1775 3151; baseline -0.002 -14"><span class='ocrx_word' id='word_1_354' title='bbox 71 3080 253 3148; x_wconf 89' lang='lat' dir='ltr'><strong>noniensem,</strong></span> <span class='ocrx_word' id='word_1_355' title='bbox 273 3080 514 3139; x_wconf 88' lang='lat' dir='ltr'><strong>Cornublensem.</strong></span> <span class='ocrx_word' id='word_1_356' title='bbox 535 3082 746 3141; x_wconf 87' lang='lat' dir='ltr'><strong>Sohireburuia</strong></span> <span class='ocrx_word' id='word_1_357' title='bbox 759 3089 804 3141; x_wconf 89' lang='lat' dir='ltr'><strong>est</strong></span> <span class='ocrx_word' id='word_1_358' title='bbox 817 3084 897 3141; x_wconf 88' lang='lat' dir='ltr'><strong>vicu·</strong></span> <span class='ocrx_word' id='word_1_359' title='bbox 954 3083 1059 3141; x_wconf 78' lang='lat' dir='ltr'><strong>dentiae</strong></span> <span class='ocrx_word' id='word_1_360' title='bbox 1076 3083 1156 3140; x_wconf 88' lang='lat' dir='ltr'><strong>illius</strong></span> <span class='ocrx_word' id='word_1_361' title='bbox 1173 3082 1364 3151; x_wconf 87' lang='lat' dir='ltr'><strong>calumniam,</strong></span> <span class='ocrx_word' id='word_1_362' title='bbox 1381 3080 1449 3137; x_wconf 88' lang='lat' dir='ltr'><strong>licet</strong></span> <span class='ocrx_word' id='word_1_363' title='bbox 1466 3078 1549 3136; x_wconf 90' lang='lat' dir='ltr'><strong>locus</strong></span> <span class='ocrx_word' id='word_1_364' title='bbox 1562 3078 1611 3135; x_wconf 91' lang='lat' dir='ltr'><strong>ille</strong></span> <span class='ocrx_word' id='word_1_365' title='bbox 1626 3077 1725 3135; x_wconf 89' lang='lat' dir='ltr'><strong>statim</strong></span> <span class='ocrx_word' id='word_1_366' title='bbox 1741 3092 1775 3134; x_wconf 86' lang='lat' dir='ltr'><strong>eo</strong></span> 
     </span>
     <span class='ocr_line' id='line_1_31' title="bbox 65 3167 1777 3246; baseline 0.001 -22"><span class='ocrx_word' id='word_1_367' title='bbox 65 3168 126 3239; x_wconf 92' lang='lat' dir='ltr'><strong>lus,</strong></span> <span class='ocrx_word' id='word_1_368' title='bbox 142 3184 196 3226; x_wconf 89' lang='lat' dir='ltr'><strong>nec</strong></span> <span class='ocrx_word' id='word_1_369' title='bbox 209 3168 405 3226; x_wconf 86' lang='lat' dir='ltr'><strong>habitantium</strong></span> <span class='ocrx_word' id='word_1_370' title='bbox 419 3172 592 3244; x_wconf 86' lang='lat' dir='ltr'><strong>frequentia,</strong></span> <span class='ocrx_word' id='word_1_371' title='bbox 606 3188 659 3230; x_wconf 88' lang='lat' dir='ltr'><strong>nec</strong></span> <span class='ocrx_word' id='word_1_372' title='bbox 667 3173 821 3246; x_wconf 88' lang='lat' dir='ltr'><strong>positionis</strong></span> <span class='ocrx_word' id='word_1_373' title='bbox 831 3189 900 3246; x_wconf 89' lang='lat' dir='ltr'><strong>grs-</strong></span> <span class='ocrx_word' id='word_1_374' title='bbox 952 3179 1067 3232; x_wconf 89' lang='lat' dir='ltr'><strong>mortuo</strong></span> <span class='ocrx_word' id='word_1_375' title='bbox 1082 3187 1200 3230; x_wconf 87' lang='lat' dir='ltr'><strong>omnem</strong></span> <span class='ocrx_word' id='word_1_376' title='bbox 1216 3173 1421 3246; x_wconf 85' lang='lat' dir='ltr'><strong>episcoporum</strong></span> <span class='ocrx_word' id='word_1_377' title='bbox 1436 3169 1582 3226; x_wconf 89' lang='lat' dir='ltr'><strong>eluctatus</strong></span> <span class='ocrx_word' id='word_1_378' title='bbox 1604 3168 1692 3224; x_wconf 90' lang='lat' dir='ltr'><strong>fuerit</strong></span> <span class='ocrx_word' id='word_1_379' title='bbox 1712 3167 1777 3225; x_wconf 93' lang='lat' dir='ltr'><strong>vio·</strong></span> 
     </span>
     <span class='ocr_line' id='line_1_32' title="bbox 68 3256 1776 3336; baseline 0 -22"><span class='ocrx_word' id='word_1_380' title='bbox 68 3258 110 3314; x_wconf 88' lang='lat' dir='ltr'><strong>tia</strong></span> <span class='ocrx_word' id='word_1_381' title='bbox 130 3257 285 3325; x_wconf 88' lang='lat' dir='ltr'><strong>suavis,in</strong></span> <span class='ocrx_word' id='word_1_382' title='bbox 303 3273 363 3329; x_wconf 90' lang='lat' dir='ltr'><strong>quo</strong></span> <span class='ocrx_word' id='word_1_383' title='bbox 390 3260 571 3332; x_wconf 89' lang='lat' dir='ltr'><strong>mirandum,</strong></span> <span class='ocrx_word' id='word_1_384' title='bbox 587 3264 616 3318; x_wconf 89' lang='lat' dir='ltr'><strong>et</strong></span> <span class='ocrx_word' id='word_1_385' title='bbox 631 3278 704 3334; x_wconf 92' lang='lat' dir='ltr'><strong>pene</strong></span> <span class='ocrx_word' id='word_1_386' title='bbox 727 3263 897 3335; x_wconf 85' lang='lat' dir='ltr'><strong>pudendum</strong></span> <span class='ocrx_word' id='word_1_387' title='bbox 953 3263 1199 3336; x_wconf 66' lang='lat' dir='ltr'><strong>tendamusque</strong></span> <span class='ocrx_word' id='word_1_388' title='bbox 1227 3263 1261 3318; x_wconf 87' lang='lat' dir='ltr'><strong>ed</strong></span> <span class='ocrx_word' id='word_1_389' title='bbox 1291 3265 1425 3317; x_wconf 88' lang='lat' dir='ltr'><strong>nostrum</strong></span> <span class='ocrx_word' id='word_1_390' title='bbox 1455 3258 1716 3330; x_wconf 89' lang='lat' dir='ltr'><strong>tempus,quando</strong></span> <span class='ocrx_word' id='word_1_391' title='bbox 1745 3256 1776 3314; x_wconf 95' lang='lat' dir='ltr'><strong>in</strong></span> 
     </span>
     <span class='ocr_line' id='line_1_33' title="bbox 70 3344 1777 3421; baseline 0 -17"><span class='ocrx_word' id='word_1_392' title='bbox 70 3346 170 3404; x_wconf 86' lang='lat' dir='ltr'><strong>eedem</strong></span> <span class='ocrx_word' id='word_1_393' title='bbox 184 3344 380 3418; x_wconf 88' lang='lat' dir='ltr'><strong>episcopalem</strong></span> <span class='ocrx_word' id='word_1_394' title='bbox 409 3363 458 3419; x_wconf 91' lang='lat' dir='ltr'><strong>per</strong></span> <span class='ocrx_word' id='word_1_395' title='bbox 478 3352 522 3405; x_wconf 92' lang='lat' dir='ltr'><strong>tot</strong></span> <span class='ocrx_word' id='word_1_396' title='bbox 535 3348 657 3408; x_wconf 87' lang='lat' dir='ltr'><strong>durasse</strong></span> <span class='ocrx_word' id='word_1_397' title='bbox 672 3352 788 3408; x_wconf 83' lang='lat' dir='ltr'><strong>sarcula.</strong></span> <span class='ocrx_word' id='word_1_398' title='bbox 817 3353 898 3409; x_wconf 85' lang='lat' dir='ltr'><strong>Nune</strong></span> <span class='ocrx_word' id='word_1_399' title='bbox 953 3354 1028 3410; x_wconf 87' lang='lat' dir='ltr'><strong>idem</strong></span> <span class='ocrx_word' id='word_1_400' title='bbox 1044 3352 1201 3410; x_wconf 90' lang='lat' dir='ltr'><strong>discrimen</strong></span> <span class='ocrx_word' id='word_1_401' title='bbox 1218 3350 1331 3409; x_wconf 90' lang='lat' dir='ltr'><strong>recidit.</strong></span> <span class='ocrx_word' id='word_1_402' title='bbox 1349 3370 1364 3401; x_wconf 94' lang='lat'>«</span> <span class='ocrx_word' id='word_1_403' title='bbox 1379 3349 1420 3405; x_wconf 83' lang='lat' dir='ltr'><strong>lta</strong></span> <span class='ocrx_word' id='word_1_404' title='bbox 1437 3357 1605 3421; x_wconf 90' lang='lat' dir='ltr'><strong>protervum</strong></span> <span class='ocrx_word' id='word_1_405' title='bbox 1629 3352 1675 3404; x_wconf 89' lang='lat' dir='ltr'><strong>est</strong></span> <span class='ocrx_word' id='word_1_406' title='bbox 1698 3346 1777 3404; x_wconf 87' lang='lat' dir='ltr'><strong>mala</strong></span> 
     </span>
    </p>
   </div>
   <div class='ocr_carea' id='block_1_5' title="bbox 73 3433 1865 3513">
    <p class='ocr_par' dir='ltr' id='par_1_5' title="bbox 73 3433 1865 3513">
     <span class='ocr_line' id='line_1_34' title="bbox 73 3433 1865 3513; baseline 0.002 -22"><span class='ocrx_word' id='word_1_407' title='bbox 73 3437 109 3492; x_wconf 88' lang='lat' dir='ltr'><strong>de</strong></span> <span class='ocrx_word' id='word_1_408' title='bbox 124 3433 280 3507; x_wconf 79' lang='lat' dir='ltr'><strong>praesulatu</strong></span> <span class='ocrx_word' id='word_1_409' title='bbox 291 3434 321 3489; x_wconf 93' lang='lat' dir='ltr'><strong>in</strong></span> <span class='ocrx_word' id='word_1_410' title='bbox 331 3435 478 3494; x_wconf 88' lang='lat' dir='ltr'><strong>abbatiam</strong></span> <span class='ocrx_word' id='word_1_411' title='bbox 489 3442 632 3508; x_wconf 88' lang='lat' dir='ltr'><strong>mutatus,</strong></span> <span class='ocrx_word' id='word_1_412' title='bbox 643 3440 814 3499; x_wconf 92' lang='lat' dir='ltr'><strong>commercio</strong></span> <span class='ocrx_word' id='word_1_413' title='bbox 830 3457 897 3498; x_wconf 91' lang='lat' dir='ltr'><strong>nos·</strong></span> <span class='ocrx_word' id='word_1_414' title='bbox 954 3442 1102 3510; x_wconf 88' lang='lat' dir='ltr'><strong>inchoare,</strong></span> <span class='ocrx_word' id='word_1_415' title='bbox 1119 3440 1197 3513; x_wconf 91' lang='lat' dir='ltr'><strong>quod</strong></span> <span class='ocrx_word' id='word_1_416' title='bbox 1221 3440 1247 3497; x_wconf 90' lang='lat' dir='ltr'><strong>al</strong></span> <span class='ocrx_word' id='word_1_417' title='bbox 1266 3443 1367 3496; x_wconf 87' lang='lat' dir='ltr'><strong>auctor</strong></span> <span class='ocrx_word' id='word_1_418' title='bbox 1391 3437 1509 3500; x_wconf 85' lang='lat' dir='ltr'><strong>decidit,</strong></span> <span class='ocrx_word' id='word_1_419' title='bbox 1525 3435 1692 3510; x_wconf 84' lang='lat' dir='ltr'><strong>exemplum</strong></span> <span class='ocrx_word' id='word_1_420' title='bbox 1716 3452 1776 3494; x_wconf 91' lang='lat' dir='ltr'><strong>non</strong></span> <span class='ocrx_word' id='word_1_421' title='bbox 1861 3494 1865 3499; x_wconf 85' lang='grc'><strong>,</strong></span> 
     </span>
    </p>
   </div>
   <div class='ocr_carea' id='block_1_6' title="bbox 66 3523 1853 5567">
    <p class='ocr_par' dir='ltr' id='par_1_6' title="bbox 66 3523 1853 5567">
     <span class='ocr_line' id='line_1_35' title="bbox 73 3523 1777 3602; baseline 0.001 -23"><span class='ocrx_word' id='word_1_422' title='bbox 73 3529 120 3580; x_wconf 88' lang='lat' dir='ltr'><strong>tra</strong></span> <span class='ocrx_word' id='word_1_423' title='bbox 135 3528 217 3580; x_wconf 86' lang='lat' dir='ltr'><strong>astate</strong></span> <span class='ocrx_word' id='word_1_424' title='bbox 231 3539 289 3580; x_wconf 90' lang='lat' dir='ltr'><strong>uon</strong></span> <span class='ocrx_word' id='word_1_425' title='bbox 306 3523 433 3596; x_wconf 89' lang='lat' dir='ltr'><strong>insueto,</strong></span> <span class='ocrx_word' id='word_1_426' title='bbox 457 3541 515 3599; x_wconf 90' lang='lat' dir='ltr'><strong>qua</strong></span> <span class='ocrx_word' id='word_1_427' title='bbox 542 3529 643 3586; x_wconf 86' lang='lat' dir='ltr'><strong>omnia</strong></span> <span class='ocrx_word' id='word_1_428' title='bbox 658 3529 785 3587; x_wconf 87' lang='lat' dir='ltr'><strong>faotione</strong></span> <span class='ocrx_word' id='word_1_429' title='bbox 811 3536 900 3602; x_wconf 88' lang='lat' dir='ltr'><strong>atque</strong></span> <span class='ocrx_word' id='word_1_430' title='bbox 952 3531 1070 3589; x_wconf 88' lang='lat' dir='ltr'><strong>transit.</strong></span> <span class='ocrx_word' id='word_1_431' title='bbox 1098 3529 1227 3588; x_wconf 86' lang='lat' dir='ltr'><strong>Delectat</strong></span> <span class='ocrx_word' id='word_1_432' title='bbox 1250 3527 1429 3601; x_wconf 89' lang='lat' dir='ltr'><strong>pertinacem</strong></span> <span class='ocrx_word' id='word_1_433' title='bbox 1448 3527 1592 3596; x_wconf 89' lang='lat' dir='ltr'><strong>animum,</strong></span> <span class='ocrx_word' id='word_1_434' title='bbox 1608 3527 1679 3599; x_wconf 86' lang='lat' dir='ltr'><strong>quid</strong></span> <span class='ocrx_word' id='word_1_435' title='bbox 1706 3525 1777 3582; x_wconf 89' lang='lat' dir='ltr'><strong>mall</strong></span> 
     </span>
     <span class='ocr_line' id='line_1_36' title="bbox 73 3612 1778 3692; baseline 0.001 -23"><span class='ocrx_word' id='word_1_436' title='bbox 73 3612 198 3669; x_wconf 89' lang='lat' dir='ltr'><strong>libidine</strong></span> <span class='ocrx_word' id='word_1_437' title='bbox 225 3613 390 3686; x_wconf 86' lang='lat' dir='ltr'><strong>depravata,</strong></span> <span class='ocrx_word' id='word_1_438' title='bbox 410 3615 502 3674; x_wconf 88' lang='lat' dir='ltr'><strong>virtus</strong></span> <span class='ocrx_word' id='word_1_439' title='bbox 526 3616 652 3675; x_wconf 88' lang='lat' dir='ltr'><strong>ludibrio</strong></span> <span class='ocrx_word' id='word_1_440' title='bbox 680 3622 709 3675; x_wconf 92' lang='lat' dir='ltr'><strong>et</strong></span> <span class='ocrx_word' id='word_1_441' title='bbox 723 3618 830 3692; x_wconf 90' lang='lat' dir='ltr'><strong>probro</strong></span> <span class='ocrx_word' id='word_1_442' title='bbox 845 3619 899 3676; x_wconf 93' lang='lat' dir='ltr'><strong>ba·</strong></span> <span class='ocrx_word' id='word_1_443' title='bbox 953 3621 1027 3678; x_wconf 85' lang='lat' dir='ltr'><strong>alius</strong></span> <span class='ocrx_word' id='word_1_444' title='bbox 1055 3619 1186 3692; x_wconf 79' lang='lat' dir='ltr'><strong>gesserit,</strong></span> <span class='ocrx_word' id='word_1_445' title='bbox 1203 3632 1418 3689; x_wconf 88' lang='lat' dir='ltr'><strong>recognoscere,</strong></span> <span class='ocrx_word' id='word_1_446' title='bbox 1434 3620 1463 3674; x_wconf 89' lang='lat' dir='ltr'><strong>et</strong></span> <span class='ocrx_word' id='word_1_447' title='bbox 1483 3616 1552 3688; x_wconf 90' lang='lat' dir='ltr'><strong>quid</strong></span> <span class='ocrx_word' id='word_1_448' title='bbox 1569 3631 1669 3686; x_wconf 87' lang='lat' dir='ltr'><strong>gerere</strong></span> <span class='ocrx_word' id='word_1_449' title='bbox 1685 3614 1778 3686; x_wconf 89' lang='lat' dir='ltr'><strong>possit</strong></span> 
     </span>
     <span class='ocr_line' id='line_1_37' title="bbox 76 3701 1778 3777; baseline 0.001 -18"><span class='ocrx_word' id='word_1_450' title='bbox 76 3701 170 3760; x_wconf 90' lang='lat' dir='ltr'><strong>betur.</strong></span> <span class='ocrx_word' id='word_1_451' title='bbox 952 3709 1064 3767; x_wconf 85' lang='lat' dir='ltr'><strong>audire.</strong></span> <span class='ocrx_word' id='word_1_452' title='bbox 1083 3728 1095 3761; x_wconf 84' lang='lat' dir='ltr'><strong>s</strong></span> <span class='ocrx_word' id='word_1_453' title='bbox 1112 3707 1217 3765; x_wconf 82' lang='lat' dir='ltr'><strong>Minori</strong></span> <span class='ocrx_word' id='word_1_454' title='bbox 1233 3707 1374 3763; x_wconf 89' lang='lat' dir='ltr'><strong>dedecore</strong></span> <span class='ocrx_word' id='word_1_455' title='bbox 1387 3704 1523 3761; x_wconf 85' lang='lat' dir='ltr'><strong>monachi</strong></span> <span class='ocrx_word' id='word_1_456' title='bbox 1543 3702 1622 3760; x_wconf 85' lang='lat' dir='ltr'><strong>illius</strong></span> <span class='ocrx_word' id='word_1_457' title='bbox 1636 3703 1778 3777; x_wconf 87' lang='lat' dir='ltr'><strong>temporis</strong></span> 
     </span>
     <span class='ocr_line' id='line_1_38' title="bbox 111 3791 1778 3871; baseline 0.001 -22"><span class='ocrx_word' id='word_1_458' title='bbox 111 3791 226 3849; x_wconf 88' lang='lat' dir='ltr'><strong>Primus</strong></span> <span class='ocrx_word' id='word_1_459' title='bbox 237 3791 278 3849; x_wconf 90' lang='lat' dir='ltr'><strong>ibi</strong></span> <span class='ocrx_word' id='word_1_460' title='bbox 293 3792 369 3851; x_wconf 86' lang='lat' dir='ltr'><strong>sedit</strong></span> <span class='ocrx_word' id='word_1_461' title='bbox 383 3797 471 3851; x_wconf 85' lang='lat' dir='ltr'><strong>Pater</strong></span> <span class='ocrx_word' id='word_1_462' title='bbox 484 3793 647 3869; x_wconf 72' lang='lat' dir='ltr'><strong>aldelmus,</strong></span> <span class='ocrx_word' id='word_1_463' title='bbox 662 3813 750 3869; x_wconf 89' lang='lat' dir='ltr'><strong>quem</strong></span> <span class='ocrx_word' id='word_1_464' title='bbox 766 3796 815 3854; x_wconf 89' lang='lat' dir='ltr'><strong>bio</strong></span> <span class='ocrx_word' id='word_1_465' title='bbox 834 3802 898 3855; x_wconf 89' lang='lat' dir='ltr'><strong>tan·</strong></span> <span class='ocrx_word' id='word_1_466' title='bbox 952 3798 1175 3871; x_wconf 89' lang='lat' dir='ltr'><strong>suspiraverunt</strong></span> <span class='ocrx_word' id='word_1_467' title='bbox 1207 3795 1372 3852; x_wconf 87' lang='lat' dir='ltr'><strong>libertatem</strong></span> <span class='ocrx_word' id='word_1_468' title='bbox 1405 3794 1586 3862; x_wconf 90' lang='lat' dir='ltr'><strong>ademptam,</strong></span> <span class='ocrx_word' id='word_1_469' title='bbox 1611 3808 1698 3864; x_wconf 81' lang='lat' dir='ltr'><strong>quent</strong></span> <span class='ocrx_word' id='word_1_470' title='bbox 1723 3809 1778 3850; x_wconf 89' lang='lat' dir='ltr'><strong>nos</strong></span> 
     </span>
     <span class='ocr_line' id='line_1_39' title="bbox 74 3881 1778 3995; baseline 0.001 -58"><span class='ocrx_word' id='word_1_471' title='bbox 74 3886 138 3938; x_wconf 91' lang='lat' dir='ltr'><strong>tum</strong></span> <span class='ocrx_word' id='word_1_472' title='bbox 150 3882 213 3938; x_wconf 92' lang='lat' dir='ltr'><strong>looo</strong></span> <span class='ocrx_word' id='word_1_473' title='bbox 225 3881 339 3938; x_wconf 89' lang='lat' dir='ltr'><strong>ordinis</strong></span> <span class='ocrx_word' id='word_1_474' title='bbox 355 3884 484 3941; x_wconf 91' lang='lat' dir='ltr'><strong>nomino.</strong></span> <span class='ocrx_word' id='word_1_475' title='bbox 509 3884 652 3959; x_wconf 89' lang='lat' dir='ltr'><strong>Namque,</strong></span> <span class='ocrx_word' id='word_1_476' title='bbox 668 3888 745 3960; x_wconf 85' lang='lat' dir='ltr'><strong>quod</strong></span> <span class='ocrx_word' id='word_1_477' title='bbox 767 3887 834 3958; x_wconf 85' lang='lat' dir='ltr'><strong>ejtts</strong></span> <span class='ocrx_word' id='word_1_478' title='bbox 848 3887 897 3943; x_wconf 90' lang='lat' dir='ltr'><strong>vl·</strong></span> <span class='ocrx_word' id='word_1_479' title='bbox 912 3929 936 3995; x_wconf 73' lang='lat' dir='ltr'>D</span> <span class='ocrx_word' id='word_1_480' title='bbox 954 3888 1118 3957; x_wconf 86' lang='lat' dir='ltr'><strong>amisimus,</strong></span> <span class='ocrx_word' id='word_1_481' title='bbox 1133 3885 1231 3943; x_wconf 84' lang='lat' dir='ltr'><strong>statim</strong></span> <span class='ocrx_word' id='word_1_482' title='bbox 1247 3900 1298 3955; x_wconf 92' lang='lat' dir='ltr'><strong>per</strong></span> <span class='ocrx_word' id='word_1_483' title='bbox 1311 3898 1360 3941; x_wconf 91' lang='lat' dir='ltr'><strong>eos</strong></span> <span class='ocrx_word' id='word_1_484' title='bbox 1376 3881 1536 3953; x_wconf 76' lang='lat' dir='ltr'><strong>presertim</strong></span> <span class='ocrx_word' id='word_1_485' title='bbox 1554 3881 1729 3937; x_wconf 89' lang='lat' dir='ltr'><strong>restitutam.</strong></span> <span class='ocrx_word' id='word_1_486' title='bbox 1741 3881 1778 3938; x_wconf 77' lang='lat' dir='ltr'><strong>lit</strong></span> 
     </span>
     <span class='ocr_line' id='line_1_40' title="bbox 73 3970 1777 4050; baseline 0.001 -23"><span class='ocrx_word' id='word_1_487' title='bbox 73 3975 133 4027; x_wconf 87' lang='lat' dir='ltr'><strong>tarn</strong></span> <span class='ocrx_word' id='word_1_488' title='bbox 148 3987 297 4044; x_wconf 89' lang='lat' dir='ltr'><strong>nusquam</strong></span> <span class='ocrx_word' id='word_1_489' title='bbox 317 3970 402 4044; x_wconf 89' lang='lat' dir='ltr'><strong>plene</strong></span> <span class='ocrx_word' id='word_1_490' title='bbox 421 3973 563 4046; x_wconf 81' lang='lat' dir='ltr'><strong>digestam</strong></span> <span class='ocrx_word' id='word_1_491' title='bbox 584 3975 689 4048; x_wconf 90' lang='lat' dir='ltr'><strong>reperi,</strong></span> <span class='ocrx_word' id='word_1_492' title='bbox 704 3981 897 4050; x_wconf 86' lang='lat' dir='ltr'><strong>spectantque</strong></span> <span class='ocrx_word' id='word_1_493' title='bbox 950 3985 1012 4035; x_wconf 88' lang='lat' dir='ltr'><strong>erat</strong></span> <span class='ocrx_word' id='word_1_494' title='bbox 1027 3976 1086 4044; x_wconf 90' lang='lat' dir='ltr'><strong>ille,</strong></span> <span class='ocrx_word' id='word_1_495' title='bbox 1102 3979 1135 4032; x_wconf 91' lang='lat' dir='ltr'><strong>nt</strong></span> <span class='ocrx_word' id='word_1_496' title='bbox 1149 3973 1314 4046; x_wconf 87' lang='lat' dir='ltr'><strong>exscriptis</strong></span> <span class='ocrx_word' id='word_1_497' title='bbox 1329 3972 1506 4039; x_wconf 87' lang='lat' dir='ltr'><strong>andivimus,</strong></span> <span class='ocrx_word' id='word_1_498' title='bbox 1524 3970 1602 4027; x_wconf 86' lang='lat' dir='ltr'><strong>siout</strong></span> <span class='ocrx_word' id='word_1_499' title='bbox 1618 3970 1777 4042; x_wconf 87' lang='lat' dir='ltr'><strong>cupiditate</strong></span> 
     </span>
     <span class='ocr_line' id='line_1_41' title="bbox 70 4058 1776 4139; baseline 0.001 -24"><span class='ocrx_word' id='word_1_500' title='bbox 70 4060 107 4115; x_wconf 89' lang='lat' dir='ltr'><strong>ad</strong></span> <span class='ocrx_word' id='word_1_501' title='bbox 123 4075 187 4117; x_wconf 85' lang='lat' dir='ltr'><strong>eam</strong></span> <span class='ocrx_word' id='word_1_502' title='bbox 203 4060 438 4133; x_wconf 87' lang='lat' dir='ltr'><strong>quamplurima,</strong></span> <span class='ocrx_word' id='word_1_503' title='bbox 454 4077 520 4134; x_wconf 81' lang='lat' dir='ltr'><strong>qua</strong></span> <span class='ocrx_word' id='word_1_504' title='bbox 534 4062 560 4121; x_wconf 90' lang='lat' dir='ltr'><strong>si</strong></span> <span class='ocrx_word' id='word_1_505' title='bbox 575 4063 606 4120; x_wconf 92' lang='lat' dir='ltr'><strong>in</strong></span> <span class='ocrx_word' id='word_1_506' title='bbox 619 4068 751 4137; x_wconf 88' lang='lat' dir='ltr'><strong>posteros</strong></span> <span class='ocrx_word' id='word_1_507' title='bbox 768 4065 820 4139; x_wconf 86' lang='lat' dir='ltr'><strong>[at.</strong></span> <span class='ocrx_word' id='word_1_508' title='bbox 832 4080 896 4138; x_wconf 79' lang='lat' dir='ltr'><strong>qna</strong></span> <span class='ocrx_word' id='word_1_509' title='bbox 950 4064 1141 4138; x_wconf 82' lang='lat' dir='ltr'><strong>prefervidue</strong></span> <span class='ocrx_word' id='word_1_510' title='bbox 1155 4063 1197 4120; x_wconf 84' lang='lat' dir='ltr'><strong>fta</strong></span> <span class='ocrx_word' id='word_1_511' title='bbox 1211 4059 1387 4119; x_wconf 87' lang='lat' dir='ltr'><strong>liberalitate</strong></span> <span class='ocrx_word' id='word_1_512' title='bbox 1402 4059 1575 4133; x_wconf 79' lang='lat' dir='ltr'><strong>precipuus.</strong></span> <span class='ocrx_word' id='word_1_513' title='bbox 1590 4058 1689 4117; x_wconf 89' lang='lat' dir='ltr'><strong>Nostri</strong></span> <span class='ocrx_word' id='word_1_514' title='bbox 1702 4074 1776 4131; x_wconf 83' lang='lat' dir='ltr'><strong>prrs-</strong></span> 
     </span>
     <span class='ocr_line' id='line_1_42' title="bbox 70 4147 1778 4227; baseline 0 -23"><span class='ocrx_word' id='word_1_515' title='bbox 70 4147 96 4204; x_wconf 89' lang='lat' dir='ltr'><strong>ei</strong></span> <span class='ocrx_word' id='word_1_516' title='bbox 123 4153 265 4221; x_wconf 86' lang='lat' dir='ltr'><strong>posterae,</strong></span> <span class='ocrx_word' id='word_1_517' title='bbox 288 4150 357 4223; x_wconf 81' lang='lat' dir='ltr'><strong>eto]</strong></span> <span class='ocrx_word' id='word_1_518' title='bbox 373 4150 515 4223; x_wconf 84' lang='lat' dir='ltr'><strong>celavero,</strong></span> <span class='ocrx_word' id='word_1_519' title='bbox 540 4152 688 4226; x_wconf 84' lang='lat' dir='ltr'><strong>delinquo,</strong></span> <span class='ocrx_word' id='word_1_520' title='bbox 704 4154 827 4227; x_wconf 84' lang='lat' dir='ltr'><strong>cogitavi</strong></span> <span class='ocrx_word' id='word_1_521' title='bbox 844 4171 896 4212; x_wconf 91' lang='lat' dir='ltr'><strong>an·</strong></span> <span class='ocrx_word' id='word_1_522' title='bbox 948 4156 1054 4223; x_wconf 90' lang='lat' dir='ltr'><strong>dones,</strong></span> <span class='ocrx_word' id='word_1_523' title='bbox 1070 4150 1296 4226; x_wconf 84' lang='lat' dir='ltr'><strong>etpopalantur,</strong></span> <span class='ocrx_word' id='word_1_524' title='bbox 1307 4153 1337 4207; x_wconf 90' lang='lat' dir='ltr'><strong>et</strong></span> <span class='ocrx_word' id='word_1_525' title='bbox 1350 4152 1501 4223; x_wconf 88' lang='lat' dir='ltr'><strong>premunt,</strong></span> <span class='ocrx_word' id='word_1_526' title='bbox 1517 4156 1546 4203; x_wconf 89' lang='lat' dir='ltr'><strong>ut</strong></span> <span class='ocrx_word' id='word_1_527' title='bbox 1558 4164 1610 4204; x_wconf 85' lang='lat' dir='ltr'><strong>nec</strong></span> <span class='ocrx_word' id='word_1_528' title='bbox 1623 4147 1713 4204; x_wconf 88' lang='lat' dir='ltr'><strong>libera</strong></span> <span class='ocrx_word' id='word_1_529' title='bbox 1723 4164 1778 4205; x_wconf 81' lang='lat' dir='ltr'><strong>vox</strong></span> 
     </span>
     <span class='ocr_line' id='line_1_43' title="bbox 72 4237 1777 4315; baseline 0.001 -24"><span class='ocrx_word' id='word_1_530' title='bbox 72 4240 180 4293; x_wconf 92' lang='lat' dir='ltr'><strong>nuente</strong></span> <span class='ocrx_word' id='word_1_531' title='bbox 195 4238 264 4307; x_wconf 83' lang='lat' dir='ltr'><strong>ileo,</strong></span> <span class='ocrx_word' id='word_1_532' title='bbox 281 4238 311 4296; x_wconf 91' lang='lat' dir='ltr'><strong>in</strong></span> <span class='ocrx_word' id='word_1_533' title='bbox 332 4243 459 4297; x_wconf 86' lang='lat' dir='ltr'><strong>extremo</strong></span> <span class='ocrx_word' id='word_1_534' title='bbox 475 4240 565 4313; x_wconf 85' lang='lat' dir='ltr'><strong>bajus</strong></span> <span class='ocrx_word' id='word_1_535' title='bbox 588 4241 723 4315; x_wconf 81' lang='lat' dir='ltr'><strong>opusculi</strong></span> <span class='ocrx_word' id='word_1_536' title='bbox 739 4241 813 4299; x_wconf 90' lang='lat' dir='ltr'><strong>libro</strong></span> <span class='ocrx_word' id='word_1_537' title='bbox 827 4257 895 4299; x_wconf 89' lang='lat' dir='ltr'><strong>cum</strong></span> <span class='ocrx_word' id='word_1_538' title='bbox 951 4243 1044 4302; x_wconf 88' lang='lat' dir='ltr'><strong>dolori</strong></span> <span class='ocrx_word' id='word_1_539' title='bbox 1059 4242 1247 4301; x_wconf 89' lang='lat' dir='ltr'><strong>concedatur.</strong></span> <span class='ocrx_word' id='word_1_540' title='bbox 1261 4240 1423 4298; x_wconf 85' lang='lat' dir='ltr'><strong>Potentiam</strong></span> <span class='ocrx_word' id='word_1_541' title='bbox 1439 4239 1503 4311; x_wconf 89' lang='lat' dir='ltr'><strong>ejus</strong></span> <span class='ocrx_word' id='word_1_542' title='bbox 1514 4254 1566 4311; x_wconf 89' lang='lat' dir='ltr'><strong>per</strong></span> <span class='ocrx_word' id='word_1_543' title='bbox 1576 4237 1631 4294; x_wconf 93' lang='lat' dir='ltr'><strong>boc</strong></span> <span class='ocrx_word' id='word_1_544' title='bbox 1647 4237 1777 4311; x_wconf 84' lang='lat' dir='ltr'><strong>quolibet</strong></span> 
     </span>
     <span class='ocr_line' id='line_1_44' title="bbox 72 4325 1776 4406; baseline 0.002 -25"><span class='ocrx_word' id='word_1_545' title='bbox 72 4325 206 4397; x_wconf 81' lang='lat' dir='ltr'><strong>ejusdem</strong></span> <span class='ocrx_word' id='word_1_546' title='bbox 222 4327 301 4384; x_wconf 89' lang='lat' dir='ltr'><strong>modi</strong></span> <span class='ocrx_word' id='word_1_547' title='bbox 315 4329 438 4386; x_wconf 87' lang='lat' dir='ltr'><strong>materia</strong></span> <span class='ocrx_word' id='word_1_548' title='bbox 453 4329 582 4388; x_wconf 89' lang='lat' dir='ltr'><strong>liberiori</strong></span> <span class='ocrx_word' id='word_1_549' title='bbox 600 4331 736 4404; x_wconf 84' lang='lat' dir='ltr'><strong>congredi</strong></span> <span class='ocrx_word' id='word_1_550' title='bbox 752 4331 822 4389; x_wconf 87' lang='lat' dir='ltr'><strong>otio.</strong></span> <span class='ocrx_word' id='word_1_551' title='bbox 952 4348 1127 4406; x_wconf 88' lang='lat' dir='ltr'><strong>cognoscere</strong></span> <span class='ocrx_word' id='word_1_552' title='bbox 1150 4330 1267 4405; x_wconf 89' lang='lat' dir='ltr'><strong>poterit,</strong></span> <span class='ocrx_word' id='word_1_553' title='bbox 1289 4330 1366 4402; x_wconf 91' lang='lat' dir='ltr'><strong>qnod</strong></span> <span class='ocrx_word' id='word_1_554' title='bbox 1388 4343 1489 4400; x_wconf 87' lang='lat' dir='ltr'><strong>regem</strong></span> <span class='ocrx_word' id='word_1_555' title='bbox 1509 4326 1609 4400; x_wconf 89' lang='lat' dir='ltr'><strong>ipsum</strong></span> <span class='ocrx_word' id='word_1_556' title='bbox 1623 4328 1716 4385; x_wconf 85' lang='lat' dir='ltr'><strong>Rome</strong></span> <span class='ocrx_word' id='word_1_557' title='bbox 1731 4343 1776 4384; x_wconf 93' lang='lat' dir='ltr'><strong>re·</strong></span> 
     </span>
     <span class='ocr_line' id='line_1_45' title="bbox 106 4415 1853 4496; baseline 0.001 -25"><span class='ocrx_word' id='word_1_558' title='bbox 106 4415 174 4472; x_wconf 91' lang='lat' dir='ltr'><strong>Post</strong></span> <span class='ocrx_word' id='word_1_559' title='bbox 187 4431 255 4473; x_wconf 90' lang='lat' dir='ltr'><strong>eum</strong></span> <span class='ocrx_word' id='word_1_560' title='bbox 270 4416 360 4489; x_wconf 87' lang='lat' dir='ltr'><strong>igitur</strong></span> <span class='ocrx_word' id='word_1_561' title='bbox 374 4419 515 4477; x_wconf 88' lang='lat' dir='ltr'><strong>sederunt</strong></span> <span class='ocrx_word' id='word_1_562' title='bbox 528 4418 778 4478; x_wconf 83' lang='lat' dir='ltr'><strong>inSoblreburnia</strong></span> <span class='ocrx_word' id='word_1_563' title='bbox 792 4421 897 4480; x_wconf 77' lang='lat' dir='ltr'><strong>l&#39;orde·</strong></span> <span class='ocrx_word' id='word_1_564' title='bbox 950 4425 1111 4482; x_wconf 87' lang='lat' dir='ltr'><strong>vertentem</strong></span> <span class='ocrx_word' id='word_1_565' title='bbox 1126 4436 1216 4496; x_wconf 91' lang='lat' dir='ltr'><strong>regno</strong></span> <span class='ocrx_word' id='word_1_566' title='bbox 1230 4418 1367 4488; x_wconf 83' lang='lat' dir='ltr'><strong>arcuerit,</strong></span> <span class='ocrx_word' id='word_1_567' title='bbox 1390 4420 1561 4489; x_wconf 81' lang='lat' dir='ltr'><strong>statutoque</strong></span> <span class='ocrx_word' id='word_1_568' title='bbox 1577 4416 1615 4473; x_wconf 89' lang='lat' dir='ltr'><strong>ad</strong></span> <span class='ocrx_word' id='word_1_569' title='bbox 1639 4417 1774 4474; x_wconf 87' lang='lat' dir='ltr'><strong>umbram</strong></span> <span class='ocrx_word' id='word_1_570' title='bbox 1850 4432 1853 4437; x_wconf 91' lang='lat'>·</span> 
     </span>
     <span class='ocr_line' id='line_1_46' title="bbox 70 4506 1775 4586; baseline 0.002 -26"><span class='ocrx_word' id='word_1_571' title='bbox 70 4518 111 4573; x_wconf 90' lang='lat' dir='ltr'><strong>re,</strong></span> <span class='ocrx_word' id='word_1_572' title='bbox 140 4506 305 4578; x_wconf 88' lang='lat' dir='ltr'><strong>llerewald,</strong></span> <span class='ocrx_word' id='word_1_573' title='bbox 339 4507 502 4577; x_wconf 75' lang='lat' dir='ltr'><strong>litbefmod,</strong></span> <span class='ocrx_word' id='word_1_574' title='bbox 536 4511 697 4580; x_wconf 89' lang='lat' dir='ltr'><strong>Denefritb,</strong></span> <span class='ocrx_word' id='word_1_575' title='bbox 730 4512 895 4583; x_wconf 90' lang='lat' dir='ltr'><strong>Wibertus,</strong></span> <span class='ocrx_word' id='word_1_576' title='bbox 949 4511 1092 4586; x_wconf 87' lang='lat' dir='ltr'><strong>regnandi</strong></span> <span class='ocrx_word' id='word_1_577' title='bbox 1106 4511 1178 4581; x_wconf 86' lang='lat' dir='ltr'><strong>utto,</strong></span> <span class='ocrx_word' id='word_1_578' title='bbox 1203 4509 1261 4566; x_wconf 87' lang='lat' dir='ltr'><strong>nisi</strong></span> <span class='ocrx_word' id='word_1_579' title='bbox 1284 4508 1427 4566; x_wconf 88' lang='lat' dir='ltr'><strong>arbitratu</strong></span> <span class='ocrx_word' id='word_1_580' title='bbox 1448 4522 1503 4563; x_wconf 90' lang='lat' dir='ltr'><strong>sno</strong></span> <span class='ocrx_word' id='word_1_581' title='bbox 1527 4521 1598 4579; x_wconf 85' lang='lat' dir='ltr'><strong>pace</strong></span> <span class='ocrx_word' id='word_1_582' title='bbox 1612 4507 1775 4577; x_wconf 88' lang='lat' dir='ltr'><strong>composita</strong></span> 
     </span>
     <span class='ocr_line' id='line_1_47' title="bbox 69 4592 1773 4672; baseline -0.005 -13"><span class='ocrx_word' id='word_1_583' title='bbox 69 4592 221 4650; x_wconf 61' lang='lat' dir='ltr'><strong>Abienus·</strong></span> <span class='ocrx_word' id='word_1_584' title='bbox 949 4616 1050 4659; x_wconf 89' lang='lat' dir='ltr'><strong>senem</strong></span> <span class='ocrx_word' id='word_1_585' title='bbox 1060 4599 1092 4657; x_wconf 93' lang='lat' dir='ltr'><strong>in</strong></span> <span class='ocrx_word' id='word_1_586' title='bbox 1102 4616 1156 4658; x_wconf 89' lang='lat' dir='ltr'><strong>sua</strong></span> <span class='ocrx_word' id='word_1_587' title='bbox 1164 4597 1278 4672; x_wconf 89' lang='lat' dir='ltr'><strong>regredi</strong></span> <span class='ocrx_word' id='word_1_588' title='bbox 1294 4613 1353 4655; x_wconf 93' lang='lat' dir='ltr'><strong>non</strong></span> <span class='ocrx_word' id='word_1_589' title='bbox 1364 4595 1472 4653; x_wconf 90' lang='lat' dir='ltr'><strong>siverit.</strong></span> <span class='ocrx_word' id='word_1_590' title='bbox 1481 4593 1611 4667; x_wconf 83' lang='lat' dir='ltr'><strong>Reliquit</strong></span> <span class='ocrx_word' id='word_1_591' title='bbox 1619 4594 1773 4653; x_wconf 85' lang='lat' dir='ltr'><strong>ecclesiam</strong></span> 
     </span>
     <span class='ocr_line' id='line_1_48' title="bbox 104 4683 1773 4762; baseline 0.001 -23"><span class='ocrx_word' id='word_1_592' title='bbox 104 4683 253 4740; x_wconf 81' lang='lat' dir='ltr'><strong>tiletanus.</strong></span> <span class='ocrx_word' id='word_1_593' title='bbox 266 4684 319 4742; x_wconf 87' lang='lat' dir='ltr'><strong>llio</strong></span> <span class='ocrx_word' id='word_1_594' title='bbox 332 4689 464 4759; x_wconf 83' lang='lat' dir='ltr'><strong>tempore</strong></span> <span class='ocrx_word' id='word_1_595' title='bbox 479 4687 611 4760; x_wconf 87' lang='lat' dir='ltr'><strong>llgbritbi</strong></span> <span class='ocrx_word' id='word_1_596' title='bbox 628 4688 703 4759; x_wconf 84' lang='lat' dir='ltr'><strong>regis</strong></span> <span class='ocrx_word' id='word_1_597' title='bbox 720 4689 891 4748; x_wconf 83' lang='lat' dir='ltr'><strong>Westaaxo·</strong></span> <span class='ocrx_word' id='word_1_598' title='bbox 949 4705 1035 4747; x_wconf 87' lang='lat' dir='ltr'><strong>suam</strong></span> <span class='ocrx_word' id='word_1_599' title='bbox 1061 4688 1239 4762; x_wconf 75' lang='lat' dir='ltr'><strong>predivitem</strong></span> <span class='ocrx_word' id='word_1_600' title='bbox 1264 4685 1382 4759; x_wconf 79' lang='lat' dir='ltr'><strong>prediis</strong></span> <span class='ocrx_word' id='word_1_601' title='bbox 1398 4685 1593 4756; x_wconf 89' lang='lat' dir='ltr'><strong>undecunque</strong></span> <span class='ocrx_word' id='word_1_602' title='bbox 1609 4683 1773 4756; x_wconf 87' lang='lat' dir='ltr'><strong>acquisitis,</strong></span> 
     </span>
     <span class='ocr_line' id='line_1_49' title="bbox 69 4770 1775 4852; baseline 0.001 -25"><span class='ocrx_word' id='word_1_603' title='bbox 69 4786 141 4827; x_wconf 92' lang='lat' dir='ltr'><strong>num</strong></span> <span class='ocrx_word' id='word_1_604' title='bbox 157 4776 186 4829; x_wconf 92' lang='lat' dir='ltr'><strong>et</strong></span> <span class='ocrx_word' id='word_1_605' title='bbox 213 4774 308 4830; x_wconf 81' lang='lat' dir='ltr'><strong>Adulfr</strong></span> <span class='ocrx_word' id='word_1_606' title='bbox 325 4774 377 4831; x_wconf 85' lang='lat' dir='ltr'><strong>fllii</strong></span> <span class='ocrx_word' id='word_1_607' title='bbox 395 4777 458 4847; x_wconf 84' lang='lat' dir='ltr'><strong>ejus</strong></span> <span class='ocrx_word' id='word_1_608' title='bbox 473 4777 574 4847; x_wconf 90' lang='lat' dir='ltr'><strong>simul,</strong></span> <span class='ocrx_word' id='word_1_609' title='bbox 590 4785 618 4834; x_wconf 87' lang='lat' dir='ltr'><strong>et</strong></span> <span class='ocrx_word' id='word_1_610' title='bbox 632 4779 719 4844; x_wconf 89' lang='lat' dir='ltr'><strong>ultra,</strong></span> <span class='ocrx_word' id='word_1_611' title='bbox 735 4794 847 4852; x_wconf 85' lang='lat' dir='ltr'><strong>magnas</strong></span> <span class='ocrx_word' id='word_1_612' title='bbox 863 4780 893 4836; x_wconf 93' lang='lat' dir='ltr'><strong>in</strong></span> <span class='ocrx_word' id='word_1_613' title='bbox 948 4780 1060 4850; x_wconf 84' lang='lat' dir='ltr'><strong>quanta</strong></span> <span class='ocrx_word' id='word_1_614' title='bbox 1074 4777 1100 4833; x_wconf 95' lang='lat' dir='ltr'><strong>sl</strong></span> <span class='ocrx_word' id='word_1_615' title='bbox 1114 4776 1228 4843; x_wconf 87' lang='lat' dir='ltr'><strong>audias,</strong></span> <span class='ocrx_word' id='word_1_616' title='bbox 1240 4773 1371 4832; x_wconf 90' lang='lat' dir='ltr'><strong>bominis</strong></span> <span class='ocrx_word' id='word_1_617' title='bbox 1383 4771 1427 4830; x_wconf 89' lang='lat' dir='ltr'><strong>vel</strong></span> <span class='ocrx_word' id='word_1_618' title='bbox 1443 4770 1644 4843; x_wconf 87' lang='lat' dir='ltr'><strong>cupiditatem,</strong></span> <span class='ocrx_word' id='word_1_619' title='bbox 1658 4770 1702 4827; x_wconf 92' lang='lat' dir='ltr'><strong>vel</strong></span> <span class='ocrx_word' id='word_1_620' title='bbox 1714 4770 1775 4828; x_wconf 89' lang='lat' dir='ltr'><strong>feli·</strong></span> 
     </span>
     <span class='ocr_line' id='line_1_50' title="bbox 68 4860 1210 4938; baseline 0.005 -22"><span class='ocrx_word' id='word_1_621' title='bbox 68 4860 175 4918; x_wconf 80' lang='lat' dir='ltr'><strong>asculo</strong></span> <span class='ocrx_word' id='word_1_622' title='bbox 190 4863 337 4934; x_wconf 75' lang='lat' dir='ltr'><strong>potentiss,</strong></span> <span class='ocrx_word' id='word_1_623' title='bbox 353 4869 382 4921; x_wconf 91' lang='lat' dir='ltr'><strong>et</strong></span> <span class='ocrx_word' id='word_1_624' title='bbox 396 4865 500 4938; x_wconf 89' lang='lat' dir='ltr'><strong>ingens</strong></span> <span class='ocrx_word' id='word_1_625' title='bbox 514 4867 544 4922; x_wconf 89' lang='lat' dir='ltr'><strong>in</strong></span> <span class='ocrx_word' id='word_1_626' title='bbox 560 4866 693 4924; x_wconf 87' lang='lat' dir='ltr'><strong>consiliis</strong></span> <span class='ocrx_word' id='word_1_627' title='bbox 703 4873 806 4925; x_wconf 87' lang='lat' dir='ltr'><strong>auctor</strong></span> <span class='ocrx_word' id='word_1_628' title='bbox 821 4870 893 4928; x_wconf 82' lang='lat' dir='ltr'><strong>fulta</strong></span> <span class='ocrx_word' id='word_1_629' title='bbox 947 4866 1067 4923; x_wconf 85' lang='lat' dir='ltr'><strong>oitatem</strong></span> <span class='ocrx_word' id='word_1_630' title='bbox 1083 4865 1210 4923; x_wconf 87' lang='lat' dir='ltr'><strong>mireris.</strong></span> 
     </span>
     <span class='ocr_line' id='line_1_51' title="bbox 69 4947 1772 5029; baseline -0.001 -20"><span class='ocrx_word' id='word_1_631' title='bbox 69 4952 471 5026; x_wconf 80' lang='lat' dir='ltr'><strong>Egbrithoregicsntuaritas</strong></span> <span class='ocrx_word' id='word_1_632' title='bbox 479 4959 508 5012; x_wconf 89' lang='lat' dir='ltr'><strong>et</strong></span> <span class='ocrx_word' id='word_1_633' title='bbox 516 4955 672 5013; x_wconf 88' lang='lat' dir='ltr'><strong>orientales</strong></span> <span class='ocrx_word' id='word_1_634' title='bbox 684 4956 796 5029; x_wconf 80' lang='lat' dir='ltr'><strong>Anglos</strong></span> <span class='ocrx_word' id='word_1_635' title='bbox 805 4958 892 5015; x_wconf 89' lang='lat' dir='ltr'><strong>belli·</strong></span> <span class='ocrx_word' id='word_1_636' title='bbox 983 4954 1067 5013; x_wconf 85' lang='lat' dir='ltr'><strong>lllunt</strong></span> <span class='ocrx_word' id='word_1_637' title='bbox 1083 4954 1231 5012; x_wconf 88' lang='lat' dir='ltr'><strong>subsecuti</strong></span> <span class='ocrx_word' id='word_1_638' title='bbox 1248 4957 1317 5009; x_wconf 92' lang='lat' dir='ltr'><strong>sunt</strong></span> <span class='ocrx_word' id='word_1_639' title='bbox 1330 4948 1531 5017; x_wconf 79' lang='lat' dir='ltr'><strong>lladmundus,</strong></span> <span class='ocrx_word' id='word_1_640' title='bbox 1542 4947 1710 5021; x_wconf 80' lang='lat' dir='ltr'><strong>ilthelegns,</strong></span> <span class='ocrx_word' id='word_1_641' title='bbox 1724 4949 1772 5007; x_wconf 80' lang='lat' dir='ltr'><strong>Al·</strong></span> 
     </span>
     <span class='ocr_line' id='line_1_52' title="bbox 67 5038 1770 5117; baseline 0.002 -23"><span class='ocrx_word' id='word_1_642' title='bbox 67 5039 236 5113; x_wconf 87' lang='lat' dir='ltr'><strong>oiseubegit</strong></span> <span class='ocrx_word' id='word_1_643' title='bbox 246 5042 405 5100; x_wconf 84' lang='lat' dir='ltr'><strong>laboribus.</strong></span> <span class='ocrx_word' id='word_1_644' title='bbox 416 5043 892 5105; x_wconf 81' lang='lat' dir='ltr'><strong>Aldalfumvidensmansuetioris</strong></span> <span class='ocrx_word' id='word_1_645' title='bbox 947 5045 1160 5117; x_wconf 81' lang='lat' dir='ltr'><strong>sius,Asserus‚</strong></span> <span class='ocrx_word' id='word_1_646' title='bbox 1176 5042 1350 5117; x_wconf 81' lang='lat' dir='ltr'><strong>Sigbelmus,</strong></span> <span class='ocrx_word' id='word_1_647' title='bbox 1363 5056 1488 5115; x_wconf 92' lang='lat' dir='ltr'><strong>quorum</strong></span> <span class='ocrx_word' id='word_1_648' title='bbox 1504 5038 1600 5095; x_wconf 91' lang='lat' dir='ltr'><strong>ultimi</strong></span> <span class='ocrx_word' id='word_1_649' title='bbox 1616 5039 1703 5097; x_wconf 90' lang='lat' dir='ltr'><strong>ambo</strong></span> <span class='ocrx_word' id='word_1_650' title='bbox 1713 5040 1770 5098; x_wconf 90' lang='lat' dir='ltr'><strong>sub</strong></span> 
     </span>
     <span class='ocr_line' id='line_1_53' title="bbox 67 5127 1769 5210; baseline 0.003 -27"><span class='ocrx_word' id='word_1_651' title='bbox 67 5127 187 5201; x_wconf 85' lang='lat' dir='ltr'><strong>ingenii,</strong></span> <span class='ocrx_word' id='word_1_652' title='bbox 200 5130 313 5189; x_wconf 87' lang='lat' dir='ltr'><strong>sedulis</strong></span> <span class='ocrx_word' id='word_1_653' title='bbox 326 5132 575 5191; x_wconf 88' lang='lat' dir='ltr'><strong>admonitionibus</strong></span> <span class='ocrx_word' id='word_1_654' title='bbox 589 5134 625 5191; x_wconf 88' lang='lat' dir='ltr'><strong>sd</strong></span> <span class='ocrx_word' id='word_1_655' title='bbox 638 5134 793 5192; x_wconf 87' lang='lat' dir='ltr'><strong>seientiam</strong></span> <span class='ocrx_word' id='word_1_656' title='bbox 809 5137 891 5210; x_wconf 93' lang='lat' dir='ltr'><strong>regni</strong></span> <span class='ocrx_word' id='word_1_657' title='bbox 947 5153 1014 5210; x_wconf 91' lang='lat' dir='ltr'><strong>rege</strong></span> <span class='ocrx_word' id='word_1_658' title='bbox 1027 5136 1141 5195; x_wconf 79' lang='lat' dir='ltr'><strong>tifredo</strong></span> <span class='ocrx_word' id='word_1_659' title='bbox 1164 5135 1261 5192; x_wconf 78' lang='lat' dir='ltr'><strong>ddulfl</strong></span> <span class='ocrx_word' id='word_1_660' title='bbox 1277 5136 1380 5207; x_wconf 87' lang='lat' dir='ltr'><strong>quarto</strong></span> <span class='ocrx_word' id='word_1_661' title='bbox 1395 5131 1455 5188; x_wconf 92' lang='lat' dir='ltr'><strong>lllio</strong></span> <span class='ocrx_word' id='word_1_662' title='bbox 1483 5129 1574 5187; x_wconf 90' lang='lat' dir='ltr'><strong>fuisse</strong></span> <span class='ocrx_word' id='word_1_663' title='bbox 1597 5138 1769 5188; x_wconf 87' lang='lat' dir='ltr'><strong>noscuntur.</strong></span> 
     </span>
     <span class='ocr_line' id='line_1_54' title="bbox 66 5216 1769 5296; baseline 0.005 -26"><span class='ocrx_word' id='word_1_664' title='bbox 66 5216 247 5286; x_wconf 88' lang='lat' dir='ltr'><strong>stimulabat,</strong></span> <span class='ocrx_word' id='word_1_665' title='bbox 259 5225 477 5293; x_wconf 78' lang='lat' dir='ltr'><strong>contrabanos,</strong></span> <span class='ocrx_word' id='word_1_666' title='bbox 489 5221 613 5296; x_wconf 88' lang='lat' dir='ltr'><strong>quitum</strong></span> <span class='ocrx_word' id='word_1_667' title='bbox 624 5223 753 5296; x_wconf 90' lang='lat' dir='ltr'><strong>primum</strong></span> <span class='ocrx_word' id='word_1_668' title='bbox 764 5224 891 5283; x_wconf 83' lang='lat' dir='ltr'><strong>insulam</strong></span> <span class='ocrx_word' id='word_1_669' title='bbox 945 5229 1069 5285; x_wconf 80' lang='lat' dir='ltr'><strong>Assorus</strong></span> <span class='ocrx_word' id='word_1_670' title='bbox 1087 5240 1122 5282; x_wconf 85' lang='lat' dir='ltr'><strong>ex</strong></span> <span class='ocrx_word' id='word_1_671' title='bbox 1136 5229 1238 5282; x_wconf 89' lang='lat' dir='ltr'><strong>sancto</strong></span> <span class='ocrx_word' id='word_1_672' title='bbox 1255 5221 1335 5281; x_wconf 84' lang='lat' dir='ltr'><strong>flewi</strong></span> <span class='ocrx_word' id='word_1_673' title='bbox 1350 5228 1496 5287; x_wconf 86' lang='lat' dir='ltr'><strong>evocatus,</strong></span> <span class='ocrx_word' id='word_1_674' title='bbox 1517 5236 1575 5276; x_wconf 94' lang='lat' dir='ltr'><strong>non</strong></span> <span class='ocrx_word' id='word_1_675' title='bbox 1598 5235 1769 5292; x_wconf 85' lang='lat' dir='ltr'><strong>usquequa-</strong></span> 
     </span>
     <span class='ocr_line' id='line_1_55' title="bbox 67 5303 1769 5389; baseline 0.005 -30"><span class='ocrx_word' id='word_1_676' title='bbox 67 5303 256 5378; x_wconf 87' lang='lat' dir='ltr'><strong>infestabaut,</strong></span> <span class='ocrx_word' id='word_1_677' title='bbox 268 5326 387 5383; x_wconf 88' lang='lat' dir='ltr'><strong>segnem</strong></span> <span class='ocrx_word' id='word_1_678' title='bbox 398 5312 543 5380; x_wconf 87' lang='lat' dir='ltr'><strong>animans,</strong></span> <span class='ocrx_word' id='word_1_679' title='bbox 555 5313 618 5385; x_wconf 89' lang='lat' dir='ltr'><strong>ipse</strong></span> <span class='ocrx_word' id='word_1_680' title='bbox 628 5314 813 5383; x_wconf 84' lang='lat' dir='ltr'><strong>pecunissex</strong></span> <span class='ocrx_word' id='word_1_681' title='bbox 823 5316 891 5374; x_wconf 89' lang='lat' dir='ltr'><strong>tlsoo</strong></span> <span class='ocrx_word' id='word_1_682' title='bbox 945 5332 1002 5389; x_wconf 87' lang='lat' dir='ltr'><strong>que</strong></span> <span class='ocrx_word' id='word_1_683' title='bbox 1016 5315 1237 5372; x_wconf 76' lang='lat' dir='ltr'><strong>contemnende</strong></span> <span class='ocrx_word' id='word_1_684' title='bbox 1251 5312 1378 5368; x_wconf 78' lang='lat' dir='ltr'><strong>scientias</strong></span> <span class='ocrx_word' id='word_1_685' title='bbox 1399 5310 1464 5378; x_wconf 90' lang='lat' dir='ltr'><strong>fuit,</strong></span> <span class='ocrx_word' id='word_1_686' title='bbox 1480 5309 1529 5383; x_wconf 88' lang='lat' dir='ltr'><strong>qui</strong></span> <span class='ocrx_word' id='word_1_687' title='bbox 1552 5309 1661 5367; x_wconf 92' lang='lat' dir='ltr'><strong>librum</strong></span> <span class='ocrx_word' id='word_1_688' title='bbox 1676 5309 1769 5367; x_wconf 82' lang='lat' dir='ltr'><strong>Roetii</strong></span> 
     </span>
     <span class='ocr_line' id='line_1_56' title="bbox 67 5394 1768 5478; baseline 0.004 -28"><span class='ocrx_word' id='word_1_689' title='bbox 67 5394 227 5465; x_wconf 86' lang='lat' dir='ltr'><strong>sufficiens,</strong></span> <span class='ocrx_word' id='word_1_690' title='bbox 243 5397 306 5469; x_wconf 87' lang='lat' dir='ltr'><strong>ipse</strong></span> <span class='ocrx_word' id='word_1_691' title='bbox 333 5402 492 5458; x_wconf 86' lang='lat' dir='ltr'><strong>exercitum</strong></span> <span class='ocrx_word' id='word_1_692' title='bbox 516 5417 703 5475; x_wconf 86' lang='lat' dir='ltr'><strong>componens,</strong></span> <span class='ocrx_word' id='word_1_693' title='bbox 719 5404 812 5463; x_wconf 87' lang='lat' dir='ltr'><strong>multa</strong></span> <span class='ocrx_word' id='word_1_694' title='bbox 839 5421 892 5478; x_wconf 87' lang='lat' dir='ltr'><strong>per</strong></span> <span class='ocrx_word' id='word_1_695' title='bbox 945 5408 985 5462; x_wconf 87' lang='lat' dir='ltr'><strong>lle</strong></span> <span class='ocrx_word' id='word_1_696' title='bbox 1011 5404 1211 5462; x_wconf 86' lang='lat' dir='ltr'><strong>consolatione</strong></span> <span class='ocrx_word' id='word_1_697' title='bbox 1238 5400 1429 5475; x_wconf 80' lang='lat' dir='ltr'><strong>philosophiae</strong></span> <span class='ocrx_word' id='word_1_698' title='bbox 1462 5399 1644 5472; x_wconf 87' lang='lat' dir='ltr'><strong>planioribus</strong></span> <span class='ocrx_word' id='word_1_699' title='bbox 1672 5399 1768 5457; x_wconf 87' lang='lat' dir='ltr'><strong>verbis</strong></span> 
     </span>
     <span class='ocr_line' id='line_1_57' title="bbox 66 5485 1768 5567; baseline 0.002 -26"><span class='ocrx_word' id='word_1_700' title='bbox 66 5499 135 5541; x_wconf 88' lang='lat' dir='ltr'><strong>eum</strong></span> <span class='ocrx_word' id='word_1_701' title='bbox 151 5485 181 5541; x_wconf 89' lang='lat' dir='ltr'><strong>iu</strong></span> <span class='ocrx_word' id='word_1_702' title='bbox 196 5485 315 5558; x_wconf 90' lang='lat' dir='ltr'><strong>talibus,</strong></span> <span class='ocrx_word' id='word_1_703' title='bbox 329 5494 358 5546; x_wconf 89' lang='lat' dir='ltr'><strong>et</strong></span> <span class='ocrx_word' id='word_1_704' title='bbox 376 5490 513 5548; x_wconf 85' lang='lat' dir='ltr'><strong>inchoata</strong></span> <span class='ocrx_word' id='word_1_705' title='bbox 527 5495 704 5561; x_wconf 86' lang='lat' dir='ltr'><strong>constanter,</strong></span> <span class='ocrx_word' id='word_1_706' title='bbox 720 5498 749 5551; x_wconf 91' lang='lat' dir='ltr'><strong>et</strong></span> <span class='ocrx_word' id='word_1_707' title='bbox 764 5494 891 5567; x_wconf 86' lang='lat' dir='ltr'><strong>perfecta</strong></span> <span class='ocrx_word' id='word_1_708' title='bbox 944 5493 1111 5563; x_wconf 84' lang='lat' dir='ltr'><strong>elucidavit,</strong></span> <span class='ocrx_word' id='word_1_709' title='bbox 1136 5492 1197 5549; x_wconf 90' lang='lat' dir='ltr'><strong>illis</strong></span> <span class='ocrx_word' id='word_1_710' title='bbox 1216 5491 1320 5549; x_wconf 86' lang='lat' dir='ltr'><strong>diebus</strong></span> <span class='ocrx_word' id='word_1_711' title='bbox 1343 5489 1441 5546; x_wconf 86' lang='lat' dir='ltr'><strong>labore</strong></span> <span class='ocrx_word' id='word_1_712' title='bbox 1455 5489 1640 5555; x_wconf 86' lang='lat' dir='ltr'><strong>neceesario;</strong></span> <span class='ocrx_word' id='word_1_713' title='bbox 1656 5489 1768 5545; x_wconf 88' lang='lat' dir='ltr'><strong>nostris</strong></span> 
     </span>
    </p>
   </div>
   <div class='ocr_carea' id='block_1_7' title="bbox 64 5573 1765 5655">
    <p class='ocr_par' dir='ltr' id='par_1_7' title="bbox 64 5573 1765 5655">
     <span class='ocr_line' id='line_1_58' title="bbox 64 5573 1765 5655; baseline 0.004 -25"><span class='ocrx_word' id='word_1_714' title='bbox 64 5573 197 5646; x_wconf 76' lang='lat' dir='ltr'><strong>feliciter,</strong></span> <span class='ocrx_word' id='word_1_715' title='bbox 222 5576 273 5647; x_wconf 91' lang='lat' dir='ltr'><strong>qui</strong></span> <span class='ocrx_word' id='word_1_716' title='bbox 297 5577 418 5637; x_wconf 90' lang='lat' dir='ltr'><strong>annales</strong></span> <span class='ocrx_word' id='word_1_717' title='bbox 451 5578 561 5654; x_wconf 86' lang='lat' dir='ltr'><strong>legerit,</strong></span> <span class='ocrx_word' id='word_1_718' title='bbox 590 5581 729 5650; x_wconf 87' lang='lat' dir='ltr'><strong>inveniet,</strong></span> <span class='ocrx_word' id='word_1_719' title='bbox 754 5582 825 5641; x_wconf 80' lang='lat' dir='ltr'><strong>vixit</strong></span> <span class='ocrx_word' id='word_1_720' title='bbox 858 5583 890 5644; x_wconf 96' lang='lat' dir='ltr'><strong>ln</strong></span> <span class='ocrx_word' id='word_1_721' title='bbox 944 5583 1076 5643; x_wconf 89' lang='lat' dir='ltr'><strong>ridiculo.</strong></span> <span class='ocrx_word' id='word_1_722' title='bbox 1088 5583 1142 5642; x_wconf 84' lang='lat' dir='ltr'><strong>Sed</strong></span> <span class='ocrx_word' id='word_1_723' title='bbox 1151 5582 1325 5655; x_wconf 85' lang='lat' dir='ltr'><strong>enimjaesu</strong></span> <span class='ocrx_word' id='word_1_724' title='bbox 1335 5579 1413 5655; x_wconf 88' lang='lat' dir='ltr'><strong>regie</strong></span> <span class='ocrx_word' id='word_1_725' title='bbox 1424 5579 1535 5639; x_wconf 89' lang='lat' dir='ltr'><strong>factum</strong></span> <span class='ocrx_word' id='word_1_726' title='bbox 1551 5582 1605 5649; x_wconf 89' lang='lat' dir='ltr'><strong>eat,</strong></span> <span class='ocrx_word' id='word_1_727' title='bbox 1624 5581 1656 5635; x_wconf 93' lang='lat' dir='ltr'><strong>ut</strong></span> <span class='ocrx_word' id='word_1_728' title='bbox 1671 5576 1765 5636; x_wconf 91' lang='lat' dir='ltr'><strong>levius</strong></span> 
     </span>
    </p>
   </div>
   <div class='ocr_carea' id='block_1_8' title="bbox 0 0 1880 6000">
    <p class='ocr_par' dir='ltr' id='par_1_8' title="bbox 0 0 1880 6000">
     <span class='ocr_line' id='line_1_59' title="bbox 0 0 1880 6000; baseline 0 1"><span class='ocrx_word' id='word_1_729' title='bbox 0 0 1880 6000; x_wconf 95' lang='lat' dir='ltr'><strong> </strong></span> 
     </span>
    </p>
   </div>
  </div>
 </body>
</html>
