3750 6000
74 215 128 276 tta
676 217 850 282 EPISTOLAE
870 216 915 281 ET
935 227 1133 284 curvantium

1674 240 1725 301 tat

73 346 128 402 iata
144 345 281 402 abbatissa
297 360 313 400 a
327 343 463 402 calumnia
479 359 561 416 quarn
578 358 628 414 pro
644 342 704 415 jam
728 343 799 400 dicta
826 357 872 398 cc·
886 350 914 412 Α
929 350 1024 412 ceptus
1039 350 1139 410 antem,
1157 344 1214 399 sive
1230 348 1349 399 retentus
1362 348 1424 416 post
1442 339 1541 401 iactam
1569 348 1724 419 professio-

72 434 160 491 cIesia
189 435 225 492 de
238 435 336 506 Tyrcio
350 442 441 490 vestro
455 433 621 488 monasterio
636 432 772 488 inferebat
786 430 876 486 omni·
932 446 1004 496 nem,
1020 432 1123 503 absque
1138 432 1277 503 praepositi
1292 441 1317 488 et
1332 433 1563 490 lratrumlicentia
1573 435 1724 495 claustrum

71 523 165 580 modis
181 525 374 596 conquiescat,
401 521 582 593 eumdemque
610 521 698 576 locum
729 536 790 575 cum
820 519 876 574 suis
932 528 1052 574 vestrum
1068 536 1122 575 non
1136 522 1254 587 deserat,
1271 537 1321 576 nec
1335 521 1481 590 cujuslibet
1494 523 1638 596 religionis
1667 527 1719 582 ab·

69 612 245 684 appendiciis
261 620 380 667 uestrum
395 612 590 666 monasterium
620 610 709 682 quiete
724 609 875 680 possideat,
932 608 1052 662 tentuad
1069 608 1150 663 alium
1166 608 1255 664 locum
1271 616 1396 675 transeat,
1413 625 1464 666 uec
1482 611 1561 667 alicui
1577 612 1724 686 episcopo-

72 701 204 772 praesenti
218 700 359 757 sanctione
374 701 529 754 statuimus.
546 698 619 753 Nulli
643 713 710 770 ergo
736 697 876 752 homiuum
931 712 990 750 rum
1006 696 1047 752 set
1068 697 1194 752 abbatum
1216 698 1296 754 liceat
1319 698 1445 753 eumdem
1461 699 1588 769 retinere,
1604 703 1653 758 sed
1667 712 1726 760 tan·
1759 762 1762 767 ,

72 789 156 845 liceat
171 799 198 845 te
214 789 258 844 uel
268 803 448 845 successores
459 796 609 858 tuossuper
619 783 875 843 bacnostraconbr-
930 798 1012 854 quam
1028 793 1260 857 transgressorem
1278 786 1313 840 ad
1337 784 1427 841 locum
1442 786 1513 841 unde
1528 789 1619 855 exivit,
1636 792 1725 848 redire

71 878 195 934 mationa
202 882 308 933 temere
316 876 490 950 perturbare,
500 884 547 930 aut
555 876 672 946 aliquam
690 876 767 930 robis
778 874 876 930 exinde
930 872 1084 943 compellat.
1101 873 1155 929 Eos
1170 889 1236 930 uero
1251 875 1296 946 qul
1312 882 1438 946 tanquam
1467 885 1597 946 apostatas
1612 878 1675 935 lacti
1689 881 1725 937 ad

71 965 283 1022 diminutionem
299 966 344 1022 rel
372 964 593 1021 contrarietatem
617 964 728 1019 iulerre.
759 963 787 1018 Si
814 961 875 1035 quis

71 1072 167 1119 autem
182 1078 250 1118 ausu
266 1064 414 1119 temerario
428 1069 523 1118 contra
537 1061 595 1117 haec
619 1061 712 1115 uenire
738 1075 876 1131 presum-

72 1152 171 1223 pserit,
187 1151 404 1225 indignationem
417 1149 613 1222 omnipotentis
629 1149 678 1204 Dei
693 1157 720 1205 et
732 1150 875 1205 beatorum

930 961 1059 1016 saeculum
1075 962 1197 1026 redeunt,
1214 964 1467 1019 excommunicandi
1479 965 1615 1022 licentiam
1626 969 1726 1026 habea·

930 1050 963 1103 tis
980 1064 986 1118 ;
1004 1049 1171 1121 sepulturam
1186 1067 1295 1123 quoque
1307 1051 1379 1106 illius
1396 1052 1448 1108 loci
1463 1052 1641 1113 liberaraesse
1655 1074 1723 1115 con·

929 1147 1060 1215 cedimus,
1077 1158 1223 1220 uteorum,
1239 1151 1285 1223 qui
1303 1167 1333 1206 sa
1350 1150 1404 1208 illic
1418 1154 1527 1223 sepeliri
1554 1156 1725 1217 deliberave-

73 1241 148 1298 Petri
164 1249 190 1298 et
206 1241 278 1295 Pauli
292 1241 476 1311 apostolorum
491 1239 553 1308 ejus
573 1239 709 1304 incurrat,
726 1246 751 1293 et
767 1252 876 1293 excom·
929 1236 991 1302 rint,
1017 1237 1155 1294 deuotioni
1184 1248 1211 1294 et
1243 1248 1373 1296 extremae
1406 1242 1545 1311 uoluntati,
1576 1245 1626 1301 nisi
1655 1249 1724 1306 forte

70 1330 253 1386 manicationi
268 1329 410 1399 subjaceat
426 1344 569 1402 quousque
586 1343 602 1382 a
617 1343 666 1383 sua
680 1327 874 1398 presumptio·
928 1327 1154 1383 excommunicati
1168 1328 1233 1394 siut,
1250 1327 1341 1383 nullus
1369 1329 1484 1386 obsistat
1499 1334 1593 1400 ;saira
1621 1336 1723 1394 dioece·

71 1436 107 1476 ne
123 1418 271 1491 resipuerit
285 1425 310 1474 et
325 1434 446 1491 congrue
460 1416 634 1472 satisfecerit.
656 1420 752 1480 Amen,
782 1430 873 1482 amen,
928 1412 987 1468 sani
1002 1415 1125 1486 episcopi
1139 1416 1166 1470 in
1181 1417 1308 1472 omnibus
1337 1420 1492 1475 reverentia
1517 1424 1721 1495 atquejustitia.

72 1524 167 1565 men·
933 1502 1111 1559 Decernimus
1137 1520 1205 1576 ergo
1234 1514 1263 1559 nt
1283 1505 1348 1560 nulli
1370 1507 1500 1580 episcopo
1527 1511 1595 1566 nulli
1621 1513 1721 1574 elerico

110 1607 182 1661 Data
192 1604 316 1660 Laterani
330 1620 379 1675 per
393 1619 503 1659 manum
523 1602 656 1658 himerici
685 1609 787 1659 sanctae
816 1602 874 1656 ilo-
927 1595 1067 1664 vallaico,
1083 1597 1251 1667 nullimiliti,
1282 1608 1329 1656 unt
1352 1601 1419 1656 nulli
1440 1605 1550 1660 omnino
1579 1608 1718 1667 bominum

72 1709 165 1750 manae
178 1693 425 1750 Ecclesiaediaconi
436 1691 581 1749 cardinatis
600 1700 626 1746 et
642 1691 806 1759 canceltarii,
837 1705 873 1744 nr
888 1707 914 1767 Β
929 1683 1008 1739 liceat
1023 1685 1165 1756 pietatem
1181 1694 1301 1743 vestram
1314 1690 1460 1746 eeclesiam
1480 1700 1581 1750 temere
1608 1706 1717 1766 pertur-

73 1783 137 1838 lial.
154 1782 227 1849 hlaii,
261 1780 408 1838 indictione
437 1796 467 1846 rr,
496 1780 696 1837 incarnationis
725 1778 874 1835 Dominieae
928 1773 1005 1840 bare,
1021 1783 1066 1829 aut
1081 1776 1137 1844 ejus
1152 1778 1345 1847 possessiones
1364 1780 1482 1846 auferre,
1499 1782 1542 1838 vel
1556 1785 1663 1842 ablatas
1678 1805 1719 1845 re·

72 1887 149 1927 anno
167 1872 246 1938 1189,
261 1867 432 1942 pontificatus
448 1884 514 1925 uero
527 1868 874 1940 dominilanocentiipapae
929 1862 1025 1931 tinere,
1036 1865 1719 1948 minuere,senquibuslibetvexationibusfatigare,

73 1959 97 2014 ll
114 1973 187 2017 anno
203 1976 229 2013 x.

389 2072 545 2130 CCCXCV.

74 2191 159 2247 Bulla
173 2190 345 2259 continuans
359 2189 586 2260 subrogationem
619 2189 875 2244 mammaemam-

253 2278 329 2329 aiam
344 2276 376 2329 in
395 2273 508 2329 abbatia
521 2273 682 2328 Posidansi.

290 2363 379 2431 (huno
401 2362 479 2428 itas,
495 2360 581 2431 April.
604 2361 661 2431 20.)

232 2450 315 2522 lbos,
333 2451 436 2506 huual.
450 2449 574 2519 Parem„
592 2450 625 2518 ll,
646 2447 719 2520 386.]

108 2550 303 2603 tuuocsurma
327 2546 485 2618 episcopus,
510 2563 607 2601 seruus
635 2561 779 2602 serrorum
811 2544 872 2611 Dei,

69 2636 175 2692 dilecto
188 2634 243 2691 lilio
256 2636 391 2691 Cossano
403 2635 550 2706 praeposito
558 2635 690 2691 Ecclesiae
703 2634 872 2702 Poeldensis,

69 2724 180 2796 tuisque
209 2725 417 2780 successoribus
446 2722 609 2796 regulariter
629 2722 872 2795 promouendis,iu

69 2821 248 2884 perpetuum.

104 2909 222 2978 Quoties
228 2908 315 2964 illude
326 2908 405 2964 nobis
415 2908 517 2978 petitur
529 2908 602 2981 quod
614 2908 726 2963 rationis
734 2907 873 2979 pertinere

67 2998 259 3070 cognoscitur,
271 2997 363 3053 auimo
379 3012 428 3053 uos
442 2998 522 3053 decet
537 2996 632 3053 libenti
663 2997 824 3064 concedere,
845 3006 872 3053 et

67 3096 193 3158 optatum
209 3086 342 3157 impertiri
356 3085 529 3158 sutiragium.
560 3086 686 3151 Proinde,
716 3086 815 3143 dilecte
844 3087 871 3141 in

69 3175 191 3231 Domino
216 3172 254 3229 iili
283 3174 410 3230 Conrade
435 3173 589 3247 praeposite,
621 3174 675 3229 tuis
696 3173 872 3245 petitionibus

68 3264 223 3320 clementer
238 3264 375 3328 nouimus,
391 3272 417 3318 et
436 3262 581 3319 ecclesiam
609 3262 790 3319 poeldensem
818 3280 871 3335 cur,

68 3362 183 3408 auctore
199 3352 326 3419 Domino,
343 3352 475 3423 praesides
490 3352 635 3422 praesentis
655 3351 752 3423 scripti
769 3351 871 3424 pagina

69 3440 288 3498 communimus.
304 3441 333 3495 ln
350 3440 445 3512 primis
460 3440 595 3512 siquidem
610 3449 760 3496 statuentes
771 3442 871 3498 atordo

69 3540 223 3597 canonicus
245 3537 291 3610 qni
307 3539 456 3593 secundum
470 3537 540 3592 beati
551 3536 693 3610 Augustini
702 3537 834 3609 Regulam
845 3545 872 3593 et

64 3628 184 3685 lormarn
215 3626 359 3698 religionis
388 3625 543 3682 recolendae
571 3626 712 3682 memorias
740 3626 871 3682 Norbsrli

64 3715 318 3789 legdehurgensis
333 3713 533 3785 archiepiscopi
550 3714 651 3770 ibidem
674 3715 798 3771 noscitur
826 3715 870 3768 in-

65 3807 190 3869 stitutus,
207 3803 352 3876 perpetuis
367 3802 464 3859 laturis
484 3803 653 3875 temporibus
679 3802 872 3859 iuviolabiliter

65 3901 262 3951 conservetur.
281 3892 324 3947 dd
338 3892 398 3948 haec
413 3890 606 3947 confirmamus
623 3891 668 3946 tihi
684 3891 790 3963 tuisque
806 3908 870 3949 suc-

65 3982 236 4047 cessoribus,
253 3989 279 4036 et
294 3997 344 4051 per
360 3995 410 4036 nos
425 3981 513 4036 eidem
530 3980 653 4035 ecclesiae
664 3980 773 4034 tertiam
802 3995 871 4052 par-

65 4079 118 4128 tem
136 4071 221 4128 cume
239 4069 389 4125 Pelideusis
404 4085 468 4125 cum
485 4070 612 4125 omnibus
628 4068 786 4123 utilitatibus
802 4069 869 4137 suis,

65 4159 151 4234 agris,
169 4159 259 4227 silvia,
275 4159 394 4229 pascuis,
410 4158 616 4229 piscationibus,
631 4154 713 4212 terris
737 4157 816 4213 cultis
844 4166 871 4213 et

66 4248 190 4316 monitis,
205 4255 234 4303 et
248 4247 360 4317 insuper
375 4262 551 4319 quascunque
566 4245 766 4317 possessiones,
793 4262 869 4318 quae-

66 4361 178 4419 cunque
193 4343 268 4400 bona
278 4344 314 4398 ab
333 4343 479 4416 episcopis,
491 4343 613 4415 regibus,
625 4342 807 4415 principibus,
817 4359 868 4400 seu

65 4435 125 4490 aliis
138 4433 193 4490 Dei
208 4431 336 4488 bdehhus
350 4432 449 4489 collata
464 4433 559 4489 eadem
576 4432 695 4489 ecclesia
715 4432 867 4504 inpraesen-

66 4524 164 4579 tiaram
179 4524 255 4593 juste
284 4529 311 4578 et
339 4520 460 4594 legitime
483 4519 615 4593 possidet,
644 4529 671 4576 et
692 4520 720 4575 in
749 4520 869 4576 futurum

66 4616 434 4688 concessionepontilicum,
461 4615 604 4688 largitione
629 4632 734 4688 regam,
765 4616 869 4672 libera-

67 4707 144 4763 htste
158 4705 326 4778 principum,
337 4705 474 4760 oblatione
489 4703 620 4771 bdelium,
635 4721 684 4760 seu
703 4705 764 4760 aliis
790 4704 870 4774 iustis

67 4797 170 4863 modis,
189 4796 248 4850 beo
275 4793 403 4865 propitio,
432 4793 533 4865 poterit
559 4794 684 4865 adipisci,
714 4792 792 4848 firma
822 4795 870 4850 tibi

67 4886 178 4958 tnisqne
192 4883 402 4941 successoribus
419 4891 444 4938 et
463 4883 567 4938 illibata
580 4892 758 4955 permaneant
774 4884 870 4951 ;deci·

67 4991 128 5031 snas
143 4989 211 5030 sane
229 4974 352 5029 laborum
368 4981 520 5029 uestrorum
535 4988 606 5044 quos
616 4972 734 5044 propriis
744 4973 871 5029 manibus

67 5073 94 5122 et
103 5064 265 5136 sumptibus
277 5061 374 5130 colitis,
391 5078 424 5119 ac
451 5063 678 5117 autrimentorum
706 5070 869 5130 vestrorum,

66 5162 160 5219 nullas
175 5179 193 5218 a
207 5161 286 5217 robis
300 5159 412 5233 exigere
427 5167 583 5231 praesumat.
599 5159 673 5214 Nulli
688 5159 769 5214 etiam
801 5160 871 5216 laico

68 5252 151 5309 tieest
162 5267 195 5305 aa
208 5266 271 5323 qnae
283 5250 317 5305 ad
332 5249 595 5320 sumptumlratrum
608 5250 752 5320 pertineat,
763 5248 871 5305 aulcrre

69 5340 114 5399 rei
130 5340 254 5396 retinere
270 5338 437 5408 ;seautsres
450 5354 517 5395 aero
531 5338 649 5394 elarieos
664 5338 709 5394 vel
724 5337 810 5393 laicos
836 5337 872 5393 ad

69 5445 122 5488 ros
135 5444 152 5484 a
163 5427 265 5485 waulo
279 5426 424 5502 fugientes,
440 5427 494 5482 nisi
509 5427 577 5483 iorte
601 5427 654 5482 sint
682 5426 870 5483 excommuni-

68 5519 123 5577 asti
135 5524 186 5575 aut
198 5515 294 5574 mviii
307 5516 462 5575 conditione
477 5517 591 5587 detenti,
612 5517 647 5572 sit
674 5516 751 5573 vobis
781 5515 872 5573 susci-

67 5605 167 5683 Μ
175 5604 296 5665 tandm
306 5612 335 5664 et
346 5605 376 5663 in
383 5613 478 5664 restro
491 5604 611 5678 collegio
625 5604 770 5664 retinendi
799 5604 871 5662 Sas-

928 1951 976 2005 sed
992 1953 1084 2007 omnia
1102 1953 1205 2027 integra
1220 1965 1414 2010 conserventur
1425 1973 1531 2030 eorum,
1547 1977 1596 2031 pro
1606 1981 1721 2036 quorum

928 2049 1126 2120 gubernatione
1141 2059 1167 2105 et
1183 2052 1379 2108 sustentatione
1392 2070 1524 2112 concessa
1539 2069 1611 2127 sunt,
1627 2063 1723 2120 usibus

928 2139 1091 2193 omnimodis
1120 2139 1270 2210 prolatura.
1295 2141 1323 2196 Si
1351 2158 1405 2213 qua
1433 2144 1516 2216 igitur
1536 2148 1720 2208 ecclesiastica

928 2226 1100 2282 secularisve
1116 2243 1245 2298 persona,
1262 2230 1331 2285 hauc
1347 2237 1447 2286 nostrae
1456 2236 1659 2293 constitutionis
1669 2256 1721 2312 ps·

927 2329 1019 2385 ganam
1035 2330 1135 2382 serens,
1152 2325 1248 2372 contra
1263 2332 1325 2373 eam
1339 2327 1442 2376 temere
1457 2323 1549 2379 venire
1565 2329 1719 2399 tentaverit,

927 2403 1049 2459 secundo
1065 2405 1180 2461 tertiove
1208 2408 1384 2474 commonita,
1409 2409 1432 2463 si
1452 2425 1508 2466 non
1537 2414 1721 2475 satisfactione

927 2509 1050 2564 congrua
1078 2503 1184 2549 reatum
1204 2511 1283 2550 suum
1309 2498 1462 2553 correxerit
1475 2503 1618 2569 potestatis
1632 2511 1721 2563 hono·

928 2582 1071 2654 risquesui
1086 2582 1215 2654 dignitate
1230 2591 1333 2652 careat,
1350 2600 1481 2658 reamque
1496 2604 1526 2644 se
1541 2590 1634 2648 divino
1645 2596 1722 2663 judi·

927 2672 970 2728 cio
1001 2671 1120 2727 existere
1136 2672 1171 2727 de
1180 2673 1485 2746 perpetratainiquitate
1496 2689 1655 2750 cognoseat,
1667 2691 1720 2741 eta

927 2761 1111 2816 sacratissimo
1138 2776 1255 2832 corpore
1271 2770 1296 2817 et
1325 2764 1457 2835 sanguiue
1480 2767 1530 2821 Dei
1558 2776 1585 2824 et
1613 2771 1720 2830 Domini

927 2859 1121 2929 Redemptoris
1136 2859 1221 2913 nostri
1236 2860 1301 2916 lesu
1316 2859 1416 2914 Christi
1443 2861 1530 2918 aliena
1560 2863 1616 2934 liat,
1641 2879 1722 2942 atque

927 2948 954 3001 in
983 2956 1105 3002 extremo
1133 2947 1258 3003 examine
1285 2947 1414 3005 districtae
1446 2950 1542 3008 ultioni
1569 2954 1719 3024 subjaceat.

887 3059 912 3123 C
928 3036 1040 3092 Cunctis
1054 3043 1144 3090 autem
1159 3036 1247 3091 eidem
1262 3036 1323 3092 loco
1338 3052 1388 3091 sua
1403 3039 1466 3106 iura
1484 3043 1659 3100 serrantibus
1686 3048 1721 3103 sit

927 3141 979 3196 pax
994 3125 1103 3179 Domini
1117 3124 1202 3180 nostri
1212 3125 1275 3179 Jesn
1294 3124 1394 3180 Christi
1409 3137 1436 3182 et
1453 3127 1496 3184 hia
1512 3129 1627 3186 tructam
1643 3134 1721 3192 bonae

854 3265 859 3275 ,
926 3213 1043 3269 actionis
1071 3212 1233 3283 percipiant,
1268 3221 1295 3268 et
1322 3214 1395 3284 apud
1424 3215 1577 3273 districtum
1602 3221 1720 3289 judicem

926 3301 1041 3372 praemia
1055 3301 1402 3372 aeteruaepaaisinueniant.
1418 3306 1516 3373 Amen,
1532 3322 1719 3375 amen,amen.

961 3391 1021 3463 Ego
1036 3390 1209 3446 Innocentius
1225 3391 1369 3447 Catholicae
1384 3392 1517 3451 Ecclesia
1531 3396 1684 3469 episcopua.

962 3478 1023 3551 Ego
1037 3480 1187 3554 Gregorius
1201 3478 1334 3535 diaconus
1349 3481 1497 3538 cardinalis
1514 3484 1562 3541 SS.
1579 3486 1671 3560 Sergii
1694 3497 1721 3544 et

926 3568 1033 3624 bacchi.

961 3666 1023 3738 Ego
1039 3665 1198 3721 Gerhardus
1213 3667 1356 3738 presbyter
1370 3670 1514 3727 cardinalis
1528 3673 1570 3730 tit.
1587 3674 1615 3730 S.
1628 3675 1721 3735 Crucis

925 3755 952 3809 iu
966 3754 1129 3810 Jerusalem.

960 3852 1020 3923 Ego
1035 3852 1169 3906 Martinus
1196 3852 1343 3925 presbyter
1366 3855 1444 3910 card.
1472 3856 1501 3912 S.
1532 3860 1663 3932 Stephani
1691 3863 1719 3921 iu

925 3941 1008 3997 Caelio
1023 3948 1127 3995 monte.

962 4041 1057 4094 Datum
1074 4038 1202 4093 Laterani
1215 4054 1266 4110 per
1280 4055 1390 4095 manum
1406 4043 1639 4111 ilenrici,senctae
1662 4037 1722 4109 hoss

924 4144 1012 4184 manae
1025 4127 1158 4184 Ecclesiae
1171 4127 1279 4183 diaconi
1292 4129 1438 4185 cardinalis
1452 4140 1478 4187 et
1487 4135 1656 4206 cancellarii,
1678 4158 1720 4197 au

924 4217 1039 4272 Kalend.
1056 4218 1127 4283 hlsii,
1143 4217 1339 4273 incarnationis
1358 4219 1509 4278 Dominicas
1537 4240 1609 4282 anno
1640 4230 1718 4299 lisa,

923 4305 1093 4377 pontilicatus
1109 4322 1177 4362 vero
1202 4306 1294 4361 domni
1321 4308 1473 4365 innocentii
1500 4328 1579 4385 papae
1607 4321 1720 4375 secundi

882 4416 908 4476 D
923 4410 995 4452 auno
1008 4395 1124 4452 decimo.

1242 4493 1405 4552 cccxcttt.

925 4591 1314 4665 Diplomaquoderuarieusis
1331 4597 1456 4654 ls'cclcsia
1469 4602 1604 4673 specialis
1623 4606 1720 4663 Eccle-

960 4677 1333 4749 siaeltomanoefiliacjuaqac
1349 4683 1501 4739 comitatus
1528 4686 1626 4744 Sancti
1643 4691 1721 4746 Petri

960 4768 1166 4838 patrimonium
1181 4766 1357 4821 declaratur.

1138 4864 1231 4935 (huno
1248 4865 1326 4930 1139,
1343 4866 1432 4936 April.
1447 4871 1503 4937 tt.)

1136 4952 1355 5024 [Cocouaaruss
1376 4953 1405 5023 ll,
1428 4955 1509 5028 tlt]

961 5057 1151 5111 tuucasuuus
1167 5052 1325 5125 episcopus,
1341 5070 1439 5111 servus
1454 5073 1597 5116 seruorum
1609 5064 1722 5132 herme

925 5145 1051 5200 nerahilii
1066 5144 1143 5198 iratri
1159 5141 1307 5198 Gauruoru
1324 5143 1636 5222 Ferrariensiepiscopo,
1646 5155 1721 5224 ejus·

925 5250 977 5307 que
1004 5232 1211 5290 successoribus
1250 5232 1413 5304 regulariter
1452 5236 1658 5312 substituendis,
1693 5245 1722 5300 in

925 5331 1094 5396 perpetuum.

960 5411 1001 5467 ad
1014 5413 1068 5467 hoc
1081 5410 1108 5464 in
1123 5409 1279 5481 apostolice
1293 5410 1367 5466 sedis
1393 5413 1529 5481 cathedra,
1558 5417 1720 5491 disponente

925 5509 1051 5576 Domino,
1069 5508 1206 5564 constituti
1220 5524 1282 5564 esse
1296 5509 1488 5582 conspicimur,
1495 5521 1524 5569 ut
1535 5515 1719 5577 Ecclesiarurn

928 5599 1049 5659 omnium
1063 5613 1154 5656 curem
1169 5613 1278 5668 gerere,
1292 5599 1379 5669 atjus
1391 5601 1580 5676 suurncuique
1589 5607 1719 5678 tribuere,
