3750 6000
112 227 182 290 alat
589 224 766 289 vitatum
783 223 1112 289 datdasattltttrtSts
1129 225 1291 292 nostem
1701 226 1771 291 llas

109 370 172 411 netn
199 352 300 410 ibidem
329 353 534 416 monasterium,
559 353 596 409 ab
612 353 714 410 Ellrida
731 353 905 422 aedificatum,
921 358 948 417 A
963 372 1066 430 magna
1079 356 1166 430 gloria
1182 358 1209 412 in
1226 358 1382 413 Pentecoste
1396 352 1542 414 Balbonim
1550 362 1765 420 corottatusestr

111 442 356 501 sannintoutalium
367 442 521 512 lrcqttentta
535 440 711 498 inhabitatur.
965 461 1016 500 nec
1031 445 1080 500 uisi
1096 445 1215 501 triennio
1229 445 1390 511 sutrervittit,
1405 445 1583 517 sepultusque
1598 452 1640 502 ist
1654 445 1766 503 Glasto·

146 530 239 605 3158.
257 533 327 587 lluic
340 530 469 602 exemplo
482 529 650 586 crudelitatis
664 531 818 605 adjungunt
838 532 911 589 aliud
966 534 1029 589 uiae.
1046 534 1255 604 (latitarunt
1270 534 1483 601 obliterandum,
1501 534 1585 605 quod,
1600 549 1665 590 cutu
1683 535 1767 591 abbat

108 617 239 675 libidinis.
257 618 376 691 Virqinis
392 620 448 674 lieo
463 619 559 676 dicatae
584 619 700 676 audiena
730 621 911 690 pulchritudi-
965 622 1119 677 Eitwardua
1133 622 1193 692 ejus
1209 622 1345 678 tumulum
1359 638 1431 678 anno
1448 622 1644 679 iucarnationis
1668 621 1766 678 Domi·

112 724 185 776 nrm,
202 707 336 763 violenter
356 723 416 762 eam
445 722 460 762 a
487 711 657 764 monntenc
686 709 829 775 abstraxit,
858 712 910 764 ab·
965 710 1034 765 nicae
1056 711 1199 767 millesimo
1227 710 1453 783 qutnquagesimo
1481 710 1601 768 secundo
1620 709 1763 777 effodisset,

111 804 219 853 stractae
235 797 365 860 pudorem
382 796 479 867 rapuit,
507 805 534 852 et
562 811 616 852 iton
640 797 726 852 semel
756 799 834 854 tltoro
862 812 912 854 suo
964 799 1064 854 invenit
1080 815 1177 870 corpus
1195 803 1275 870 255
1297 799 1397 854 nullius
1413 798 1482 854 lanis
1509 799 1662 856 conscium.
1687 797 1763 868 Quod

110 886 265 943 collocavit.
282 885 360 954 Quod
374 901 435 940 cum
460 901 541 941 aures
569 886 639 941 beati
665 886 797 942 liunstani
821 885 907 943 offen·
964 904 1025 942 cum
1040 905 1101 943 eum
1116 889 1150 944 ad
1176 886 1355 944 reverentiam
1384 887 1524 943 debuisset
1550 887 1703 956 inlici-tere,
1730 887 1762 943 ad

110 977 205 1045 disset,
221 977 443 1030 velit·menterab
457 990 490 1030 eo
506 975 671 1046 increpatus,
688 978 726 1042 (9)
747 983 909 1046 septennem
964 977 1107 1032 audaciam
1124 977 1223 1031 levarit
1237 993 1245 1042 ;
1263 992 1336 1041 uam,
1352 976 1413 1045 quia
1428 976 1540 1031 locellus
1567 991 1649 1046 quem
1680 990 1762 1047 para·

109 1064 298 1135 poertiteutiam
341 1078 395 1118 aon
427 1062 566 1128 lastidtrit,
600 1063 727 1135 dignatus
755 1080 801 1118 ret
826 1063 910 1136 ailligi
964 1071 1039 1120 verat
1053 1063 1188 1120 difficilem
1205 1081 1256 1136 pto
1272 1065 1457 1137 magnitudine
1472 1078 1557 1133 corpo
1574 1064 1763 1119 isminabatur

106 1153 222 1224 jejunio,
237 1151 373 1222 simul-que
389 1151 450 1206 dtad
464 1160 544 1206 mate
559 1167 656 1207 catere
667 1153 820 1222 septennio.
965 1156 1130 1226 ingressum,
1146 1156 1254 1224 regales
1283 1154 1394 1209 exuvias
1422 1151 1492 1209 ferro
1519 1154 1672 1220 temeravit,
1695 1155 1762 1209 untia

145 1239 237 1314 flt'ttl.
249 1239 400 1309 subjiciunt
429 1241 547 1299 tertium.
572 1242 826 1311 iuquoutturnque
858 1255 910 1310 ap·
964 1245 1091 1297 continuo
1106 1243 1216 1312 sanguis
1232 1243 1352 1297 undatim
1367 1241 1489 1297 emicans
1510 1241 1655 1298 astantium
1682 1243 1763 1298 corda

109 1342 200 1403 pareat
218 1329 324 1384 vitiant.
344 1328 412 1389 ltux.
431 1327 565 1398 inquiunt,
581 1329 709 1397 Edgarua
725 1329 835 1384 veniens
856 1333 911 1384 111·-
965 1346 1064 1400 pavore
1079 1331 1222 1387 concussit.
1240 1332 1280 1385 ltn
1296 1330 1401 1402 regium
1417 1345 1516 1400 corpus
1529 1331 1556 1385 ic
1567 1331 1682 1396 sonnio,
1693 1331 1762 1402 quod

110 1417 356 1488 deret-attt,quieat
379 1417 523 1471 ricusnon
547 1416 829 1489 longeaWintottia.
859 1434 910 1473 cu·
963 1418 1015 1487 ipsi
1031 1420 1152 1475 ecclesiae
1167 1421 1329 1485 contulerat,
1352 1436 1435 1491 super
1461 1421 1548 1474 altare
1576 1418 1698 1474 lotatum
1727 1426 1764 1476 est

108 1508 217 1579 jusdam
233 1506 311 1561 ducis
325 1504 419 1572 filium,
435 1507 512 1571 cttjus
528 1505 909 1574 intutaelamapercrelruerat,
964 1523 1024 1561 cunt
1040 1516 1127 1577 capue
1151 1508 1236 1562 sant-ti
1260 1507 1434 1579 Apollinaris.
1451 1514 1478 1563 at
1492 1507 1614 1580 reliqniis
1632 1508 1762 1564 vincentii

110 1595 208 1651 atltluui
221 1594 361 1665 pracepit.
375 1595 459 1648 blatea
484 1594 591 1664 puellae.
614 1611 674 1663 qna
701 1593 909 1650 concubinatum
964 1597 1096 1667 martyris,
1113 1613 1174 1666 qnae
1189 1597 1234 1651 ille
1246 1611 1345 1666 magno
1362 1603 1455 1667 empta
1469 1595 1562 1650 deon
1590 1595 1692 1651 domus
1718 1597 1763 1652 Dei

109 1682 170 1739 litiae
184 1683 390 1756 dcdtqnarctur,
403 1683 541 1753 ancillam,
557 1684 652 1752 adjutu
677 1682 764 1738 noetis
779 1683 906 1751 taurinis,
922 1710 948 1772 Β
964 1683 1113 1753 adjecerat.
1131 1685 1331 1740 'temeratorem
1343 1700 1423 1756 porro
1450 1684 1518 1740 sacri
1547 1684 1676 1755 corporis
1705 1699 1762 1740 mox

109 1771 193 1828 cubi-i
204 1772 339 1842 apposuit,
357 1770 490 1843 virginem
506 1787 571 1825 saue
587 1786 638 1826 nec
662 1770 843 1843 inelegantem
859 1788 909 1827 nco
963 1774 1070 1827 animus
1086 1774 1210 1844 reliquit:
1229 1790 1278 1828 nec
1293 1773 1377 1827 ntulto
1393 1785 1462 1843 post.
1479 1772 1595 1828 ecclesia
1611 1789 1761 1839 egressum,

109 1859 261 1931 illepidam.
282 1859 398 1914 litoluta
423 1866 512 1914 nocte
540 1874 602 1915 cum
630 1875 730 1915 aurora
758 1859 787 1914 in
819 1861 907 1916 lucem
963 1865 1046 1918 tracta
1060 1861 1167 1916 cervice
1182 1877 1256 1916 mors
1271 1862 1383 1915 invenit.
1413 1860 1665 1916 Neciubtsbusit
1682 1861 1762 1933 regie

109 1958 305 2021 pntmmperet.
323 1948 422 2002 mulier
438 1955 663 2019 conclusurgere,
688 1948 908 2021 interrogataque
962 1952 1110 2007 sanctitatis
1124 1950 1309 2015 ostensio,serl
1323 1950 1349 2004 in
1366 1951 1493 2005 ulteriora
1509 1949 1654 2019 processit,
1671 1958 1761 2007 musto

109 2039 173 2111 quid
190 2036 340 2101 festinaret,
357 2035 391 2090 nd
407 2035 796 2105 opusqttotitliattumttotnitae
806 2037 909 2107 persol·
962 2041 1000 2096 iot
1016 2040 1119 2095 furioso
1135 2050 1162 2094 et
1176 2054 1259 2095 caeco
1286 2039 1378 2094 blerilo
1405 2053 1472 2112 ergo
1501 2039 1557 2105 (11)
1573 2053 1629 2093 non
1657 2036 1762 2094 intirma

108 2126 228 2183 rendum
246 2125 908 2198 resptudit:agrelicetretentareqtsqenbus
963 2132 1033 2184 iuter
1047 2127 1149 2193 anglos
1165 2128 1238 2182 lama
1252 2140 1292 2182 est
1308 2128 1420 2194 nullutn,
1450 2126 1573 2196 neceJus
1601 2141 1654 2183 nec
1684 2143 1760 2197 supe·

109 2232 193 2288 super
207 2222 278 2270 statu
293 2215 466 2269 miseriarum
481 2229 590 2267 suarum
607 2213 739 2285 applorat.
758 2230 805 2281 piro
834 2231 908 2270 mct-
964 2213 1045 2269 rionis
1059 2212 1146 2268 aetatis
1162 2227 1254 2283 regem
1270 2212 1298 2265 in
1329 2213 1438 2283 llnglta,
1471 2219 1547 2266 recto
1573 2217 1602 2265 et
1629 2208 1760 2280 aequilibri

107 2298 318 2361 cadeconnubti
341 2301 468 2358 redderet
494 2303 710 2374 ingenuitatem,
738 2303 909 2358 decerema-
961 2301 1186 2373 judictolidgnro
1212 2314 1436 2366 comparanonm.
1465 2299 1505 2353 lta
1531 2298 1598 2353 nihil
1629 2299 1682 2353 tila
1710 2302 1762 2366 ejus

106 2395 314 2467 gunttimitatum
327 2391 397 2460 ejus.
416 2399 443 2445 ut
459 2392 543 2462 sepiae
567 2393 713 2460 voluptatis
733 2391 908 2447 cotrsciudt-
963 2391 1091 2445 sattotius.
1123 2390 1186 2443 ntltit
1213 2387 1316 2457 justitia
1354 2386 1522 2458 probabilius
1560 2386 1620 2451 luit,
1646 2386 1762 2458 exceptis

108 2483 243 2537 minorum
295 2479 445 2535 crudelium
475 2481 588 2533 ulterius
640 2496 692 2535 non
721 2479 909 2550 ingemisceret
963 2479 1034 2533 ritus
1048 2494 1109 2550 quae
1123 2486 1216 2548 postea
1233 2477 1330 2543 amidis
1345 2477 1490 2530 virtutibus
1505 2474 1699 2545 delevitzqui
1716 2492 1760 2545 pa·

109 2571 236 2642 imperia.
263 2568 410 2630 Tuncide,
441 2566 504 2621 selle
526 2576 673 2633 cotnmotn,
702 2577 727 2622 el
754 2569 910 2624 luminabile
963 2569 1041 2622 triam
1056 2584 1130 2621 suatn
1147 2574 1276 2636 praectura
1291 2564 1587 2620 lortittrdiueillustrrm
1604 2564 1760 2631 reddiderit,

108 2657 310 2727 255rirlens.
328 2672 394 2709 cuttt
411 2655 852 2726 inanitnnejuslluctuarelbinc
875 2654 909 2711 de
963 2665 988 2711 ct
1017 2672 1104 2711 rerum
1133 2663 1269 2724 pasterum
1296 2653 1429 2715 claritate,
1459 2661 1486 2708 et
1515 2653 1762 2709 Deoserrientium

109 2745 216 2802 famula
233 2743 381 2807 miseratio,
396 2742 459 2797 ltine
475 2742 508 2798 de
523 2743 635 2799 dontitta
651 2744 811 2815 indignatio,
833 2746 909 2817 quasi
963 2745 1185 2814 multiplicitate:
1203 2750 1264 2814 post
1279 2750 1394 2798 mortem
1409 2742 1468 2811 ojus
1496 2743 1552 2814 (15)
1579 2757 1624 2797 res
1647 2750 1676 2798 et
1703 2756 1761 2811 spea

110 2835 138 2889 in
163 2834 241 2903 jocos
280 2829 388 2892 affusus,
417 2847 495 2885 usutu
519 2830 712 2902 obsequiorum
746 2848 909 2903 poenantque
962 2833 1111 2906 alogiorum
1127 2844 1199 2887 retro
1212 2833 1360 2900 sublapsus.

106 2920 227 2979 remittit.
243 2920 306 2996 biota
323 2919 439 2990 antiquis
452 2920 671 2974 dominatoribus
706 2921 818 2992 (vellent
846 2922 908 2977 nol·

107 3011 174 3081 lent)
203 3009 385 3064 dominantem
416 3025 516 3080 magna
545 3008 700 3063 subltmatit
727 3010 906 3082 dignatione;

106 3097 200 3158 dilexit
224 3097 314 3166 unice,
343 3098 479 3170 integram
512 3097 575 3151 lecti
603 3098 650 3151 uni
675 3097 802 3152 ‹lelerens
827 3099 907 3154 lidum

108 3189 197 3264 quoad
211 3187 362 3262 legitimam
391 3201 502 3242 uxorem
531 3195 637 3256 accepit
666 3187 794 3241 Ell'ridum
827 3186 909 3242 liliam

107 3278 219 3354 Orgari.
238 3277 278 3332 De
293 3291 343 3347 qua
359 3275 532 3329 Edntuudum
563 3275 629 3341 (101,
659 3275 705 3344 qtti
733 3284 794 3331 aule
819 3275 908 3347 ipsum

1068 2936 1104 2976 ua
1123 2935 1280 2975 sann'aano
1299 2933 1427 2975 secunao
1446 2933 1481 2973 er
1498 2933 1646 2973 assuras.

996 3010 1084 3082 §lot
1102 3014 1179 3064 Auito
1203 3009 1352 3063 Durninicae
1380 3007 1575 3062 incantationis
1605 3014 1758 3074 nongenta·

958 3099 1241 3169 sitnoseptuagesimo
1258 3097 1364 3164 quinto,
1381 3095 1536 3150 Edwardus
1559 3092 1630 3149 lilius
1659 3093 1758 3167 litigari

958 3203 1075 3260 regnare
1090 3193 1181 3256 crepa,
1199 3193 1225 3240 ot
1240 3185 1324 3239 trilnts
1338 3185 1417 3239 aunis
1431 3196 1457 3239 et
1484 3182 1597 3238 dimidiu
1626 3193 1758 3252 potr-state

958 3283 1057 3346 potitus
1083 3282 1134 3330 est.
1163 3273 1242 3328 lllutn
1278 3275 1442 3333 Dunstanus,
1467 3281 1495 3326 rt
1517 3271 1608 3327 caelari
1636 3268 1759 3343 episcopi

108 3365 294 3439 qunquenuio
322 3363 704 3434 decedensllumeeiaejuctl,
735 3371 762 3418 et
789 3363 834 3434 qui
851 3372 911 3434 post
957 3363 1142 3428 consentanei,
1179 3361 1263 3431 repuli
1287 3362 1406 3418 culmine
1439 3360 1632 3426 aubimaruut,
1668 3370 1759 3417 contra

104 3474 133 3513 se
146 3455 205 3526 (11)
215 3451 352 3527 regnavit,
370 3452 533 3524 Egelrerttnn
544 3452 623 3518 ,tulit
634 3453 703 3506 llam
713 3452 747 3506 de
758 3453 907 3525 Egellletta,

105 3549 287 3616 coperimento
302 3540 435 3603 Candida,
452 3539 503 3593 lilia
519 3538 646 3596 Ordmeri
671 3540 746 3597 ducis
770 3541 904 3612 potentis·

105 3630 356 3696 simi,Etnardum
372 3629 464 3702 pouit
482 3649 489 3686 a
515 3637 541 3684 et
554 3636 675 3684 sanctam
703 3629 849 3702 Eugiltram
871 3630 905 3685 dc

106 3720 254 3785 Wullrida,
270 3733 352 3790 quam
366 3724 470 3773 certum
487 3725 588 3772 estnon
600 3717 904 3774 tuncsattcttmouialem

106 3808 199 3871 inissa,
215 3808 262 3864 sed
278 3806 376 3862 timore
391 3808 465 3878 regis
480 3805 596 3877 puellam
607 3804 705 3860 laicam
721 3808 904 3871 setelavisse,

103 3913 221 3969 moxque
235 3896 361 3959 eandem,
377 3893 490 3966 abrepto
507 3898 577 3959 velo,
594 3894 663 3951 lecto
687 3894 820 3964 imperiali
846 3896 906 3950 sub·

959 3450 1453 3524 voluntatemquorumdemutaiunt,
1463 3450 1623 3518 optimatum
1641 3453 1723 3519 257
1735 3456 1759 3505 et

958 3557 1165 3611 accensaeque
1180 3541 1224 3594 vla
1238 3538 1305 3595 dum
1324 3548 1427 3607 septem
1458 3553 1592 3594 annorum
1619 3538 1757 3608 pueruluttt

959 3631 1123 3704 Egelredutn
1140 3629 1223 3684 lilium
1240 3630 1556 3700 procelereconubatur.
1568 3626 1664 3695 utipsa
1675 3627 1759 3699 potius

958 3730 1010 3775 sun
1024 3722 1082 3788 eju·
1099 3735 1133 3774 nu
1145 3721 1207 3772 trine
1223 3717 1402 3786 imperitaret.
1418 3718 1457 3771 Ex
1473 3725 1536 3772 tuuc
1550 3716 1653 3771 multtia
1670 3716 1757 3772 borni·

958 3825 1022 3864 uum
1039 3808 1196 3878 pullulante,
1213 3806 1328 3861 felicitas
1344 3805 1583 3876 regniitumtuuta.
1603 3804 1682 3861 Tunc
1703 3806 1756 3876 (to)

957 3897 1176 3961 visuscometes,
1193 3896 1237 3966 qui
1268 3895 1309 3951 vel
1334 3905 1440 3965 postam
1470 3891 1689 3964 provincialium,
1718 3890 1757 3948 rel

104 3996 191 4045 actam
209 4005 215 4041 :
230 3983 302 4040 unde
330 3981 463 4040 offensum
496 3982 604 4039 beatuut
628 3986 806 4047 llunstanum,
831 3983 905 4056 quod
955 3990 1036 4060 regni
1052 3987 1228 4041 mutationem
1244 3983 1408 4053 portendere
1422 3997 1473 4054 pro
1491 3995 1754 4038 remanseramus

101 4076 174 4133 illatn
192 4073 373 4144 concupisset,
394 4087 455 4143 quae
471 4072 513 4128 vel
530 4071 679 4128 umbratice
691 4072 905 4128 sanctimonialis

104 4165 209 4228 luisset,
225 4164 346 4232 vigorem
362 4158 545 4232 pontiticalem
561 4161 588 4215 in
601 4160 776 4228 eumegisse.

138 4253 226 4327 plot.
244 4250 300 4307 Srd
316 4251 374 4306 haec
388 4249 632 4322 quomodocunque
648 4264 680 4304 se
696 4251 822 4319 balneant,
837 4249 903 4305 illud

103 4350 221 4406 constat,
238 4340 309 4411 quod
323 4336 380 4410 (11)
396 4354 412 4393 a
426 4337 610 4393 sextodecimo
633 4337 721 4393 aetatis
735 4352 817 4404 anno,
848 4355 901 4410 quo

956 4076 1014 4130 Nec
1028 4090 1107 4130 motu
1122 4088 1130 4142 ;
1148 4085 1241 4129 secuta
1256 4072 1383 4127 sterilius
1397 4071 1467 4136 arti,
1491 4073 1577 4127 iatnes
1607 4072 1754 4137 bominum,

957 4180 1029 4220 mors
1040 4164 1239 4234 jumentorum.
1256 4160 1335 4232 Apud
1351 4162 1439 4216 vicum
1454 4161 1561 4234 regium
1576 4160 1626 4230 qui
1650 4169 1756 4216 vocatur

955 4254 1040 4310 Calnu
1054 4269 1133 4308 casus
1148 4252 1284 4307 insolitus.
1301 4251 1382 4317 Nam,
1394 4249 1521 4305 defuncto
1531 4249 1657 4322 Etharo,
1668 4244 1754 4305 clerici

955 4342 1092 4415 quondam
1108 4343 1144 4396 ab
1158 4339 1280 4396 ecclesiis
1294 4338 1400 4410 expulsi
1414 4338 1538 4394 reditiva
1553 4338 1647 4409 praelia
1670 4335 1752 4394 susci·

103 4447 154 4488 rex
182 4429 343 4486 constitutus
366 4434 417 4491 est,
453 4441 540 4497 usque
567 4426 602 4481 ad
636 4426 812 4489 tricesimum,
840 4430 902 4483 aine
917 4417 943 4479 D
958 4438 1050 4486 taruut
1066 4449 1072 4486 :
1088 4431 1186 4501 ingens
1201 4431 1258 4498 (tt)
1272 4445 1333 4484 esse
1352 4437 1379 4483 et
1394 4427 1550 4483 miserabile
1577 4426 1699 4483 dedecus
1726 4430 1750 4480 ul

103 4519 182 4591 regio
197 4516 296 4586 insigni
311 4521 478 4587 regnarent.
497 4514 572 4571 Tunc
586 4515 659 4569 enim
681 4515 858 4584 principibus,
875 4525 902 4572 et

103 4608 192 4667 omnia
220 4605 322 4663 ordinis
350 4604 428 4672 viris,
453 4604 571 4675 undique
599 4603 808 4673 confluentibus,
839 4619 900 4661 cum

137 4813 176 4883 (9)
191 4806 401 4882 Sapientiam...
416 4805 577 4878 septennio.
594 4803 661 4861 illud
679 4801 899 4880 staresingulari

102 4884 155 4941 hnc
168 4895 252 4939 causa
266 4879 374 4933 ridetur
389 4877 460 4946 quod
475 4879 581 4933 duobus
599 4885 702 4931 tantum
731 4876 809 4930 annis
836 4890 900 4933 ante
953 4891 1012 4938 rato
1040 4880 1168 4943 locatum,
1200 4895 1248 4949 pro
1276 4885 1372 4933 mento
1400 4893 1526 4945 pot-soum
1562 4879 1744 4932 honoratur,-

100 4957 205 5012 obttntn
240 4966 320 5007 suunt
343 4948 495 5004 diademate
518 4949 620 5003 cincus
646 4949 735 5002 fuerit.
765 4947 898 5018 (Suanos,

124 5067 131 5080 .
147 5021 382 5095 tuometipsius
399 5025 543 5076 coronatus
563 5026 604 5075 est
619 5034 644 5074 a.
673 5020 708 5075 D.
737 5016 800 5075 9ἶ3.
832 5018 899 5075 l'idc

100 5043 182 5170 §15³
197 5095 224 5150 iu
244 5092 305 5149 litte.
511 5128 515 5136 ·

135 5187 192 5254 (10)
209 5182 397 5238 ls'tlmnndttm.
414 5177 590 5236 Eadmundus
601 5177 668 5234 obiit
682 5193 730 5232 an.
746 5179 810 5247 911,
818 5177 897 5249 jutta

100 5253 223 5311 Floreat.
237 5273 244 5309 ε
260 5254 309 5309 scd
328 5270 377 5310 an.
396 5255 459 5316 ata,
471 5250 548 5321 jutta
563 5251 627 5307 Sat.
650 5250 753 5306 Cliton.

136 5327 193 5394 (11)
209 5325 248 5381 Sc
267 5324 298 5378 d.
317 5341 354 5388 e.‚
370 5341 446 5389 eum,
462 5338 523 5379 ω.
539 5338 568 5376 c.
593 5322 615 5377 l.

955 4535 1043 4576 novus
1056 4520 1161 4574 advena
1176 4527 1284 4573 teter-es
1297 4517 1409 4572 colonos
1423 4516 1542 4589 migrare
1555 4518 1749 4588 compelleretr

954 4609 1008 4666 boc
1022 4625 1073 4666 uec
1091 4608 1150 4664 Deo
1168 4623 1278 4680 gratum
1298 4605 1397 4678 putari,
1414 4606 1460 4678 qui
1492 4613 1614 4662 veterem
1646 4603 1748 4659 habita·

955 4818 1025 4867 tenu
1040 4816 1197 4881 coopertum
1215 4820 1222 4876 ;
1239 4806 1287 4862 aed
1298 4811 1370 4876 post,
1386 4804 1485 4862 scrinio
1498 4810 1630 4880 argenteo
1645 4811 1672 4860 et
1683 4803 1748 4861 inan·

953 4953 1062 5009 Confer.
1078 4954 1199 5007 tlaltues.
1216 4950 1359 5022 Delatiq.
1375 4950 1462 5005 Gtast.
1475 4947 1690 5018 Eccleaqn'aaa,
1703 4944 1748 5013 lll,

954 5025 1030 5095 an.)

989 5113 1046 5185 (11)
1054 5111 1150 5168 llen'to
1164 5125 1228 5182 erpo
1242 5126 1265 5166 s.
1274 5124 1299 5166 c.
1316 5107 1342 5165 d.
1360 5123 1397 5171 e..
1421 5108 1546 5181 Namque
1565 5122 1636 5171 nort,
1653 5122 1681 5164 a.
1696 5104 1716 5162 1.

987 5188 1046 5250 (151
1061 5185 1127 5238 l’nrt
1142 5184 1262 5238 mortem
1272 5181 1342 5252 ejus.
1358 5180 1500 5252 liudgerus
1515 5179 1583 5236 obiit
1610 5179 1657 5234 die
1677 5178 1748 5234 ller-

954 5255 1031 5317 curit,
1048 5262 1063 5304 lt
1079 5253 1143 5308 tulii
1157 5252 1219 5307 915.

988 5326 1045 5395 (16)
1063 5324 1140 5381 Visus
1161 5325 1292 5379 carnutes.
1316 5321 1439 5393 ceraque
1467 5336 1531 5380 mss.
1555 5316 1653 5393 legunt
1669 5332 1677 5374 ε
1693 5319 1749 5376 aar

99 5414 190 5540 ν(11)
216 5413 242 5467 Α
257 5413 449 5469 sextodecimo
468 5413 564 5467 oettttn
589 5427 699 5468 nnnc...
723 5411 894 5481 reptaverat.
950 5411 1090 5470 cometes,-
1104 5423 1140 5468 a..
1155 5404 1222 5461 cute
1235 5407 1359 5460 comete.
1378 5425 1390 5450 r
1406 5404 1460 5457 rln.
1475 5400 1528 5458 9111
1542 5406 1663 5457 somnes
1674 5398 1750 5455 stella

123 5503 131 5540 t

152 5481 197 5556 eg
216 5484 272 5542 1219,
290 5493 348 5536 not.
367 5486 412 5544 8⁴,
428 5483 481 5553 ut§
500 5485 557 5542 tbb.
569 5491 625 5538 taut.
642 5486 668 5537 9.

133 5554 191 5629 (la)
205 5554 260 5612 Nec
275 5552 349 5609 illud
363 5551 607 5610 obliterandum...
622 5552 730 5622 [armac
756 5557 785 5608 cl
804 5566 890 5610 coerc.

950 5475 1099 5532 autumnali
1114 5485 1235 5545 ternpore
1250 5474 1306 5527 cisa
1321 5483 1396 5528 est.»
1413 5469 1514 5539 (Ptole.
1537 5472 1686 5541 Wtootaa.)

985 5546 1245 5620 (tartanensis.
1261 5543 1289 5601 d.
1305 5559 1333 5602 c.
1358 5545 1389 5612 1.,
1405 5553 1466 5600 aute
1480 5545 1591 5618 tapetas,
1622 5557 1649 5598 a.
1682 5538 1749 5617 taqit

97 5642 124 5688 a.
137 5643 162 5686 c.
173 5627 263 5697 d..a.,
277 5623 369 5683 corita
383 5624 412 5679 itt
422 5638 449 5681 a.
465 5622 485 5677 1.
501 5622 548 5695 qui
561 5624 658 5695 tegunt
673 5640 681 5679 t
700 5623 896 5695 teorpmtunc
948 5616 1086 5677 durrus.
