3750 6000
81 216 157 277 saei
557 226 608 288 oe
628 230 765 293 cusos
786 232 942 294 acoris.
966 232 1081 297 soon.
1105 266 1145 277 -
1166 231 1239 294 eis.
1264 234 1288 294 i.
1571 214 1577 227 “
1706 228 1786 290 area

79 354 208 411 nandum
225 355 254 413 in
272 361 425 431 presentia
439 362 643 436 episcoporum
661 367 822 425 Lanfranco
838 384 902 439 per·
919 380 945 447 Α
960 385 1024 438 nes,
1040 371 1201 439 ceteraque
1226 366 1399 438 procedunt,
1416 380 1479 437 qua
1504 368 1649 422 amatores
1668 380 1739 419 sues
1756 363 1787 418 in

78 443 181 514 rigere,
197 447 226 501 in
242 463 300 518 que
316 453 468 524 preceptis
484 455 598 524 quidem
621 458 684 526 ejus
700 456 730 512 io
756 459 903 528 omnihus,
961 476 1059 532 peenas
1075 464 1198 513 aternus
1212 456 1392 527 demergunt,
1409 461 1555 525 etquaoto
1566 455 1690 527 quisque
1701 451 1786 509 attio·

77 549 141 603 que
158 537 192 589 ad
219 537 387 596 Christiane
405 543 553 615 religionis
569 543 680 601 cultum
701 547 855 618 pertinent,
873 564 904 606 se
959 549 998 604 ris
1010 553 1054 604 est
1066 547 1188 613 ordinis,
1203 545 1451 617 motoimpensius
1463 544 1569 599 divinis
1580 544 1662 599 debet
1674 544 1785 599 obtem-

77 623 346 693 obtemperaturum
366 631 499 689 absolute
517 633 595 689 nulla
616 635 786 707 interposita
802 637 903 694 condi·
959 655 1060 711 parare
1075 637 1236 710 praeceptis.
1253 638 1407 706 Propterea
1421 650 1474 705 ego
1489 634 1619 689 Thomas
1634 634 1786 687 ordinatus

75 711 155 769 tione
170 719 363 791 promitteret,
380 724 675 782 successoribusrero
691 727 755 797 ejus
776 744 832 784 noo
853 729 902 797 ita,
955 730 1015 798 Jam
1036 726 1225 783 Eboracensis
1240 724 1375 781 Ecclesia
1390 722 1635 794 metropolitanus
1650 723 1784 787 antistes,

75 799 131 856 nisi
148 803 226 872 prius
242 810 284 862 vet
302 825 399 865 coram
410 812 454 867 vel
470 814 498 868 in
516 813 671 886 episcopali
689 816 811 873 concilio
826 833 903 875 com·
958 817 1065 873 auditis
1082 814 1265 888 cognitisque
1280 814 1441 871 rationibus
1452 811 1615 868 absolutam
1630 811 1695 880 tibi,
1713 809 1785 864 Leo·

74 894 177 959 petens
192 894 218 948 ei
238 896 311 952 ratio
333 900 512 970 redderetur,
533 917 588 974 qua
613 909 811 961 antecessores
835 923 903 963 suos
957 905 1065 975 france,
1082 903 1314 960 Dorobernensis
1338 902 1565 973 archiepiscope,
1581 899 1699 970 tuisque
1718 914 1786 953 suc·

74 975 303 1040 Dorobernensis
318 987 452 1044 Ecclesia
468 991 645 1061 primatibus
657 993 684 1048 id
701 993 805 1051 fecisse
821 1001 849 1050 et
861 998 903 1051 fo·
957 994 1120 1051 sessoribus
1136 994 1171 1048 de
1187 991 1326 1048 canonice
1346 991 1511 1047 obedientia
1523 989 1730 1059 professionem
1744 987 1785 1042 fa·

72 1082 137 1122 cere
153 1069 291 1130 debuisse
306 1077 527 1136 evidentissime
541 1083 790 1152 comprobaretur.
810 1085 902 1157 igitur
956 1084 1011 1149 cio,
1022 1089 1051 1139 et
1064 1081 1207 1155 quidquid
1222 1088 1277 1137 ate
1287 1080 1331 1136 vel
1342 1081 1377 1135 ab
1388 1079 1430 1135 eis
1439 1079 1515 1149 juste
1527 1083 1554 1133 et
1565 1077 1704 1135 canonice
1713 1075 1785 1132 mihi

72 1159 169 1228 rediit,
186 1177 249 1233 qua
263 1164 340 1232 jussa
361 1174 430 1223 sunt
446 1168 586 1241 implevit,
602 1181 732 1227 sacratus
747 1174 900 1233 abscessit.
955 1173 1121 1245 injunctam
1139 1172 1235 1240 fuerit,
1252 1175 1436 1226 serratorum
1453 1184 1497 1223 roe
1513 1183 1576 1222 esse
1588 1167 1736 1237 promitto,
1748 1164 1785 1222 de

71 1245 133 1303 Non
152 1250 259 1306 multos
275 1261 341 1325 pest
356 1256 418 1312 dies
434 1261 614 1317 Lanfrancus
630 1261 666 1316 ab
683 1262 828 1319 universis
843 1266 900 1319 Au·
957 1261 1012 1318 hac
1029 1279 1059 1319 re
1075 1270 1171 1316 autem
1189 1261 1257 1315 dum
1275 1276 1291 1315 a
1306 1263 1336 1315 te
1350 1257 1533 1313 ordinandus
1548 1271 1653 1323 essem,
1674 1255 1783 1309 dubius

71 1335 137 1405 glici
168 1340 247 1410 regni
273 1344 429 1414 episcopis.
447 1348 497 1419 qui
513 1348 636 1405 diversis
651 1351 845 1422 temporibus,
860 1353 899 1410 di.
956 1350 1008 1406 fui.
1027 1352 1151 1421 tdeeque
1168 1349 1219 1404 tibi
1236 1348 1353 1420 quidem
1370 1346 1434 1401 sine
1445 1345 1621 1410 conditione,
1637 1358 1783 1399 successe·

70 1424 204 1482 versisin
221 1428 292 1486 locis
321 1434 357 1487 ab
385 1435 451 1491 aliis
480 1437 707 1510 archiepiscopis
736 1440 812 1496 vela
828 1458 901 1513 papa
959 1441 1123 1495 ribuarerc
1144 1439 1203 1493 tuis
1225 1434 1493 1492 conditionabiliter
1515 1434 1783 1504 obtemperaturum

70 1516 201 1587 tempore
225 1518 355 1589 stigandi
385 1525 492 1580 sacrati
514 1532 591 1595 sunt,
608 1528 804 1597 professiones
819 1530 900 1601 petiit
927 1534 929 1538 ’
955 1544 1002 1583 me
1026 1544 1090 1583 cese
1114 1525 1345 1598 prohibitione
1375 1524 1410 1579 ab
1436 1523 1638 1579 [enarratione
1663 1520 1781 1576 Domini

69 1608 97 1658 et
113 1607 460 1682 accepit,sequentiaooo
471 1630 535 1671 cum
549 1619 666 1686 prefato
678 1619 899 1691 archiepiscope
954 1608 1781 1684 unstrilesustristimillesimoseptuagesimosecuode,
1807 1636 1810 1641 ·

69 1693 189 1750 Romam
205 1696 267 1765 ivit,
281 1708 307 1753 ct
323 1702 589 1761 henorihecnsede
604 1706 764 1777 apostolica
779 1725 897 1780 suscap-
954 1705 1033 1776 regni
1061 1721 1127 1761 vero
1156 1703 1307 1759 Willietmi
1333 1701 1453 1775 gloriosi
1481 1700 1557 1772 regis
1579 1697 1736 1771 bogiorum
1752 1700 1782 1753 et

67 1785 116 1837 tus
134 1799 223 1840 unum
242 1789 360 1859 quidem
376 1792 496 1863 pallium
514 1753 935 1854 abeltariiiomeoomore1³
951 1796 1034 1850 ducis
1049 1794 1285 1850 Narmaonerum
1299 1800 1387 1856 sexto,
1405 1791 1591 1861 pontificatus
1609 1793 1705 1844 autam
1723 1793 1779 1845 De·

68 1873 189 1945 accepit,
201 1875 323 1934 alterum
339 1896 405 1936 vere
422 1884 451 1937 io
466 1883 606 1940 indicium
621 1886 667 1941 sui
683 1888 803 1953 emeris,
820 1886 898 1944 vide·
952 1884 1024 1940 mini
1038 1883 1192 1938 Alexandri
1209 1898 1288 1953 pepe
1305 1880 1471 1948 undecimo,
1486 1878 1516 1933 iu
1534 1878 1690 1949 praeseutia
1704 1876 1781 1950 regis
1822 1850 1874 1927 ’ἲ

66 1958 135 2015 licet
147 1978 214 2019 cum
231 1982 287 2037 quo
304 1970 424 2025 missam
442 1972 586 2029 celebrare
602 1973 722 2042 solebat,
736 1974 898 2032 Alexander
951 1979 980 2030 et
995 1974 1197 2045 episcoporum
1216 1976 1303 2042 etque
1318 1970 1457 2026 abbatum
1473 1968 1614 2024 ventilata
1629 1972 1675 2022 est
1688 1982 1781 2023 causa

66 2048 92 2104 ei
109 2068 248 2124 papasua
260 2073 345 2112 manu
359 2060 495 2130 porrexit.
513 2064 544 2117 In
557 2064 641 2132 cuius
654 2066 897 2134 praesentia'l'ho-
951 2065 985 2119 de
1001 2062 1139 2132 primatu.
1161 2063 1252 2127 Quem
1281 2059 1462 2114 Lanfrancus
1484 2054 1713 2113 Dorobernensis
1729 2071 1776 2111 ar·

66 2154 129 2194 mas
151 2144 328 2200 calumniam
355 2148 444 2204 mevit
465 2151 499 2205 da
519 2151 644 2222 prioratu
667 2153 896 2212 Dorobernensis
952 2153 1264 2223 cbiepiscopussuper
1288 2149 1497 2204 Eboracensem
1525 2145 1685 2221 Ecclesiam
1712 2146 1780 2217 Jure

64 2228 212 2300 Ecclesiae,
228 2236 304 2290 etde
320 2236 497 2306 subjectione
513 2240 600 2296 trium
616 2242 805 2314 epicoporum
820 2243 896 2299 Dor·
952 2259 1010 2299 sue
1039 2240 1172 2297 Ecclesia
1203 2237 1412 2311 proclamabat,
1428 2242 1457 2293 et
1483 2235 1520 2291 de
1543 2234 1779 2291 ordinationibus

65 2319 171 2383 censis,
188 2320 248 2377 sive
278 2323 501 2396 Lincolniensis,
518 2328 745 2401 wigorniensis,
768 2331 895 2393 Leceiel·
951 2331 1146 2403 quorumdam
1164 2329 1381 2401 episcoporum,
1396 2326 1431 2381 de
1446 2324 1554 2396 quibus
1566 2325 1600 2379 ad
1613 2339 1700 2394 quem
1712 2339 1780 2394 spe·

64 2408 174 2474 densis,
190 2411 237 2480 qui
256 2427 332 2469 nunc
349 2423 389 2469 est
404 2415 580 2486 Cestrensis,
591 2420 691 2476 dicens
703 2422 895 2479 Cantuarieo-
949 2420 1061 2476 cialiter
1076 2419 1255 2491 pertinerent
1283 2423 1393 2471 certam
1423 2413 1546 2469 minime
1560 2412 1723 2469 constabat.
1744 2410 1779 2468 Et

63 2512 125 2552 sem
144 2497 302 2558 Ecclesiam
329 2508 417 2575 etque
441 2507 653 2566 Eboracensem
681 2527 779 2582 parem
796 2512 830 2566 ad
848 2513 894 2568 in·
948 2509 1066 2565 tandem
1092 2506 1250 2576 aliquando
1274 2505 1397 2560 diversis
1422 2502 1604 2563 diversarum
1620 2514 1778 2556 causarum

61 2586 154 2642 vicem
173 2587 311 2646 honorem
328 2592 445 2664 habere,
462 2612 513 2651 nec
538 2595 660 2653 alteram
687 2599 768 2655 alteri
792 2617 893 2656 secun·
948 2599 1173 2657 auetoritatibus
1186 2597 1342 2670 probatum
1363 2603 1450 2668 etque
1463 2598 1614 2650 ostensum
1627 2598 1683 2661 est,
1699 2594 1777 2665 quod

64 2675 134 2731 dum
151 2676 226 2733 beati
239 2679 368 2752 Gregorii
381 2685 619 2742 constitutionem
631 2687 736 2744 debere
747 2688 893 2745 ullatenus
947 2687 1140 2745 Eboraceneis
1156 2685 1286 2742 Ecclesia
1300 2680 1502 2739 Centuariensi
1523 2680 1658 2737 Ecclesia
1674 2679 1777 2736 debeat

63 2765 353 2842 subjacere,oecepto
368 2773 445 2841 quod
457 2772 632 2831 alterutrius
643 2776 891 2849 archiepiscopum
947 2779 1108 2848 subjecere,
1125 2776 1245 2846 ejusque
1260 2771 1480 2843 archiepiscopi,
1496 2774 1527 2826 ut
1539 2769 1672 2842 primatis
1687 2771 1776 2826 totius

63 2855 190 2924 priorem
206 2862 235 2912 et
251 2859 413 2931 digniorem
430 2868 564 2935 oporteat
579 2882 643 2923 esse
657 2882 690 2923 eo
706 2883 793 2938 quem
810 2883 893 2925 cons·
947 2864 1356 2937 Britannisedispositiooibus
1368 2864 1395 2916 io
1408 2860 1569 2931 iis,quaead
1582 2859 1774 2915 Christianam

63 2941 153 3000 literit
177 2945 268 3003 tuisse
292 2950 436 3020 posterius
460 2952 635 3009 ordinatum.
654 2955 808 3012 Predictos
823 2971 891 3011 vere
946 2956 1118 3027 religionem
1130 2953 1315 3027 pertinentia
1329 2950 1466 3007 omnibus
1477 2948 1602 3005 obedire.
1616 2947 1777 3019 Suhjectie·

61 3034 121 3087 tres
136 3032 289 3106 episcopos
305 3054 364 3093 suas
380 3040 451 3106 sedi,
468 3042 589 3114 suisque
604 3044 839 3101 antecessoribus
853 3044 889 3099 ab
945 3063 1011 3102 nem
1035 3061 1103 3101 vero
1132 3041 1347 3109 Duoelmensis,
1375 3040 1431 3096 hoc
1455 3045 1500 3095 est
1532 3036 1775 3094 lindiffarnensis

62 3121 192 3193 antiquis
208 3127 387 3197 temporibus
401 3130 550 3187 exstitisse
565 3133 723 3203 subJectos.
901 3129 927 3197 G
946 3133 1085 3207 episcopi,
1101 3138 1130 3190 et
1145 3132 1276 3188 omnium
1292 3130 1442 3200 regionum
1463 3145 1479 3184 a
1500 3127 1633 3183 terminis
1654 3125 1775 3182 Licefel·

98 3210 339 3271 Lanfraoeushoc
350 3218 473 3274 audiens
484 3221 889 3292 etsimotestetuiit,modesta
944 3224 1043 3281 densis
1059 3222 1200 3296 episcopi,
1216 3228 1243 3277 et
1260 3219 1397 3275 Humbra
1413 3216 1512 3287 magni
1528 3216 1608 3270 florii
1626 3231 1721 3287 usque
1736 3215 1772 3270 ad

61 3301 157 3355 tameo
176 3301 353 3359 discretione
368 3306 455 3362 verba
470 3307 551 3364 illius
573 3311 692 3367 veritate
707 3313 824 3384 penitus
840 3330 888 3370 aa·
944 3322 1086 3370 extremos
1117 3313 1191 3367 fines
1224 3310 1382 3378 Scotiae,et
1408 3305 1551 3378 quidquid
1568 3321 1603 3360 ex
1623 3304 1676 3359 hac
1693 3309 1773 3376 parte

61 3403 123 3442 rere
138 3391 298 3461 respondit,
314 3409 485 3451 asseverans
501 3396 706 3468 Gregoriaoam
723 3399 803 3457 illam
820 3418 888 3458 eon·
943 3402 1072 3475 predicti
1088 3401 1220 3457 fluminis
1235 3399 1270 3455 ad
1288 3397 1453 3466 parochiam
1467 3394 1657 3451 Eboracensis
1674 3392 1771 3451 Eccle-

60 3476 244 3534 stitutioeem
262 3497 320 3536 non
347 3482 382 3538 de
398 3482 593 3542 cantuariensi
610 3493 637 3543 et
652 3490 823 3546 Eboracensi
840 3492 889 3547 Ec·
941 3493 990 3548 sia
1010 3493 1079 3564 jure
1104 3489 1251 3562 competit,
1275 3485 1492 3544 cantuariensis
1518 3482 1770 3556 metropolitanus.

60 3564 160 3632 cleaio,
177 3567 226 3622 sed
243 3569 278 3624 de
293 3570 536 3640 l.oodooieosi,et
551 3576 722 3635 Eboracensi
742 3596 805 3636 esse
822 3597 885 3650 pre·
941 3580 1115 3638 Eboraceosi
1132 3577 1360 3649 archiepiscopo,
1377 3578 1499 3647 ejusque
1510 3572 1769 3630 successoribusin

60 3652 160 3710 latam.
178 3656 216 3711 De
230 3674 287 3727 qua
303 3674 333 3713 re
343 3665 372 3715 ct
385 3661 421 3716 de
432 3662 526 3719 tribus
540 3665 686 3737 episcopis
702 3669 802 3724 inuitis
818 3669 887 3726 hinc
941 3677 1111 3741 perpetuum
1127 3667 1258 3723 obtinere
1270 3667 1413 3720 concessit
1425 3680 1432 3728 ;
1446 3664 1486 3717 ita
1496 3666 1528 3716 ut
1540 3661 1564 3716 si
1576 3662 1770 3715 Cantuarieu-

58 3741 126 3800 inde
154 3746 250 3801 verbis
289 3749 420 3819 prolatis,
450 3753 576 3810 decrevit
604 3756 767 3813 Alexander
800 3775 885 3830 papa,
940 3759 982 3814 sis
1000 3752 1405 3827 archiepiscopusconcifium
1431 3748 1690 3821 cogerevotuerit;
1708 3747 1769 3803 ubi-

58 3838 190 3904 oportere
205 3853 323 3892 causam
340 3838 414 3894 hanc
430 3840 459 3897 in
484 3842 637 3915 Anglicam
654 3851 762 3901 terram
779 3848 886 3917 audiri,
940 3862 1056 3920 cunque
1071 3845 1095 3900 ei
1112 3846 1206 3900 risum
1222 3843 1320 3910 fuerit,
1332 3841 1521 3896 Eboraceosis
1532 3837 1768 3910 archiepiscopus

57 3925 86 3976 et
101 3921 161 3978 iilic
177 3925 267 3980 totius
282 3928 364 3999 regni
385 3929 587 4002 episcoporum
603 3937 632 3989 et
646 3934 784 3992 abbatum
802 3936 884 3992 testi·
939 3935 1245 4008 suipraesentiaorcum
1256 3931 1394 3988 omnihus
1405 3929 1457 3986 sibi
1470 3928 1610 3999 subjectis
1621 3928 1767 4000 episcopie

57 4013 155 4067 monio
172 4018 200 4069 et
210 4014 323 4085 judicio
340 4018 464 4075 definiri.
483 4021 663 4080 Lanfrsecns
675 4025 808 4096 quamvis
823 4024 884 4082 alli·
939 4028 972 4083 ad
985 4031 1088 4082 nutum
1100 4025 1164 4096 ejus
1175 4017 1588 4089 exhibeat.etejuscaoenicis
1599 4016 1767 4088 dispositio·

56 4106 154 4172 gotum
172 4102 255 4158 illum
272 4121 323 4161 suo
349 4112 479 4180 tempore
503 4111 579 4167 faeta
595 4112 631 4168 ab
646 4129 680 4168 eo
703 4114 883 4184 professione
938 4114 1025 4168 nibus
1038 4111 1177 4167 obediens
1190 4110 1304 4164 existat.
1316 4108 1396 4173 Quod
1408 4112 1506 4161 autem
1520 4103 1765 4159 Eboraccoeisar·

56 4194 177 4258 teneret,
194 4193 300 4251 meluit
315 4200 410 4252 tamen
427 4215 480 4269 pre
497 4202 720 4258 successorihus
737 4203 881 4273 laborare,
936 4202 1142 4273 cbiepiscopus
1157 4198 1369 4270 professionem
1394 4194 1612 4265 archiepiscopo
1637 4190 1766 4246 Contrua-

56 4296 143 4352 quam
160 4281 202 4337 eis
215 4285 393 4353 inposterum
411 4287 606 4346 indiscussam
622 4292 698 4348 harre
710 4300 817 4349 tantam
834 4311 881 4350 ca·
937 4292 1025 4349 riensi
1043 4293 1135 4348 facere
1159 4289 1247 4345 etiam
1274 4303 1341 4342 eum
1357 4290 1541 4341 sacramento
1558 4283 1670 4345 debeat,
1689 4285 1763 4336 tao·

55 4367 199 4425 lumniam
226 4372 437 4430 discutiendam
454 4393 610 4447 reservare,
626 4389 747 4453 uterque
762 4399 831 4454 ergo
852 4382 880 4438 in
936 4383 1054 4439 francus
1077 4378 1309 4437 Dorobernensis
1333 4375 1572 4446 archiepiscopus
1588 4389 1621 4427 ex
1644 4373 1763 4441 antique

56 4457 187 4513 Peecbali
212 4460 398 4518 solemnitate
415 4466 450 4519 ad
476 4483 571 4538 regem
592 4469 681 4532 venit,
698 4471 796 4543 ibique
813 4488 877 4542 pro·
935 4464 1517 4531 antecessorumcensuetudioeostendit,
1528 4462 1577 4518 sed
1591 4461 1627 4518 ob
1639 4476 1763 4517 emerem

55 4545 121 4601 letis
137 4546 165 4600 in
184 4549 310 4603 medium
329 4551 455 4621 partium
480 4555 640 4612 rationibus
655 4561 830 4616 sententiam
846 4562 880 4616 de
935 4562 1022 4635 regis,
1038 4561 1156 4617 Thema
1173 4557 1387 4628 archiepiscopo
1403 4553 1577 4609 Eboraceoei
1593 4566 1762 4607 sacramen-

53 4634 171 4705 negotio
196 4636 301 4707 regalis
317 4640 397 4695 curio
413 4641 503 4697 dedit.
518 4643 639 4701 luseum
656 4640 784 4703 esfflari
800 4651 879 4704 tren·
933 4656 996 4707 tum
1023 4648 1170 4715 relaxavit,
1187 4647 1385 4719 scriptamque
1411 4648 1524 4698 tantum
1551 4640 1759 4713 professionem

53 4726 196 4798 seriptum
211 4728 405 4786 totiuseauae
422 4733 572 4790 continens
588 4737 683 4793 finem.
702 4740 879 4797 lanfrancus
933 4739 1050 4812 recepit,
1080 4755 1138 4794 non
1166 4735 1359 4807 prejudicans
1388 4729 1687 4788 successoribussuis
1710 4730 1759 4801 qni

51 4815 216 4873 Alexandro
232 4834 313 4890 pape
329 4820 433 4876 direxit
447 4823 616 4892 Epistolam,
632 4826 661 4882 in
679 4844 735 4899 qua
749 4829 773 4885 ei
791 4829 879 4888 totius
933 4833 1149 4888 sacramentum
1179 4843 1245 4883 curn
1280 4824 1459 4897 professione
1487 4838 1504 4877 a
1538 4820 1758 4878 successoribus

51 4906 160 4977 negotii
188 4908 350 4979 gestionem
379 4912 503 4967 breviter
515 4918 543 4969 et
558 4917 697 4972 veraciter
722 4919 876 4975 enarravit.
931 4922 1052 4977 Tliomee
1079 4920 1194 4990 exigere
1217 4915 1370 4972 voluerint.
1386 4913 1416 4969 si
1432 4911 1669 4984 archiepiscopus
1683 4910 1759 4965 Can·

51 4995 180 5067 Utraque
193 4998 303 5069 scripta
319 5006 398 5068 suot,
415 5004 635 5060 subterannexa
647 5007 798 5078 premissa
814 5024 879 5080 pre·
931 5009 1090 5067 tuarienais
1104 4999 1759 5071 vitemfinierit,Eboracensisarchiepiscopus

51 5085 279 5156 fessionequam
302 5089 430 5147 Thomas
454 5094 613 5150 lanfranco
642 5112 738 5153 coram
765 5114 831 5170 rege
850 5101 878 5154 et
933 5099 1138 5156 Doroberniam
1165 5097 1271 5164 veniet,
1289 5100 1318 5150 et
1345 5109 1424 5160 eum,
1451 5092 1499 5162 qui
1528 5090 1636 5146 electus
1660 5088 1756 5157 fuant,

51 5175 115 5244 ejus
131 5174 209 5229 curio
221 5192 308 5232 manu
326 5179 353 5235 in
372 5196 490 5236 manum
508 5185 645 5254 porrexit.
932 5186 1252 5259 cemoeterisprrefatae
1264 5182 1396 5240 Ecclesia
1408 5180 1554 5252 episeopis
1565 5177 1755 5250 etprimatem

88 5284 102 5311 «
119 5264 204 5318 Decet
214 5263 412 5324 Christianum
425 5287 570 5343 quemque
580 5273 752 5332 Christianis
765 5275 877 5349 tegibus
932 5277 1081 5351 proprium
1095 5277 1161 5347 jure
1176 5272 1367 5330 consecrabit.
1384 5269 1465 5338 Quod
1479 5271 1504 5325 si
1517 5267 1756 5339 archiepiscopus

50 5352 273 5421 subjacere,oec
290 5354 436 5428 hisquae
450 5362 559 5417 sanctis
572 5365 706 5421 Patribus
721 5366 877 5424 salubriter
930 5367 1120 5425 Eboracensis
1134 5364 1249 5430 obierit,
1267 5363 1292 5418 is
1307 5361 1356 5435 qui
1372 5361 1398 5417 ei
1423 5376 1613 5417 successurus
1636 5358 1755 5432 eiigitur

49 5444 188 5501 institute
217 5447 296 5511 sont,
313 5446 492 5515 quibuslibet
528 5453 687 5510 rationibus
720 5458 873 5514 contraire.
929 5461 1156 5530 acceptoarege
1178 5450 1445 5525 archiepiscopatus
1463 5451 1539 5506 dono
1553 5449 1751 5519 Canthariam,

49 5535 123 5594 ilinc
138 5548 266 5606 nemque
280 5532 341 5607 ira,
358 5536 566 5613 dissensiones,
580 5544 876 5617 invidimccutentie·
928 5546 973 5606 vel
994 5547 1043 5603 ubi
1067 5542 1268 5604 cantuariensi
1292 5539 1508 5613 archiepiscopo
1532 5539 1628 5597 visum
1654 5537 1750 5609 fuerit,
1854 5554 1860 5561 ·
