3750 6000
44 197 45 223 ¹
108 215 142 269 as
868 212 1146 275 rnouaoounrut.
1733 213 1766 267 so

110 336 234 406 rediens,
250 339 329 396 venit
344 339 370 397 in
385 341 500 411 Italiam,
514 341 908 401 enioceurrithothariuscum
923 345 952 405 Α
966 341 1043 415 1ηηί
1058 355 1255 398 successorem.
1276 341 1400 398 Florebat
1427 347 1453 396 ct
1480 338 1641 396 Guillelmus
1669 351 1763 400 comes

110 438 238 492 exercitu
253 454 366 511 magno,
382 449 409 496 et
435 456 498 496 curn
514 441 651 511 episcopis
681 440 770 513 ipsum
796 442 911 497 Romam
964 429 1144 486 Nirernensis
1160 431 1199 486 rir
1210 431 1314 500 justitie
1328 442 1355 488 et
1370 433 1513 488 honestate
1526 429 1652 501 insignis,
1681 426 1763 497 cujus

111 524 225 581 deducit
242 541 249 580 :
267 527 375 584 Petrum
392 544 458 585 uero
472 530 572 586 Leonis
586 544 760 602 expugnans,
770 539 912 601 totamque
965 518 1139 591 POSlfflOdum
1154 519 1264 576 del⁰²50
1280 521 1350 576 mill
1364 520 1484 584 11111611ῑῖ,
1506 519 1570 572 dum
1595 517 1629 572 ‘¹⁸
1653 525 1760 586 90¹ente

112 638 189 678 mm
205 625 369 696 progeniem
384 627 553 697 usqimam,
568 626 644 698 ipsos
659 627 694 682 ab
710 627 780 684 Urbe
796 626 910 697 relegat,
965 608 1088 679 principe
1103 608 1195 664 seculi
1212 608 1299 665 lactus
1314 617 1356 664 est
1377 609 1402 663 in
1427 606 1571 664 carthusia
1590 603 1761 660 humillimus

112 721 138 767 et
151 713 436 771 innocentiumetism
447 717 561 787 propria
573 716 639 773 sede
652 715 781 772 restituit.
797 715 912 771 Eodem

112 818 166 873 qne
180 817 255 857 anno
270 804 412 860 lotharius
422 805 448 860 in
462 807 602 862 laterano
617 805 651 860 ab
666 804 912 861 innocentioooro·

113 898 206 946 natur.
223 907 235 941 s
252 892 318 948 Hes
333 909 368 949 ex
386 894 516 965 praedicta
531 894 671 960 chronica,
686 910 746 965 quae
760 891 845 959 idem,
860 891 912 947 sub

113 993 185 1036 anno
201 987 293 1037 tamen
308 982 372 1050 alio,
391 990 487 1039 narrat
500 998 562 1039 essa
576 990 698 1055 gestum.

147 1077 278 1150 Cumque
289 1077 417 1150 prefatus
432 1079 609 1136 Innocentius
624 1093 697 1151 papa
712 1077 825 1133 Romam
843 1075 911 1133 red-

113 1173 172 1237 iret.
189 1173 343 1246 pacificatis
365 1174 550 1232 lerinensibus
570 1185 596 1233 et
619 1175 739 1238 Pisanis,
768 1174 911 1231 attendens

112 1278 173 1333 qun
187 1263 281 1319 sibiet
294 1264 427 1321 Ecclesiae
441 1279 545 1338 magna
572 1264 703 1322 iecissent
716 1263 837 1328 servitia,
863 1264 911 1318 Ja-

112 1366 247 1407 nneneem
257 1353 425 1425 episcopum,
443 1353 489 1426 qui
504 1354 556 1409 sub
571 1352 765 1410 Mediolanensi
780 1351 912 1423 archiepi-

112 1461 200 1518 scopo
213 1458 286 1515 erat,
297 1451 677 1524 constituilarehiepiscopnm
690 1449 910 1522 ;itemquePisa·

112 1550 177 1590 num
192 1537 352 1608 episcopum
367 1539 447 1610 erigit
458 1539 485 1594 in
513 1539 748 1610 archiepiscopum
765 1556 773 1604 ς
794 1535 909 1602 Tusciae,

111 1625 248 1696 totiusque
263 1625 400 1685 bardiniae
414 1629 441 1684 in
456 1628 614 1700 primatem.
633 1628 691 1685 lloc
703 1626 826 1683 antenus
840 1640 909 1698 prse-

111 1712 184 1768 dieta
198 1715 331 1772 chronica
358 1732 429 1774 nora
447 1717 549 1776 laetum
577 1734 639 1776 esse
663 1716 827 1774 describitur
857 1714 908 1770 sub

111 1826 184 1866 anno
192 1812 305 1870 Domini
324 1816 403 1871 lilb.

146 1901 283 1958 (ἰοηοηηῑο
298 1919 350 1959 veo
366 1904 497 1962 lothario
512 1906 540 1962 in
555 1906 758 1978 imperatorem,
788 1903 908 1974 impera-

110 1995 152 2043 tor
166 1999 193 2044 et
208 2005 283 2062 papa
295 1991 379 2049 ambo
392 1993 473 2049 dmul
486 1995 613 2066 Apuliam
626 1995 799 2050 intraverunt
813 1999 910 2048 contra

110 2075 272 2151 husgerium
287 2082 426 2147 comitem,
443 2082 711 2156 repensquesiciliae,
722 2080 910 2156 quilonoeen·

109 2163 146 2220 tio
159 2181 241 2237 papae
256 2167 370 2225 rebellis
384 2178 411 2226 et
421 2172 650 2240 contrariuserat,
666 2179 691 2228 et
716 2173 794 2228 Petro
804 2167 908 2226 Leonis

110 2259 221 2319 invehat
237 2265 402 2338 ;ipsumque
416 2268 571 2341 llotgerium
587 2268 621 2326 de
632 2268 906 2344 spotiatuqaverunt,

110 2349 258 2426 fugatoque
270 2354 403 2428 hosgerio
418 2355 518 2427 Siculo,
534 2372 604 2429 papa
619 2357 743 2427 Romans,
759 2359 909 2432 imperator

113 2455 179 2498 rero
192 2442 339 2499 lotharius
353 2445 380 2498 in
395 2444 557 2501 l'eutoniam
579 2451 764 2506 reuertuntur.

146 2532 226 2586 Anno
247 2531 360 2588 Domini
374 2537 443 2589 11311
457 2534 590 2591 henricus
605 2552 653 2593 rex
664 2536 849 2610 hogliseobit.
864 2541 909 2598 cui

112 2619 266 2690 Stephanus
279 2637 313 2676 ex
329 2637 424 2678 sorore
437 2638 524 2694 nepos
538 2624 565 2678 in
581 2640 694 2698 regnum
708 2627 831 2684 succedit
858 2630 907 2686 sed

111 2711 448 2781 magnaparternutilstus,
459 2713 605 2770 nonmulto
612 2722 674 2784 post
681 2716 907 2773 Nortbmanniam

109 2804 192 2853 totam
216 2799 328 2854 amittit.
345 2799 415 2855 Filia
429 2801 508 2874 regie
529 2802 649 2870 ilenrici,
665 2804 814 2873 bathildis,
835 2824 906 2879 qum,

107 2903 135 2952 ut
148 2897 325 2966 praemissum
341 2908 383 2955 est
397 2914 491 2970 supra.
509 2900 640 2957 Gautrido
659 2903 749 2958 comiti
777 2896 907 2977 indepa-

107 2986 231 3041 rensinm
246 2996 386 3058 nupserat,
399 2987 533 3044 Ludovici
549 2991 624 3063 regis
636 2991 798 3048 Francorum
809 2993 909 3049 North·

105 3074 224 3129 manniae
237 3074 365 3130 ducatum
381 3076 496 3142 invadit,
511 3086 536 3133 et
548 3078 575 3133 in
593 3079 653 3149 ipsa
670 3079 770 3152 Augila
781 3094 904 3153 ‘magnas

107 3161 288 3218 eimolestias
316 3172 343 3218 et
369 3163 529 3221 calamitate
557 3168 681 3234 suscitat,
710 3185 798 3239 quem
820 3171 903 3227 utiam

108 3250 180 3306 bello
193 3251 373 3323 postmodnm
388 3254 462 3324 cepit
481 3271 489 3316 ;
506 3254 554 3310 sed
578 3271 628 3326 pro
657 3257 757 3311 comite
785 3258 905 3314 lloberto

105 3336 188 3395 iratre
203 3355 255 3395 sno
271 3356 288 3397 a
302 3350 548 3413 repnoceptoeum
558 3342 671 3399 relaxat.
693 3344 905 3416 sequentianno

107 3426 214 3484 Domini
235 3433 317 3496 tres,
332 3429 496 3487 Guillelmns
508 3446 602 3488 eomes
616 3433 794 3490 Pictauiensis
808 3444 835 3490 et
850 3436 904 3492 dux

109 3527 261 3601 lquimnias
275 3528 310 3585 ad
319 3528 451 3586 &sctum
465 3530 597 3587 lecchum
611 3531 752 3603 proiectus
767 3532 794 3588 in
816 3535 904 3590 Para-

107 3632 199 3685 seere,
213 3617 332 3674 moritur
346 3634 365 3674 r
381 3618 446 3674 tous
471 3618 581 3691 Aprilis,
592 3619 745 3678 ineeclesia
755 3622 785 3676 11.
796 3622 901 3691 iacobi,

107 3712 313 3771 annositate
327 3712 621 3787 honorificasepelitnr
637 3736 643 3773 ι
674 3717 719 3789 qui
744 3718 901 3784 moriturus,

106 3816 246 3874 proceres,
262 3817 333 3876 quos
347 3817 441 3860 secum
454 3804 572 3862 habebat
586 3812 757 3863 contestatur
783 3815 812 3864 nt
846 3807 902 3864 fitia

106 3914 154 3955 sna
166 3899 258 3968 maior
271 3897 430 3958 theocrito
444 3901 583 3960 ludovico
599 3903 659 3975 regi
667 3903 833 3961 Francorum
840 3921 902 3961 cum

105 3988 218 4046 docatus
231 3988 383 4060 Aquitaniae
397 4006 466 4047 naor
479 3991 602 4048 tradatur
618 4008 717 4065 ;quam
746 3992 902 4052 leudoricus

103 4075 251 4149 predictus
261 4075 442 4148 presentibus
456 4077 632 4152 optimatibus
647 4080 723 4151 regni
741 4080 783 4137 sui
803 4082 855 4138 sibi
874 4083 900 4138 in

105 4164 269 4238 conjuginm
280 4164 381 4239 iungit,
396 4166 497 4236 nuptiis
512 4182 592 4239 qnam
600 4167 768 4225 solemnibus
779 4171 901 4228 celebra·

103 4253 148 4308 tis.
168 4253 255 4322 cuius
268 4260 345 4324 pater
368 4252 523 4312 ludovicus
550 4256 664 4313 Parisiis
691 4259 806 4315 moritur
829 4260 899 4315 intra

104 4356 238 4407 mensem,
254 4350 282 4398 et
293 4341 322 4396 in
336 4341 454 4400 ecclesia
468 4343 546 4401 Beati
560 4345 683 4419 Dionysii
710 4356 773 4404 ante
799 4364 898 4421 corpus

966 712 1069 768 pauper
1084 698 1197 752 Christi.

1003 786 1053 840 Per
1067 784 1138 840 idern
1152 793 1259 856 tempus
1272 795 1381 842 sanctus
1400 784 1546 841 Malachiae
1573 780 1761 853 archiepisco-

965 890 1017 946 pus
1032 873 1151 930 clarebat
1166 873 1194 928 in
1209 874 1337 929 llibcrnia
1354 875 1458 929 virtutis
1473 874 1559 929 torma
1571 879 1595 926 et
1610 869 1761 940 totiusper·

965 961 1090 1020 iectionis
1106 964 1258 1035 exemplar.
1273 962 1324 1033 Qui
1340 964 1410 1018 inter
1426 969 1526 1019 caetera
1540 961 1671 1016 virtutum
1696 972 1760 1013 sua-

964 1067 1024 1107 rum
1038 1051 1157 1125 insignia
1168 1060 1301 1107 mortuum
1320 1050 1472 1116 suscitavit,
1487 1067 1538 1122 per
1553 1064 1634 1121 quern
1649 1048 1677 1102 in
1695 1062 1760 1117 pnr-

964 1139 1036 1195 tibus
1051 1139 1187 1195 Hiberniae
1209 1140 1373 1214 reintegrata
1388 1147 1430 1195 est
1443 1137 1522 1202 fides,
1537 1136 1636 1210 religio
1655 1148 1759 1208 propa·

964 1236 1037 1300 gata.
1055 1229 1179 1283 clarebat
1193 1227 1323 1284 Gibertus
1340 1226 1679 1284 Porretannsl‘ictasornm
1699 1221 1754 1294 epi·

966 1332 1076 1389 scopus,
1091 1316 1187 1373 doctor
1200 1324 1227 1373 et
1235 1318 1367 1390 magister
1376 1315 1618 1382 nominatissimus,
1630 1321 1657 1369 et
1667 1312 1759 1368 scien-

965 1406 1000 1461 tia
1015 1405 1166 1462 liberalium
1182 1406 1291 1472 artium,
1315 1414 1342 1461 et
1370 1405 1527 1460 divinarum
1557 1402 1759 1473 Scripturarum

965 1493 1126 1548 exercitatus
1141 1493 1294 1563 plurimum,
1311 1508 1343 1549 ae
1357 1492 1415 1548 iere
1426 1489 1679 1560 incomparabiliter
1693 1503 1758 1542 eru-

963 1581 1048 1638 ditus.
1067 1582 1328 1652 llicpostmagoom
1351 1580 1520 1636 ancellinum
1544 1593 1627 1649 super
1653 1575 1759 1631 Psalle-

923 1689 950 1750 Β
965 1669 1042 1735 rium,
1059 1678 1085 1725 et
1098 1670 1236 1740 Epistolae
1251 1669 1578 1734 Pauli,Vitassanctorum
1589 1673 1758 1736 compactam

963 1759 1048 1816 sacris
1056 1759 1160 1816 deliciis
1175 1759 1266 1815 utilem
1277 1759 1362 1814 edidit
1374 1758 1572 1831 glossaturam.
1598 1758 1677 1812 Anno
1700 1755 1758 1809 Do·

963 1846 1028 1902 mini
1045 1848 1123 1916 1138,
1141 1848 1313 1903 innocentius
1321 1862 1392 1918 papa
1409 1847 1428 1901 11
1442 1844 1614 1902 confirmavit
1631 1851 1657 1899 et
1678 1840 1759 1913 priui-

962 1933 1036 2007 legio
1050 1937 1227 1992 communivit
1240 1936 1378 1992 abhatiam
1390 1938 1477 1991 Beate
1492 1933 1585 1990 Mariae
1603 1932 1638 1987 de
1664 1930 1757 1986 Ardo-

962 2023 1032 2080 rello
1046 2025 1350 2082 cisterciensisordinis
1364 2026 1391 2080 in
1403 2024 1514 2081 dioeoesi
1527 2021 1659 2083 albiensi,
1669 2020 1757 2091 primo

962 2122 1061 2178 abbate
1075 2132 1139 2180 tuuc
1153 2125 1284 2180 existente
1299 2123 1401 2179 ibidem
1430 2121 1559 2188 Falcone,
1582 2115 1757 2191 pontificatus

961 2209 1047 2281 ipsius
1060 2211 1223 2268 innotientio
1237 2227 1310 2268 anno
1324 2229 1349 2266 rx
1367 2229 1374 2275 ;
1394 2210 1592 2283 praefatamque
1606 2206 1755 2265 confirma·

962 2298 1064 2356 tionem
1080 2301 1243 2357 succedente
1257 2310 1381 2370 tempore
1397 2298 1539 2354 iteravitet
1550 2295 1676 2367 ampliori
1689 2309 1755 2367 gra·

961 2389 1000 2445 tia
1012 2389 1192 2448 communiuit
1207 2389 1360 2446 Alexander
1380 2402 1454 2461 papa
1479 2387 1527 2456 111,
1554 2399 1627 2440 anno
1647 2381 1756 2440 Domini

963 2481 1045 2548 1161,
1058 2478 1228 2551 pontificatus
1241 2479 1282 2535 sui
1295 2493 1369 2535 anno
1383 2494 1419 2534 rr.
1443 2478 1474 2532 ln
1503 2482 1594 2532 monte
1621 2475 1754 2535 Peaulanc

961 2573 1041 2640 hujus
1049 2569 1204 2626 monasterii
1218 2567 1353 2623 fundatrix
1368 2565 1523 2621 fuitdexote
1537 2563 1645 2621 Caecilia
1655 2563 1756 2620 nobilis

961 2659 1162 2717 vicecomitissa
1176 2656 1348 2718 bituriensis.
1365 2672 1426 2726 qum
1443 2653 1544 2710 ibidem
1565 2654 1646 2722 juxta
1673 2654 1750 2710 ostili

962 2748 1087 2806 eeclesias
1100 2747 1209 2803 condita
1224 2744 1380 2818 requiescit.
1400 2743 1555 2815 sequentes
1566 2758 1755 2815 sersussuper

961 2847 1080 2920 lapidem
1096 2846 1137 2902 sui
1153 2846 1246 2900 tumuli
1262 2843 1469 2914 suntinscripti.

956 2959 964 2975 ⁴
1001 2946 1098 3004 oman
1114 2947 1161 3018 qui
1181 2946 1272 3000 nescit
1286 2945 1376 3001 discat
1394 2945 1527 3017 quoniam
1543 2943 1694 3017 requiescit

921 3040 950 3113 (j
968 3030 983 3083 ·'·
999 3017 1285 3105 Hoc2ire'aorcopbnqo
1298 3033 1412 3089 doctrin
1426 3048 1491 3089 vero
1505 3032 1600 3103 oiroqo

994 3125 1054 3181 Isto
1067 3122 1272 3180 denotatam.
1287 3123 1357 3193 ‚tecit
1373 3122 1540 3194 reliquisque
1555 3121 1701 3178 domorum

937 3215 969 3256 ‘³
982 3224 1079 3280 ‘delto
1092 3223 1136 3278 cel
1152 3223 1263 3277 intuito
1273 3216 1484 3290 decessrmtribus
1495 3220 1553 3275 boec
1565 3217 1635 3273 bono
1648 3218 1750 3273 multa.

941 3293 956 3341 ⁰⁸
981 3312 1065 3383 'lirqb
1078 3314 1232 3382 presentes
1244 3308 1514 3380 cresin-positoque
1533 3310 1684 3378 sequentes

995 3387 1043 3456 llr'c
1053 3386 1752 3472 predeslio'ctuquibushoecsuntproestitocunctc.

992 3489 1403 3552 AnnoDomirliltblitcaeues
1416 3493 1452 3549 de
1474 3492 1656 3564 Temporibus
1683 3492 1751 3558 chit,

958 3585 1018 3658 quis
1031 3584 1109 3640 annis
1119 3600 1215 3640 cccaxr
1231 3584 1368 3640 uixeratst
1383 3592 1507 3652 tempore
1529 3581 1624 3638 Karoli
1651 3581 1752 3654 Magni,

956 3675 1037 3746 eujus
1050 3674 1172 3746 armiger
1188 3674 1278 3730 iuerat
1292 3671 1567 3730 annodeinilllb.
1576 3672 1656 3743 llugo
1665 3685 1752 3727 cano-

955 3763 1034 3820 nicus
1048 3763 1140 3820 Sancti
1157 3762 1273 3820 Victoris
1288 3762 1407 3818 Parisios
1421 3760 1589 3834 religioneet
1602 3759 1751 3817 litterarum

955 3851 1071 3908 scientia
1089 3852 1188 3920 clarus,
1199 3860 1226 3908 et
1240 3852 1267 3906 in
1282 3860 1387 3922 septem
1400 3849 1554 3907 liberalium
1568 3849 1666 3906 artium
1681 3849 1752 3920 peri·

955 3945 993 4002 tia
1007 3947 1049 4002 sui
1063 3947 1196 4018 temporis
1214 3947 1295 4002 nullis
1317 3947 1456 4003 secundus
1481 3946 1560 4002 obiit.
1590 3944 1643 4014 Qui
1667 3944 1750 4002 etiarn

954 4042 1028 4090 tants
1044 4035 1147 4108 ingenii
1162 4034 1304 4090 vivacitate
1318 4043 1347 4091 et
1361 4035 1471 4106 spiritus
1501 4033 1650 4090 subtilitate
1679 4034 1749 4090 emi-

954 4119 1019 4187 cuit,
1036 4127 1124 4176 utsuo
1152 4128 1273 4188 tempore
1288 4119 1335 4174 vix
1361 4118 1489 4174 habuerit
1519 4133 1621 4191 parem.
1647 4118 1748 4175 Eodem

953 4222 1077 4286 tempore
1092 4216 1244 4288 eodemque
1253 4215 1380 4271 coenobio
1394 4214 1544 4271 Richardus
1573 4213 1614 4268 uir
1637 4214 1749 4270 scientia

952 4321 978 4368 et
994 4313 1128 4385 religione
1142 4312 1259 4386 insignis
1269 4312 1373 4380 claruit,
1390 4312 1435 4384 qui
1448 4311 1484 4367 de
1511 4311 1642 4368 Trinitete
1669 4312 1749 4367 subti·

103 4430 187 4503 ipsius
201 4430 329 4503 martyris
356 4431 486 4504 sepelitur
512 4432 645 4490 Kelends
673 4436 796 4509 Augusti,
826 4453 898 4495 enno
913 4414 940 4475 D
954 4406 1059 4465 ΗΜΘ
1072 4410 1228 4482 di⁸⁹¹¹¹⁸lii

104 4520 180 4593 regni
197 4517 240 4575 eni
254 4532 350 4585 urna,
367 4535 439 4577 anno
452 4536 518 4578 uero
532 4521 644 4578 Domini
657 4523 734 4579 tter.

137 4606 269 4664 ttorebu
281 4608 335 4665 hoc
349 4616 471 4681 tempore
486 4624 578 4666 comes
592 4610 748 4684 Campaniae
763 4614 898 4672 Theohal·

989 4498 1094 4555 Eodem
1109 4507 1232 4571 tempora
1248 4498 1437 4556 iiteonrentus
1461 4499 1585 4568 senonis,
1615 4507 1749 4572 presente

954 4587 1092 4644 Ludorico
1106 4589 1297 4661 episcoporum
1312 4596 1339 4644 et
1361 4588 1490 4645 abbatum
1517 4598 1612 4646 contre
1641 4591 1749 4646 Petrum

105 4695 156 4753 dus
179 4703 259 4770 pam
281 4697 475 4769 orphanorum,
503 4697 557 4754 du,
586 4698 738 4768 viduarum,
762 4717 897 4759 morum
952 4674 1137 4742 Abaelardum,
1154 4677 1200 4748 qui
1215 4677 1331 4748 quadam
1340 4677 1454 4748 prolana
1463 4680 1609 4735 verborum
1629 4677 1671 4734 vel
1682 4693 1748 4734 sen-

104 4783 210 4854 κω,
224 4800 275 4858 μ,
289 4784 459 4853 claudorum,
475 4786 502 4842 jn
518 4788 705 4845 susqenqmdjg
732 4791 897 4864 pauperibus
953 4778 1033 4820 suurn
1047 4765 1170 4822 ueritate
1180 4765 1333 4822 Ecclesiam
1349 4766 1566 4822 scandalizabat.
1585 4765 1637 4835 Qui
1660 4766 1748 4823 inter-

102 4883 279 4958 singulariter
291 4881 446 4953 munificus,
473 4885 501 4941 in
525 4885 698 4943 exstruendis
711 4890 897 4957 monasteriis,
952 4861 1070 4961 Pium
1084 4861 1181 4928 “beist
1195 4878 1259 4960 ,ΟΨ
1283 4870 1357 4918 ‘m‘
1384 4879 1554 4960 5⁰⁸P⁰¹¹⁸⁰¹⁰y
1583 4863 1619 4919 de
1643 4862 1748 4934 imum

101 4980 127 5028 eq
138 4987 207 5046 ,Ψ
224 4971 369 5048 religion„
385 4988 509 5046 quosque
524 4974 896 5051 incomparabilqsmgime,
952 4959 1065 5014 ventus,
1084 4949 1119 5004 ad
1139 4949 1304 5006 andrentium
1331 4951 1407 5007 sedis
1433 4950 1589 5022 apostolicae
1607 4951 1748 5023 appellans

101 5077 184 5134 «μω
194 5060 328 5119 pomp,
342 5060 563 5136 mgnjficgqqqeq
579 5064 702 5122 diqmvjq
726 5065 755 5121 jn
780 5065 896 5123 nobili„
953 5047 1053 5113 eradit,
1070 5049 1263 5103 etnonmulto
1278 5056 1339 5119 post
1354 5048 1485 5104 Cabilloni
1512 5049 1585 5120 apud
1614 5048 1746 5105 Sanctum

100 5149 169 5206 eim
183 5149 282 5222 prole:
303 5149 483 5208 Genuitenim
499 5152 644 5210 henricum
660 5154 799 5221 comitem,
809 5155 897 5211 Theo
952 5143 1113 5200 Mtrcellum
1129 5144 1196 5199 obit.

100 5244 212 5303 mam„
226 5247 366 5316 mium,
383 5248 550 5322 spephmum
561 5251 699 5321 mitem,
721 5250 895 5309 Guqqeqmum
987 5232 1036 5290 llic
1051 5233 1226 5290 Innocentius
1240 5248 1308 5306 papa
1325 5233 1440 5292 concilio
1455 5234 1481 5289 in
1497 5235 1629 5291 laterano
1643 5235 1747 5291 selern-

99 5335 339 5410 mhqepqmpum
355 5328 530 5409 nemmem,
546 5336 898 5413 ᾗιῑωιῑθωρωωυα.
952 5320 1523 5392 nitercelebratoinilrmeturemoritur,
1540 5324 1607 5380 etin
1636 5325 1746 5380 latera-

99 5440 159 5480 rnm
174 5423 309 5494 ultimam,
323 5425 449 5496 Adelanr,
459 5428 578 5494 nomine,
592 5428 744 5486 Ludovicus
754 5431 897 5487 meran.
952 5422 1032 5477 nessi
1044 5417 1161 5476 ecclesie
1176 5419 1202 5475 in
1218 5421 1322 5477 concha
1336 5423 1510 5495 porpyretica
1523 5422 1653 5495 sepelitur
1675 5438 1746 5479 anno

98 5527 191 5569 eornm
205 5512 350 5587 piissimus
363 5515 539 5588 postmodum
563 5533 677 5576 uxorem
689 5519 804 5589 aceepit,
830 5519 898 5577 sieut
951 5509 1060 5566 Domini
1078 5508 1155 5566 1111.
1172 5507 1213 5565 ln.
1230 5510 1346 5583 quadarn
1371 5527 1437 5569 vero
1465 5511 1593 5570 chronice
1621 5511 1746 5571 scribitur

97 5615 132 5658 ex
144 5602 322 5676 sequentibus
339 5602 483 5679 apparebit
497 5625 504 5670 ;
519 5620 553 5662 es
566 5621 620 5680 qne
633 5608 729 5681 genuit
743 5607 897 5683 Philippum
954 5610 1031 5681 1111,
1048 5607 1097 5666 sed
1110 5608 1233 5684 primum
1245 5609 1342 5667 melius
1351 5616 1392 5670 est
1406 5609 1565 5674 tenendum.
