3750 6000
127 230 182 287 tte
267 223 273 227 ¹
722 232 896 289 EPISTOLAE
915 232 961 289 ET
978 234 1192 294 Pntvttltdls.
1729 250 1781 305 tto

127 356 208 409 unius
220 352 276 411 diei
289 352 449 427 desingulis
475 355 601 411 domibus
628 356 752 412 villarum
765 357 926 428 subscripta·
942 364 969 425 Α
984 357 1044 427 ejus
1069 360 1247 430 patrocinium
1277 363 1483 433 implorantibus
1510 373 1637 424 maternae
1667 370 1786 428 tuitionis

127 442 355 511 ramulenses,
371 444 595 513 binisin,lleduit,
613 445 930 515 t‘uscejrseousanvittae,
988 445 1144 519 suffragium
1160 450 1298 519 exhibere,
1314 461 1344 508 ut
1358 454 1597 524 quemadmodum,
1627 458 1785 530 disponente
1868 488 1873 495 ›

130 531 248 599 Orbem,
281 532 415 595 Pslstioli.
456 531 584 605 offagne,
617 534 773 601 salsenrivi,
808 533 930 598 Graides‚
986 536 1113 604 Domino,
1131 539 1221 594 Patres
1236 539 1261 593 iu
1280 542 1326 596 Dei
1354 542 1455 613 populo
1482 543 1614 613 dicuntur,
1644 547 1681 602 ita
1703 549 1786 605 etiam

129 620 262 688 Gedines,
278 622 397 691 loytres,
427 621 491 677 item
520 621 622 677 loitres
648 623 782 690 Barsines,
806 623 929 690 Riennas,
986 638 1098 694 operum
1114 627 1285 683 exhibitione
1299 631 1517 701 comprobemur.
1536 633 1622 703 liujus
1634 635 1673 688 roi
1687 638 1785 709 gretia,

129 708 280 771 Willezies,
314 709 446 778 llsrnyes
476 707 632 781 Altiffageti‚
655 709 760 780 Dymis,
789 710 930 777 demeres,
986 711 1076 767 dilecti
1103 713 1130 768 in
1158 714 1275 772 Domino
1303 717 1362 786 lilii,
1392 720 1486 774 vestris
1513 720 1653 777 desideriis
1676 732 1787 795 peteres

128 797 235 865 bievre,
253 796 346 853 (livet.
377 796 451 852 ldem
480 797 515 852 de
542 798 656 852 decanis
683 797 873 863 bohanniensi,
898 797 933 854 de
986 800 1153 873 benignitate
1184 805 1341 874 annuimus,
1370 814 1397 861 et
1425 808 1566 864 ecclesium
1593 811 1787 869 lichfeldensis

126 885 244 958 singulis
265 884 393 941 domibus
420 885 543 940 villarum
571 886 791 956 subscriptamm,
820 886 930 955 Wellin,
987 888 1013 942 in
1029 905 1082 958 qrra
1096 890 1189 945 diuino
1204 900 1316 948 roratur
1329 896 1448 963 servitio,
1475 899 1615 966 presentis
1629 901 1719 971 scripti
1734 916 1786 971 pa-

126 975 207 1040 llam,
240 973 407 1044 Herpruviae,
437 974 592 1041 bohanniae,
628 974 763 1040 Gimellae,
792 974 929 1042 llarlidee¹
986 977 1274 1048 mnacommunimus.
1291 990 1437 1039 statuentes
1459 987 1640 1053 eteoclesins,
1656 988 1784 1057 decimus,

125 1066 193 1133 oye,
210 1063 381 1127 fleverenne,
399 1062 537 1129 liceurire,
568 1061 703 1127 llosbeur,
733 1063 808 1129 Dure,
828 1063 929 1128 Tellus,
987 1074 1012 1120 et
1027 1083 1200 1138 quascunque
1228 1071 1420 1141 possessiones,
1445 1090 1612 1145 quaerunque
1626 1078 1698 1133 bona
1713 1094 1785 1150 prse-

128 1150 287 1214 Waureliae‚
324 1150 431 1215 Tovius,
466 1149 590 1212 Seruum,
635 1149 739 1215 villers,
773 1150 929 1217 lamblines‚
987 1154 1041 1210 latu
1070 1157 1190 1213 Ecclesia
1227 1160 1469 1228 impresentiarum
1502 1163 1575 1231 juste
1603 1172 1629 1220 ot
1656 1167 1784 1223 canonice

127 1239 252 1307 Wenlin,
271 1238 586 1307 recrederemus
611 1238 701 1293 Sancti
717 1237 787 1292 Petri
802 1239 931 1293 Brumnr·
986 1242 1114 1312 possidet,
1143 1254 1190 1301 aet
1216 1250 1244 1300 te
1271 1248 1390 1303 loturum
1418 1250 1590 1307 concessione
1613 1253 1782 1322 pontificum¹

127 1328 176 1394 tin,
193 1327 333 1396 llet'oniae‚
364 1326 462 1381 montis
491 1327 623 1382 l'alclreri.
654 1327 729 1381 idem
759 1326 932 1381 deomnibus
987 1330 1129 1402 largitione
1143 1350 1237 1405 region
1262 1337 1305 1391 rel
1321 1338 1483 1407 principum,
1500 1339 1637 1396 oblatione
1652 1341 1770 1398 bdelium

126 1418 199 1473 rillis
213 1416 335 1472 decaniis
356 1415 545 1482 bastoniensis,
571 1414 663 1471 addito
677 1430 749 1485 pane
763 1431 817 1469 uno
832 1414 866 1471 de
878 1415 930 1469 do·
985 1434 1031 1474 seu
1046 1421 1106 1475 aliis
1116 1421 1308 1491 justismodis,
1323 1426 1381 1480 Dee
1395 1426 1525 1496 propitio,
1548 1431 1645 1500 poterit
1659 1386 1782 1501 adipisci:

127 1505 220 1559 mibus
234 1503 359 1576 siugulis.
985 1524 1150 1580 quaerunque
1169 1512 1249 1567 enam
1265 1529 1280 1567 o
1296 1515 1443 1570 venerabili
1472 1516 1553 1573 fratre
1571 1527 1661 1574 nostro
1676 1520 1782 1593 lingere

162 1603 294 1659 Praedicto
310 1611 399 1658 numm
427 1602 591 1658 monasterio
621 1602 710 1656 nullus
729 1602 814 1657 abbes
830 1609 929 1656 temere
985 1599 1178 1654 (lourentrensi
1205 1601 1344 1674 episcope,
1377 1611 1431 1658 tam
1461 1604 1488 1658 io
1511 1606 1641 1671 eeclesiis,
1657 1608 1780 1677 decimis,

123 1693 275 1759 ordinetur,
291 1698 337 1746 aut
351 1698 443 1746 eontra
467 1705 558 1746 sacros
586 1706 703 1745 canones
720 1688 927 1758 'constituatur3
986 1686 1071 1753 terris
1089 1704 1169 1757 qrram
1198 1690 1224 1743 in
1253 1690 1312 1746 aliis
1340 1693 1559 1763 possessionibus
1586 1696 1663 1751 robis
1684 1698 1782 1753 collata

121 1782 169 1837 sed
183 1782 205 1836 is
215 1797 296 1851 quern
311 1779 363 1834 sibi
378 1795 490 1834 concors
505 1779 680 1851 congregotio
696 1779 780 1834 libera
794 1778 923 1833 electione
984 1783 1055 1841 sunt,
1071 1777 1161 1832 veleb
1177 1778 1272 1833 eodem
1289 1779 1316 1834 in
1331 1787 1476 1851 posterum,
1498 1783 1555 1838 Deo
1571 1785 1698 1855 propitio,
1714 1802 1781 1843 cen-

122 1871 272 1926 serendum
300 1868 423 1923 tiororem
452 1868 502 1921 Dei
531 1868 716 1938 assumpserit.
749 1867 924 1923 Decernimns
977 1865 1109 1931 iurentur,
1125 1864 1202 1921 tirmo
1218 1866 1295 1922 vobis
1322 1868 1350 1923 io
1379 1878 1537 1941 perpetuum
1562 1882 1588 1929 et
1603 1873 1706 1931 illibata
1720 1890 1781 1946 per·

121 1957 437 2032 ergoutnulliomnino
464 1955 603 2011 bominum
633 1956 713 2011 liceat
736 1955 807 2010 idem
823 1970 924 2011 mona·
979 1963 1116 2009 maerent.
1133 1956 1779 2029 Ducemimusergoutnulliomniuobominum

121 2048 234 2104 sterium
250 2057 350 2102 temero
379 2045 549 2116 perturbare,
580 2053 626 2099 aut
648 2045 709 2117 ejus
724 2044 926 2115 possessionnes
979 2043 1058 2098 licent
1086 2045 1210 2099 ‹earudem
1240 2044 1387 2100 Ecclesiam
1418 2053 1517 2103 temere
1545 2050 1712 2121 perturbare,
1737 2061 1782 2108 aut

122 2138 242 2203 auferre,
256 2136 299 2192 rel
315 2134 419 2190 ablatos
432 2135 556 2199 retinere,
574 2133 704 2201 minuere,
720 2132 762 2188 rel
778 2133 926 2187 temerariis
979 2131 1038 2200 ejus
1052 2132 1234 2203 possessiones
1247 2133 1363 2201 auferre,
1394 2134 1437 2188 vel
1467 2135 1571 2192 ablatas
1585 2139 1711 2207 retinere,
1728 2140 1780 2195 mi·

122 2224 331 2299 fatigationibus
346 2223 497 2289 molestnro,
527 2222 573 2277 sed
590 2222 681 2277 omnia
696 2221 800 2292 integra
814 2236 925 2276 conser—
979 2237 1072 2288 nuere,
1088 2239 1135 2275 seu
1156 2221 1322 2291 quibuslibet
1339 2223 1470 2278 molestiis
1485 2224 1607 2298 fatigare,
1624 2227 1671 2282 sed
1686 2230 1779 2285 emnia

122 2324 230 2381 ventre,
260 2328 354 2368 eorum
383 2311 475 2365 usibus
507 2309 670 2365 omnimodis
698 2310 847 2378 protutura,
877 2324 925 2381 pro
979 2308 1084 2381 integre
1099 2319 1407 2380 conserreutureerum,
1437 2329 1486 2386 pro
1514 2329 1627 2384 quemm
1642 2316 1778 2389 guberne-

123 2419 240 2475 quorum
267 2399 464 2474 gubernatione
495 2407 522 2454 et
548 2398 741 2453 sustentatione
769 2406 830 2453 sunt
856 2414 926 2454 oon·
981 2395 1052 2451 tiene
1067 2404 1093 2452 et
1107 2397 1300 2453 sustentatione
1325 2415 1453 2456 concessa
1482 2409 1553 2469 sunt,
1582 2403 1676 2459 usibus
1693 2406 1779 2467 omni·

123 2510 209 2549 cessa,
981 2485 1069 2541 modis
1082 2487 1231 2556 profuturo.
1261 2488 1289 2543 Si
1316 2489 1376 2559 quis
1398 2497 1487 2545 nutem
1502 2507 1568 2546 ausu
1584 2494 1735 2563 temerario,
1750 2495 1777 2551 id

158 2590 188 2645 55
204 2585 396 2660 quajgpufjn
412 2584 529 2640 summm
557 2583 737 2639 ecclesiastica
757 2581 926 2639 saeculafisve
982 2581 1111 2630 attentare
1127 2577 1336 2646 praesumpserit,
1353 2577 1567 2649 indignationem
1587 2581 1781 2652 omnipotentis

122 2693 250 2749 persona,
268 2679 338 2731 trane
357 2681 454 2729 nostrae
475 2672 672 2728 constitutionis
687 2673 816 2744 paginam
831 2670 926 2738 sciens,
981 2662 1029 2718 Dei
1059 2671 1085 2717 et
1111 2661 1251 2718 beatorum
1281 2666 1465 2736 apestolomm
1495 2667 1554 2738 ojus
1580 2668 1650 2724 Petri
1665 2678 1691 2725 et
1706 2670 1779 2727 Pauli

123 2774 216 2823 centro
231 2780 292 2820 eam
309 2772 410 2818 temere
437 2762 529 2816 venire
558 2761 709 2827 tentaverit,
735 2760 856 2816 secunde
871 2766 927 2814 ter·
982 2749 1107 2818 1110111111»
1138 2757 1165 2805 ⁰¹
1186 2753 1459 2807 0¹⁶0¹¹¹¹¹¹t¹¹¹i⁰flil⁰f¹i
1485 2754 1633 2825 subilmi-
1663 2758 1779 2815 0⁰⁰⁸&-

123 2857 197 2911 tieve
210 2852 389 2919 commonito,
401 2851 423 2904 si
439 2866 491 2905 non
507 2847 690 2904 satisfactione
703 2864 823 2919 congrua
837 2863 929 2902 emen·
983 2846 1173 2894 vassitsttlitm
1184 2840 1252 2907 1¹20,
1264 2840 1420 2897 OOPUffldeffl
1432 2844 1615 2913 ³P0⁸i0¹⁰fflffl
1627 2851 1780 2903 ⁰²⁰⁰Slfflffl

120 2943 239 3010 divom,
268 2940 410 3011 potestatis
438 2939 602 3007 honorisque
626 2938 666 2991 sui
682 2937 813 3009 dignitate
827 2943 928 3005 rereat,
983 2927 1196 2983 benedictionem
1230 2936 1256 2983 et
1288 2929 1402 3001 gretiam
1442 2939 1648 3003 consequantur.
1681 2938 1779 3005 Amen,

121 3048 254 3102 reamque
268 3047 298 3085 se
322 3029 416 3084 divino
441 3026 545 3097 jndicio
572 3027 687 3082 existere
714 3026 747 3080 de
776 3032 930 3096 perpetrata
982 3032 1072 3084 tmen,
1089 3032 1178 3071 afflt'ss·

121 3122 264 3192 iniquitute
293 3124 451 3190 cognoscat,
479 3122 507 3170 et
533 3132 549 3170 a
573 3114 753 3170 ssemtissime
769 3129 882 3183 corpore
896 3087 967 3169 soC
1017 3114 1115 3169 Dotem
1133 3114 1256 3169 Laterani
1276 3131 1448 3186 permanum
1462 3118 1709 3190 Airrrerici,sanetre
1724 3122 1781 3178 llo-

121 3211 256 3283 senguine
287 3207 336 3262 Dei
351 3214 379 3261 et
392 3205 501 3260 Domini
531 3204 612 3259 nestri
641 3204 702 3258 lesu
725 3202 823 3257 Christi
839 3202 929 3257 aliena
981 3218 1069 3259 manee
1084 3203 1211 3259 Ecclesiae
1227 3202 1334 3258 diaconi
1353 3204 1498 3261 cardinalis
1515 3209 1713 3279 etesncellarii‚
1730 3210 1780 3269 de·
1845 3182 1849 3195 ι

120 3299 178 3367 lint,
208 3306 288 3369 etque
318 3296 345 3349 in
375 3302 496 3350 extremo
522 3293 647 3347 exernine
675 3291 802 3347 districtae
834 3290 928 3346 ultioni

121 3388 275 3458 subjaceat.
384 3403 398 3429 ο

164 3485 276 3541 Cunctis
297 3490 386 3537 sutem
413 3479 501 3535 eidem
531 3478 592 3534 loco
617 3478 689 3548 justa
712 3476 881 3533 servantibus
895 3477 929 3531 sit

126 3591 182 3648 pax
204 3571 314 3629 Domini
336 3569 425 3625 nostri
453 3568 514 3622 lesu
537 3567 645 3632 Christi,
674 3574 804 3636 quatenus
830 3572 857 3620 et
884 3565 929 3620 bic

127 3665 243 3720 fructum
271 3661 351 3716 bonae
380 3657 493 3713 notionis
520 3656 680 3726 percipiant,
709 3663 736 3710 et
749 3653 821 3726 opud
836 3651 927 3708 distri-

125 3762 200 3810 ctum
228 3750 348 3822 judicem
386 3747 496 3819 praemia
529 3751 637 3800 atemae
674 3743 748 3816 peris
778 3743 925 3799 inueniant.

125 3848 227 3898 Amen.

165 3948 199 4013 »Β
218 3949 277 4021 ligo
292 3944 465 4001 lnnocentius
479 3940 625 3998 tietbolieae
638 3938 764 3995 Ecclesiae
774 3938 924 4011 episcopus.

160 4049 221 4120 Ego
235 4048 321 4103 Lucas
336 4044 474 4116 presbyter
500 4039 645 4096 cardinalis
670 4037 737 4093 tituli
752 4037 800 4093 SS.
817 4037 927 4093 loannis

123 4148 151 4194 et
165 4137 255 4193 Pauli.

160 4237 220 4309 Ego
233 4234 399 4305 crisogonus
421 4229 560 4301 presbyter
585 4225 729 4283 cardinalis
758 4225 800 4279 tit.
821 4224 928 4280 Sanctae

126 4324 266 4383 Praxedis.

161 4423 232 4477 Dela
247 4417 370 4475 Laterani
386 4431 434 4488 per
444 4429 553 4470 manum
566 4408 709 4483 tymerici,
722 4416 821 4464 sanctas
832 4408 931 4463 llorna.

126 4529 170 4568 ner
185 4508 316 4566 Ecclesiae
329 4505 436 4561 diaconi
452 4502 596 4560 cardinalis
606 4508 633 4555 et
642 4498 807 4566 concellarii,
819 4513 856 4551 xv
868 4496 928 4552 llnl.

129 4600 205 4668 binii,
228 4597 376 4652 indictione
403 4593 529 4660 secunde,
559 4588 754 4646 lucarnationis
778 4585 930 4642 Dominiree

128 4692 209 4757 1139,
239 4683 409 4758 pontificatus
435 4678 611 4740 verodomni
639 4674 788 4733 innocentii
814 4674 925 4731 secundi

128 4794 208 4852 papae
223 4789 296 4831 anno
310 4773 430 4831 decimo.

459 4869 599 4925 CCCXCI.

129 4974 317 5046 Priuilrgium
340 4986 391 5045 pro
414 4967 533 5027 ecclesio
548 4961 740 5036 Licbsetdeasi
760 4961 792 5016 in
815 4959 928 5029 Aeetia.

349 5072 437 5136 (Anno
454 5068 532 5133 1131,
548 5061 633 5135 April.
652 5060 712 5130 18.)

288 5168 445 5241 {Nesactio
467 5164 559 5236 slepi,
582 5163 629 5228 111,
645 5177 673 5232 p.
690 5157 763 5231 est]

160 5293 353 5346 issocsrtrms
368 5282 521 5355 episeopus.
546 5294 640 5335 servus
651 5289 792 5332 serrorum
807 5271 868 5341 Dei,
883 5270 928 5326 di·

125 5379 203 5437 lectis
216 5376 280 5432 liliis
303 5371 441 5430 canonicis
470 5368 594 5424 Ecclesiae
623 5362 825 5430 lichfeldensis,
855 5368 929 5415 tom·

129 5465 309 5543 presentibus
336 5477 417 5533 qnam
445 5458 550 5524 tuturis,
579 5457 608 5511 in
635 5454 741 5511 Christo
768 5451 881 5508 solntem
903 5454 930 5504 et

127 5555 309 5631 spostolicam
322 5548 551 5609 benedictionem.

162 5650 330 5726 Apostoliem
355 5646 428 5705 sedis
457 5642 609 5703 elementiae
639 5638 767 5700 convenit
795 5633 930 5697 universis

982 3292 1052 3348 cimo
1067 3300 1161 3362 quarto
1173 3291 1308 3347 Kalendas
1326 3293 1399 3360 nati,
1412 3292 1566 3353 indictionis
1582 3297 1716 3367 secundae,
1732 3300 1780 3354 ln-

981 3381 1144 3436 carnntionis
1161 3380 1311 3437 Dominieae
1322 3383 1467 3438 millesimo
1487 3385 1632 3441 centesimo
1647 3386 1781 3443 tricesimo

982 3467 1242 3541 nono,pontiiicatus
1250 3486 1314 3526 vero
1323 3471 1422 3527 Domni
1431 3472 1578 3530 innocentii
1587 3475 1781 3547 papmsecundi

982 3575 1053 3615 neno
1068 3559 1185 3615 decimo.
1586 3570 1589 3576 '

1301 3659 1454 3714 cccxctt.

983 3764 1149 3822 chuonrado
1160 3764 1253 3820 abboli
1263 3768 1292 3819 et
1304 3767 1455 3822 monacbis
1467 3767 1654 3825 fuldensibus
1662 3772 1781 3828 ocelim

1029 3844 1187 3900 sturmium
1203 3845 1235 3899 io
1250 3845 1371 3901 correilie
1386 3847 1494 3902 sanctis
1507 3850 1665 3920 ascriptum
1676 3866 1746 3911 erse,

1198 3962 1288 4030 (Anno
1304 3963 1382 4029 1139,
1401 3962 1486 4031 April.
1504 3963 1567 4033 19.)

977 4080 1132 4146 liteinins,
1150 4077 1220 4132 leta
1245 4080 1412 4133 sanctornm
1427 4078 1487 4134 ord.
1507 4078 1534 4135 S.
1553 4080 1667 4151 breed„
1684 4083 1731 4151 111,
1750 4099 1780 4155 ιι,

1345 4164 1422 4239 181]

1014 4287 1217 4348 luseramus,
1247 4298 1341 4338 servus
1366 4297 1505 4339 servorum
1522 4282 1584 4351 Dei,
1611 4283 1708 4343 dilecto
1725 4287 1781 4344 lilio
1844 4352 1854 4369 ἱ

980 4375 1159 4429 cueouneo
1174 4371 1266 4429 abbati
1278 4378 1305 4427 et
1315 4371 1454 4429 monacbis
1464 4371 1603 4429 Fnldensis
1614 4377 1779 4446 memsterii,

944 4445 972 4506 D
986 4464 1098 4519 salutem
1113 4469 1141 4518 et
1154 4461 1327 4541 apostolicam
1342 4461 1565 4531 benedictionem¹

1018 4560 1137 4634 Dignum
1152 4559 1232 4616 valdo
1245 4565 1286 4613 ost
1299 4567 1325 4613 et
1339 4559 1414 4614 omni
1438 4558 1517 4619 laude
1539 4559 1739 4633 dignissimum,
1753 4577 1784 4625 ut

983 4667 1050 4723 qnos
1069 4650 1127 4705 Rex
1150 4664 1245 4720 regum
1265 4655 1293 4701 et
1314 4647 1447 4704 Dominus
1474 4647 1670 4707 dominantium
1693 4653 1783 4709 bono·

982 4738 1192 4810 medignaris,
1220 4735 1321 4791 eisdem
1344 4735 1380 4790 ab
1404 4734 1560 4792 bominibus
1581 4738 1678 4795 devote
1701 4754 1782 4796 reve·

983 4827 1069 4884 rentie
1083 4823 1262 4896 impendetur.
1290 4825 1347 4879 Nos
1369 4823 1452 4894 igitur
1480 4824 1571 4879 audita
1584 4825 1639 4881 vito
1653 4826 1783 4883 laudabili

983 4918 1012 4972 D.
1030 4913 1140 4971 Sturmii
1154 4912 1325 4977 confessoris,
1350 4911 1467 4983 cognitis
1486 4912 1568 4967 etism
1584 4929 1618 4967 ex
1638 4921 1713 4984 parte
1728 4915 1782 4971 mi-

983 5005 1080 5062 raculis
1095 5018 1155 5074 quae
1171 5017 1219 5073 per
1232 5002 1292 5071 ejus
1306 5000 1401 5054 merita
1415 4999 1547 5057 Dominus
1561 5008 1696 5073 operatur,
1712 5012 1784 5063 atre-

983 5095 1096 5151 statione
1112 5092 1223 5147 frenum
1238 5095 1389 5145 nostrorum
1416 5087 1462 5157 qui
1492 5087 1525 5143 de
1555 5090 1676 5161 partibus
1690 5094 1785 5151 Terete-

984 5184 1052 5239 nieis
1065 5183 1249 5247 advenerant3
1270 5177 1298 5232 in
1312 5177 1434 5246 plenarie
1448 5177 1552 5248 syuodo
1567 5194 1628 5248 oure
1641 5182 1714 5252 opud
1727 5183 1782 5247 La.

983 5282 1105 5329 teranum
1121 5277 1162 5324 est
1174 5284 1222 5339 per
1235 5266 1285 5322 Dei
1298 5265 1414 5338 gratiam
1429 5275 1604 5339 congregata,
1628 5271 1783 5327 eommuni-

984 5370 1043 5418 cato
1083 5357 1197 5415 consilio
1243 5355 1466 5427 patriarcharum,
1511 5356 1784 5428 archiepiscoporum,

984 5451 1175 5524 episcoporum
1191 5453 1271 5515 etque
1281 5444 1420 5513 abbsbrm,
1432 5446 1558 5509 eumdem
1575 5444 1685 5503 beatum
1696 5446 1784 5505 riorm

984 5541 1054 5596 inter
1076 5544 1183 5593 sanctos
1209 5542 1237 5590 et
1263 5534 1363 5590 electos
1376 5535 1503 5593 bonorem
1530 5534 1732 5606 precepimus:
1758 5544 1785 5593 et

984 5629 1058 5687 diem
1072 5623 1249 5698 depositionis
1262 5623 1320 5694 ejus
1330 5638 1395 5679 cum
1415 5622 1518 5695 guadio
1539 5623 1697 5689 solemniter
1709 5626 1784 5685 eele-
