3772 6006
93 225 162 291 fibi
574 222 691 287 GESTA
709 218 835 284 adsunt
853 215 1060 282 meloduni.
1079 249 1109 267 -
1132 213 1197 279 Lib.
1213 216 1258 278 fh
1680 223 1748 293 ,trel

92 357 188 415 dolore
222 363 332 423 tactum,
362 356 389 411 in
417 355 551 428 proximo,
587 362 615 410 ut
642 354 801 425 praedictum
837 358 889 418 est,
905 352 929 412 Α
946 364 1043 407 eorum
1072 346 1231 403 inhiaverat.
1262 345 1386 404 Clientuu
1423 364 1544 416 carnin,
1577 349 1749 408 dominorum

93 447 204 502 obiisse.
235 444 305 499 Daui
333 443 482 500 cnutonem
521 444 604 499 tilium
630 442 722 499 Snani
745 442 773 496 in
796 455 892 512 regern
948 453 1044 494 necem
1074 434 1213 492 vindicare
1242 443 1380 503 conones,
1410 438 1496 493 armis
1526 437 1639 510 repulsi,
1667 444 1696 494 et
1720 436 1748 494 in

93 533 212 607 eligunt.
230 533 313 605 degli
340 543 444 596 contra,
465 534 615 589 naturalem
641 532 779 588 dominum
804 530 892 586 cario·
945 525 1042 582 lurrim
1070 523 1192 581 ecclesiae
1220 530 1321 580 senctae
1350 525 1522 582 frideswidae
1548 526 1607 598 (ιιι)
1634 525 1746 594 οοιιιις

94 639 151 679 rem
181 623 233 677 sibi
253 621 471 694 pronunciantes,
499 622 521 677 si
536 621 655 691 regalius
678 636 707 674 se
731 636 812 693 quam
827 634 892 673 cen·
945 615 1017 671 unde
1049 613 1112 669 dnm
1135 611 1198 684 ejici
1227 613 1379 685 nequirent,
1407 613 1545 681 incendio,
1569 613 1745 689 conflagrati.

92 719 218 767 sueverat
246 718 382 783 ageret,e
410 710 579 766 Normaneia
604 709 767 765 Edelredum
794 722 892 763 aecer·
946 711 1000 769 Sed
1023 727 1084 766 mox
1108 710 1182 782 regis
1203 711 1363 780 poeuitentia
1387 710 1524 768 eliminata
1546 710 1686 783 spurcitia,
1700 727 1749 768 aa·

93 806 165 857 eunt.
186 798 235 854 Ille
250 799 336 871 primo
350 799 430 855 mittit
443 799 609 855 Edwardum
625 797 720 864 lilium,
736 796 783 868 qui
810 794 892 851 fidem
945 800 1060 857 eranum
1075 807 1229 870 reparatum
1244 818 1254 867 ,·
1269 798 1324 872 legi
1339 816 1392 871 eqo
1413 799 1558 872 scriptum,
1577 800 1659 870 298
1674 800 1750 872 <l¹¹⁰d

94 889 258 961 principum,
284 887 406 943 favorum
429 888 514 961 vulgi,
530 903 654 958 praesens
681 885 867 956 specularetur
883 901 891 947 ;
946 888 975 942 in
992 891 1105 944 archivo
1120 887 1240 958 ajtisdem
1255 890 1380 944 ecclesiae
1394 891 1549 946 continetur
1569 887 1652 945 index
1666 887 1744 945 facti.

94 978 151 1050 qui,
166 976 210 1032 ubi
224 976 347 1032 omnium
360 986 420 1034 vota
434 976 461 1031 ie
475 977 575 1032 bonam
590 985 692 1045 partem
708 974 773 1030 vidit
787 989 892 1030 caere·
947 977 1024 1045 llxor
1038 976 1174 1049 sigeferdi
1189 976 1401 1033 llalmesbiriam
1417 977 1444 1032 in
1461 979 1615 1050 captionem
1631 985 1672 1034 est
1695 978 1748 1034 ad·

93 1065 206 1134 aientia,
221 1081 334 1122 secures
349 1081 399 1136 pro
415 1075 490 1136 patre
505 1065 660 1122 revertitur.
689 1065 730 1119 lta
755 1061 813 1134 (ιι)
843 1077 894 1117 rex
947 1064 1038 1134 ducta,
1054 1065 1212 1135 spectabilis
1236 1065 1384 1121 nobilitatis
1403 1066 1464 1139 (ad)
1480 1065 1593 1122 faemina
1608 1084 1617 1131 3
1632 1081 1750 1138 quapro-

93 1171 246 1227 regressus,
263 1163 289 1209 et
305 1153 374 1209 laetis
395 1154 535 1226 plausibus
563 1153 720 1226 Aeglomm
748 1151 893 1219 delenitus,
948 1160 1007 1225 pter
1029 1153 1190 1208 Edmuudua
1215 1153 1289 1226 regia
1303 1151 1384 1221 iilius,
1408 1153 1574 1211 dissimulata
1589 1154 1748 1223 ietemioue,

91 1251 122 1299 ut
140 1245 198 1314 (56)
219 1243 381 1300 familiarem
411 1244 545 1299 desidiam
565 1242 717 1299 excussisse
743 1240 892 1307 rideretur,
947 1241 977 1297 in
1004 1249 1096 1313 partes
1123 1241 1183 1297 illas
1211 1242 1263 1297 iter
1289 1242 1435 1315 arripiens,
1468 1243 1555 1300 visam
1581 1243 1748 1314 concupivit,

94 1331 240 1389 maturarit
267 1340 361 1388 contra
395 1335 545 1388 Centonem
573 1332 721 1388 exercitum
754 1329 894 1416 colligere,
947 1332 1098 1402 conrupitae
1125 1331 1343 1387 communionem
1366 1332 1461 1387 habuit
1477 1347 1485 1387 :
1500 1348 1566 1388 sane
1590 1334 1672 1404 palris
1692 1331 1750 1389 eln-

96 1424 141 1493 qui
156 1427 221 1478 tunc
236 1423 363 1493 temporis
375 1425 402 1476 in
418 1423 554 1490 lindesia,
576 1422 621 1477 ubi
637 1437 698 1477 eum
712 1421 820 1495 genitor
832 1436 894 1476 curn
947 1419 1016 1475 dena
1031 1419 1237 1487 conscientiam,
1261 1419 1308 1490 qui
1331 1421 1488 1477 domesticis
1511 1429 1540 1477 ul
1559 1421 1656 1477 alienis
1678 1430 1750 1478 emet

95 1512 200 1568 ratibus
214 1520 240 1567 et
253 1511 395 1567 obsidibus
408 1511 559 1577 dimiserat,
576 1511 676 1566 tirones
694 1519 720 1565 et
734 1524 819 1580 equos
832 1508 894 1564 exi·
947 1507 1073 1564 ridiculo.
1096 1507 1158 1563 Erat
1174 1507 1224 1565 iste
1238 1507 1400 1565 fidmundus
1420 1524 1476 1565 non
1497 1525 1530 1564 ex
1543 1509 1643 1567 limma
1657 1516 1748 1579 natus,

96 1600 193 1674 gebat,
208 1608 237 1655 ut
255 1601 355 1672 pariter
382 1601 484 1657 coactis
505 1600 609 1655 viribus
636 1600 664 1653 in
689 1599 838 1669 imparatos
866 1613 896 1651 se
909 1602 934 1664 Β
947 1596 995 1653 sed
1018 1597 1077 1666 (ιι)
1091 1612 1124 1652 ex
1138 1597 1256 1666 quadam
1277 1597 1339 1664 alia,
1364 1614 1446 1670 quam
1469 1598 1542 1654 fama
1564 1597 1682 1655 obscura
1703 1614 1750 1655 re-

97 1687 259 1752 effuederet,
283 1689 410 1761 graviter,
439 1697 467 1744 ut
478 1689 535 1760 ipse
547 1689 688 1757 dictitant,
702 1687 729 1741 ie
743 1688 896 1743 desertores
933 1683 1054 1763 'condic
1086 1684 1184 1740 Praeter
1202 1684 1268 1741 illud
1292 1686 1352 1757 (ιιι)
1366 1686 1473 1757 integer
1499 1687 1655 1755 incaeteris,
1676 1702 1750 1757 pre·

96 1776 202 1832 alturus
218 1792 225 1846 ;
240 1778 288 1833 sed
303 1777 377 1844 dolo,
394 1777 499 1847 qualem
515 1777 573 1848 ipse
587 1775 806 1839 machinabatur,
823 1790 895 1845 pm-
935 1773 1074 1842 dicandae
1094 1773 1193 1828 indolis
1216 1773 1337 1843 juvenis
1367 1775 1461 1847 magni
1483 1776 1588 1832 roboris
1610 1783 1637 1831 et
1659 1776 1750 1832 animo

94 1876 200 1932 ventus,
232 1874 308 1939 terga
323 1867 440 1922 ostendit
455 1884 462 1920 ε
478 1875 541 1921 tunc
564 1882 639 1937 egre
664 1865 794 1930 saliatus,
812 1869 839 1919 et
867 1863 897 1916 in·
949 1870 977 1917 et
995 1876 1119 1932 corpore,
1142 1870 1169 1917 et
1188 1872 1298 1934 propter
1320 1865 1373 1919 hoc
1394 1866 1430 1918 ab
1444 1864 1538 1936 singlis
1560 1864 1705 1929 heneside,
1721 1864 1751 1920 id

93 1954 176 2010 altum
192 1971 253 2010 cum
269 1954 392 2026 reliquiis
406 1963 560 2025 provectus.
578 1954 613 2008 ab
628 1956 733 2010 oriente
754 1969 839 2024 usquc
866 1952 895 2006 in
949 1959 1000 2016 ast,
1026 1952 1153 2006 Ferreum
1177 1951 1257 2016 latus,
1282 1963 1476 2021 nuncupatus;
1500 1953 1546 2025 qui
1566 1953 1649 2024 patris
1672 1955 1751 2025 igue·

94 2052 214 2100 austmm
229 2043 599 2109 mar-iliritanniaeoircuito,
624 2043 661 2098 ad
690 2042 816 2098 Sandwic
843 2057 894 2111 ap-
949 2039 1032 2104 riam,
1053 2038 1149 2093 matris
1168 2038 1364 2112 ignobilitatem
1389 2042 1486 2097 virtute
1508 2056 1558 2097 sua
1581 2043 1665 2112 proba
1684 2058 1750 2113 pre-

93 2132 172 2203 pulit.
189 2132 229 2187 lbi
245 2132 364 2186 humano
379 2140 407 2187 et
422 2132 515 2186 divine
527 2131 590 2200 jure
604 2138 770 2201 contempto,
786 2129 896 2184 obsides
949 2135 1038 2184 meret
1050 2128 1073 2182 si
1089 2128 1179 2183 Parcae
1192 2143 1308 2199 parcere
1324 2136 1444 2185 nument.
1468 2130 1526 2186 Nec
1548 2145 1633 2195 mora,
1658 2138 1751 2202 nuptu

93 2236 163 2292 quos
177 2221 301 2284 babebat,
323 2237 429 2292 magnae
444 2219 590 2275 nobilitatis
614 2228 642 2275 et
664 2219 808 2290 elegantia
832 2234 896 2288 pue·
949 2216 1065 2271 consilio
1093 2218 1248 2272 comitatum
1278 2217 1424 2291 sigeferdi,
1454 2218 1499 2288 qui
1524 2219 1596 2290 apud
1611 2220 1750 2274 Northeu·

94 2325 150 2375 ros,
179 2309 291 2363 naribus
319 2318 345 2364 et
379 2310 489 2364 auribus
527 2317 636 2364 truncos
664 2308 732 2377 (iil),
759 2306 896 2378 quosdam
949 2303 1071 2359 himbms
1095 2303 1279 2376 amplissimus
1310 2313 1378 2371 erat,
1414 2321 1431 2362 a
1459 2314 1535 2377 patre
1555 2315 1665 2377 petalum
1698 2322 1751 2366 uec

96 2397 179 2452 etiam
194 2398 308 2452 eviravit
323 2415 331 2452 :
347 2397 427 2452 sicin
456 2398 577 2452 insontes
604 2404 753 2469 grassatus,
782 2403 809 2450 ιι
835 2410 895 2448 ma·
949 2392 1132 2463 impetratum,
1161 2400 1257 2464 suapte
1284 2393 1418 2450 industria
1450 2395 1625 2462 vendicavit;
1656 2396 1749 2451 homi·

96 2501 182 2558 gnum
208 2486 273 2557 quid
301 2486 392 2558 egisse
417 2486 559 2556 gloriatus,
590 2485 648 2556 (ιιι)
668 2487 782 2555 patriam
803 2484 892 2554 petiit.
951 2480 1030 2535 nibus
1052 2481 1166 2550 ejustem
1191 2481 1340 2552 provinciae
1361 2481 1389 2537 in
1415 2482 1574 2554 obsequium
1599 2483 1753 2554 ejnsiacile

100 2577 181 2641 297
200 2575 302 2630 Eodem
313 2590 385 2629 aneo
396 2575 455 2646 (59)
465 2573 565 2628 fluctus
576 2573 703 2638 murinus,
715 2589 796 2644 quem
807 2571 895 2628 Graeci
951 2569 1121 2627 cedentibus.

98 2662 238 2730 Euripum.
269 2674 318 2714 nos
334 2659 470 2713 hedonem
499 2673 636 2723 nocemus,
666 2657 723 2728 (ιιι)
746 2657 842 2711 ιιιιιιιιιι
868 2657 897 2710 in
985 2657 1075 2730 2180.
1093 2659 1150 2730 (dil)
1165 2659 1269 2715 Eadem
1294 2667 1398 2726 ιιιιιιιι,
1421 2660 1518 2727 Caute,
1535 2662 1755 2734 compositiara·

97 2749 208 2807 modum
218 2747 349 2812 excrevit,
366 2755 494 2818 quantum
511 2745 584 2801 nulla
599 2746 737 2801 hominum
765 2745 898 2801 memoria
951 2747 1001 2803 bus
1015 2747 1042 2801 in
1058 2748 1270 2814 Dutiemarchia,
1286 2748 1491 2806 foederatecum
1505 2748 1627 2807 finitimis
1643 2752 1755 2824 regibus

97 2846 187 2911 potest
213 2838 344 2907 attingere
361 2853 367 2898 ;
389 2837 426 2889 ite
440 2844 468 2889 ut
482 2834 560 2889 villas
579 2835 646 2890 ultra
674 2835 758 2890 multa
773 2834 898 2889 milliaria
951 2835 1079 2901 amicitia,
1101 2836 1174 2892 venit
1187 2837 1323 2909 leghem,
1339 2853 1372 2894 eo
1385 2838 1476 2894 animo
1489 2847 1519 2894 ut
1532 2847 1579 2895 aut
1591 2839 1754 2897 vincendum

98 2926 294 2998 submergeret,
322 2933 349 2979 et
380 2924 547 2979 habitatores
583 2924 745 2994 interceptos
777 2931 895 2979 necaret.
912 2955 936 3019 C
952 2922 1010 2995 (ιι)
1025 2932 1071 2979 aut
1085 2925 1255 2980 moriendum
1270 2925 1322 2980 sibi
1338 2936 1511 2998 proponeret.
1527 2928 1621 2999 ltaque
1635 2944 1652 2985 a
1666 2927 1756 2985 Saud-

95 3015 154 3088 (61)
170 3013 302 3086 Sequenti
329 3029 457 3084 magnum
473 3012 618 3068 concilium
646 3020 842 3083 congregatum
858 3018 899 3066 est
955 3013 1007 3069 nic
1022 3015 1153 3080 Cantium,
1174 3013 1237 3068 inde
1252 3013 1279 3067 ie
1303 3015 1546 3071 west-Saxoniam
1562 3018 1753 3088 progrediens,

95 3104 153 3176 (ιι)
170 3104 241 3175 apud
252 3101 455 3158 Ouenefordum
469 3102 606 3156 Danomm
620 3108 648 3155 ct
661 3101 811 3173 nogionem
828 3119 836 3168 ς
852 3100 899 3155 ubi
955 3100 1048 3158 ornnia
1070 3101 1191 3157 eaedbus
1216 3100 1407 3175 incendiisque
1433 3103 1576 3175 foedabal3
1604 3121 1667 3170 mee
1682 3104 1754 3178 apud

98 3192 341 3250 rennobilissimus
357 3192 501 3256 lianomm,
519 3194 574 3260 (63)
591 3190 763 3262 Sigetenlum
778 3197 805 3245 et
825 3190 898 3245 lior·
954 3189 1070 3245 Cosbam
1091 3190 1187 3246 morbo
1214 3190 1403 3246 decumbente.
1428 3193 1552 3248 Tentarii
1572 3193 1681 3264 quidem
1696 3195 1755 3251 lid·

98 3278 445 3349 carduminterfieijussit,
472 3279 610 3334 delatione
639 3279 783 3349 proditoris
811 3278 900 3335 lidrici
955 3279 1072 3334 mundus
1086 3294 1214 3335 ocurrere
1230 3297 1237 3343 3
1252 3279 1305 3335 sed
1326 3280 1360 3334 ab
1388 3280 1487 3336 lidrico
1514 3283 1756 3354 prepeditnsce·

99 3369 223 3442 perfidiae
235 3369 307 3439 apud
321 3385 349 3423 sa
373 3368 554 3422 insimulatos.
576 3367 686 3433 lsillos,
704 3367 899 3423 favorabilibus
953 3366 1014 3437 pias
1033 3367 1287 3424 interimtutoloco
1310 3369 1452 3425 continuit.
1481 3372 1562 3440 299
1586 3374 1620 3426 tt
1642 3371 1756 3429 Edncus

99 3457 325 3515 assentationibus
343 3455 481 3527 deceptos,
497 3456 524 3510 in
540 3456 685 3510 triclinium
701 3456 820 3526 pellexit,
837 3455 899 3514 ιιι·
954 3472 1013 3512 non
1036 3457 1107 3511 ultra
1129 3456 1349 3513 dissimulandum
1379 3465 1461 3523 ratus,
1492 3460 1558 3532 quin
1584 3469 1662 3518 artes
1689 3477 1756 3519 sues

98 3551 222 3620 gitarqee
239 3554 347 3617 potatos
361 3548 419 3614 ιιι)
442 3544 603 3600 satellitibus
619 3545 651 3599 ad
676 3546 728 3602 hoc
743 3544 901 3616 praeparatis
955 3552 1046 3615 aperta
1070 3544 1158 3600 fronte
1176 3546 1302 3615 nudaret,
1330 3546 1366 3602 ad
1393 3548 1543 3604 Centonem
1558 3564 1619 3605 cum
1635 3551 1756 3621 quadra·

98 3639 190 3694 anima
204 3637 278 3691 exuit
299 3650 404 3690 :causa
420 3634 500 3690 celis
516 3634 652 3689 ferebatur
679 3633 752 3706 quod
777 3633 804 3688 ia
829 3633 901 3689 bona
954 3633 1031 3703 ginta
1045 3633 1159 3690 naribus
1181 3633 1303 3691 defecit:
1327 3635 1417 3692 omnis
1438 3652 1546 3709 quoque
1574 3641 1631 3710 (ιι)
1661 3639 1756 3695 West·

135 3840 193 3907 (ιιι)
218 3841 277 3895 fiee
302 3853 458 3909 repressus.
478 3838 508 3892 li.
526 3836 693 3892 Nermaneia
708 3852 846 3909 regressus
860 3845 902 3893 est
954 3837 1026 3893 littus
1047 3836 1188 3909 egreditur
1209 3839 1286 3895 tertio
1306 3837 1370 3897 nat.
1396 3839 1530 3907 Octobris,
1553 3848 1580 3896 ιι
1604 3841 1632 3897 in
1658 3843 1757 3917 Aegiis

99 3913 269 3966 AEtnclredus
284 3927 310 3965 a.
328 3911 359 3963 1).
381 3913 457 3963 toll.
488 3911 611 3963 Editores
622 3911 685 3965 llec.
701 3910 748 3964 dra
764 3911 900 3965 llisteires
954 3909 1253 3978 villasqeamplurimas
1277 3912 1560 3984 innumerabilemque
1575 3915 1668 3987 populi
1682 3917 1757 3972 mul-

99 3983 133 4038 de
150 3984 177 4037 iu
193 3985 298 4037 Fruere
320 3981 498 4049 quorumdem
523 3981 789 4051 chronographorum
805 3991 901 4036 aucto·
954 3981 1109 4046 titudinem,
1125 3981 1280 4036 submersit.
1298 4006 1309 4029 ι
1327 3983 1424 4050 (Face.
1444 3985 1591 4054 Wrsomr.)

100 4052 181 4108 ritate
198 4053 252 4107 nixi
274 4052 382 4122 Sireyni
407 4049 508 4105 obitum
537 4067 589 4105 nec
618 4065 671 4105 eoe
701 4059 727 4105 et
754 4050 902 4107 AEthelredi
989 4051 1049 4121 (61)
1068 4052 1213 4124 Sequenti,
1225 4067 1249 4106 a.
1266 4067 1336 4108 ce.
1356 4054 1374 4109 ι.
1392 4055 1526 4126 Sequenti
1547 4072 1634 4122 neno,
1650 4056 1680 4113 d.
1699 4073 1754 4130 m.‚

99 4140 257 4195 regressum
276 4124 301 4175 in
319 4122 442 4189 Angliam
458 4136 529 4175 aneo
544 4120 766 4177 l015ascribunt.
954 4121 992 4179 Se
1012 4124 1202 4178 sentientem
1217 4138 1304 4190 enno,
1324 4140 1350 4179 s.

135 4199 194 4264 the)
211 4195 392 4250 familiarem
408 4194 543 4248 desidium
564 4194 723 4248 excussisse
746 4194 899 4262 videretur,
990 4140 1049 4263 flii)
1064 4192 1152 4265 Apud
1171 4193 1392 4264 oxenefordam.
1414 4195 1552 4269 liugnam,
1574 4196 1692 4265 demet,
1709 4214 1758 4256 seu

102 4267 200 4336 l'ideg
218 4269 276 4326 ιιι,
297 4289 307 4313 a
326 4266 424 4334 quippe
440 4266 521 4319 frome
539 4264 644 4319 inertiae
658 4264 776 4330 deditus,
796 4285 807 4315 ι
823 4277 879 4322 ιιι..
958 4262 1107 4321 concilium
1123 4263 1222 4319 Oroeii
1237 4265 1359 4322 habitum
1374 4275 1415 4322 est
1430 4284 1478 4323 an.
1498 4269 1578 4324 tots.

138 4340 194 4408 (ιι)
212 4339 332 4391 linricus
348 4352 372 4391 c.
390 4337 417 4388 d.
434 4352 458 4388 e.
475 4334 493 4387 l.
511 4338 667 4397 truncates.
686 4352 710 4389 e.
722 4352 744 4388 s.
917 4315 943 4377 D
995 4336 1050 4403 (63)
1073 4335 1251 4407 sigeferdum
1274 4342 1302 4392 et
1323 4338 1593 4396 narrandumne.
1620 4356 1646 4396 c.
1670 4358 1695 4398 e.
1724 4343 1758 4412 1.,

137 4410 195 4477 (ιιι)
215 4407 346 4462 Patriam
359 4408 458 4478 petiit.
479 4409 580 4461 Cnutus
600 4407 713 4460 llaniam
729 4405 897 4476 repetiitan.
956 4407 1046 4462 omitt.
1065 4405 1094 4460 in
1120 4405 1147 4459 d.
1169 4422 1209 4461 m.
1237 4408 1346 4463 -Filii
1374 4420 1452 4464 erant
1470 4409 1624 4485 Earngrim.
1655 4412 1754 4475 (Fron.

101 4481 182 4534 tort.
200 4479 266 4532 l'ide
282 4478 397 4532 Floreet.
415 4477 540 4545 Wigore.
553 4484 580 4532 el
594 4476 658 4531 Sex.
676 4477 796 4551 Chroe.)
862 4482 874 4494 “
957 4475 1110 4545 leenra.)

138 4550 196 4617 (59)
212 4551 329 4605 fluctus
348 4550 489 4611 uterinus,
507 4557 560 4602 etc.
581 4548 711 4620 Euripus,
727 4554 809 4602 maris
823 4555 904 4603 aestns
991 4547 1050 4621 (ιι)
1064 4547 1245 4620 forqiferqate
1257 4553 1379 4623 potatos.
1395 4566 1421 4606 a.
1438 4566 1460 4607 s.
1476 4566 1501 4608 c.
1516 4551 1545 4607 d.
1560 4568 1576 4609 e
1589 4558 1619 4613 ι.
1638 4554 1669 4625 1.,
1681 4556 1761 4613 omitt

101 4637 160 4676 esse
176 4620 202 4674 in
217 4637 319 4692 genere
347 4619 455 4673 ridetur
471 4637 477 4682 ;
495 4619 556 4675 ledo
571 4633 636 4674 vero
651 4620 739 4672 minor
758 4628 838 4674 aestus
850 4635 904 4675 non
959 4619 987 4673 in
1002 4636 1029 4675 e.

102 4707 219 4754 vernus,
247 4700 274 4744 ut
302 4692 346 4745 hic
369 4690 619 4744 llelmesbmiensis
648 4690 758 4744 indicat.
786 4691 903 4755 ιιιιιιια,
993 4691 1049 4757 (65)
1065 4690 1248 4748 Frideswidoe.
1265 4706 1291 4746 a.
1307 4707 1331 4748 c.
1348 4691 1375 4748 ιι.
1395 4708 1421 4749 c.
1437 4691 1469 4764 1.,
1496 4694 1674 4753 f'rideawidoe
1688 4699 1760 4757 Oeo-

101 4779 201 4818 vcreus
216 4771 300 4817 astus
315 4770 354 4816 est
382 4761 524 4825 Heredem,
543 4760 588 4813 ubi
605 4760 782 4814 lindisfarne
796 4769 904 4832 etymo·
959 4763 1028 4817 nice.
1049 4777 1074 4816 s.

102 4831 204 4905 logiam
228 4833 351 4902 explicat
371 4834 430 4886 hnc
452 4832 568 4886 scribit:
587 4831 706 4885 alludis
730 4831 827 4885 dicitur
851 4831 904 4886 ssu·
993 4830 1052 4901 (66)
1069 4833 1239 4890 debilitatis.
1265 4849 1291 4889 e.
1321 4850 1345 4889 c.
1373 4834 1401 4890 d.
1430 4851 1454 4892 e.
1484 4835 1516 4907 l.‚
1543 4838 1704 4898 nobilitatis
1731 4846 1760 4900 et

101 4921 165 4959 mee
187 4906 259 4974 equod
286 4902 403 4959 excurrit
421 4903 447 4955 in
464 4918 548 4967 mure,
573 4903 688 4956 duorum
704 4901 804 4970 pedum
818 4901 906 4957 altitu·
959 4904 1070 4975 forme,
1086 4921 1111 4959 s.

101 4976 193 5030 dinem
220 4975 323 5029 habens
347 4978 455 5046 errando
479 4974 549 5029 Lede
572 4973 664 5042 luerit,
690 4972 717 5025 id
741 4979 791 5040 est,
817 4975 907 5029 minor
995 4970 1052 5046 (ιι)
1066 4975 1244 5049 Eeqaednm
1271 4976 1341 5033 otio.
1365 4974 1465 5034 usserit
1481 4976 1631 5038 florentius
1647 4989 1760 5039 matrem

102 5054 181 5108 aetes,
196 5053 223 5101 et
237 5046 323 5100 videri
340 5053 451 5117 potest;
473 5043 581 5115 quando
606 5059 672 5098 rere
694 5044 799 5099 lleline
814 5044 905 5112 fuerit,
962 5045 1127 5114 Eadmundi,
1152 5047 1288 5116 irenside,
1304 5063 1353 5104 seu
1373 5048 1506 5105 Ferreum
1522 5051 1609 5108 letae
1623 5054 1762 5125 cognomi-

102 5118 129 5172 id
161 5124 210 5182 cst,
236 5119 323 5186 major
337 5126 419 5172 aestus
434 5117 526 5182 maris,
544 5122 608 5171 tnnc
631 5117 725 5185 nequit
748 5115 840 5170 hindis
862 5115 906 5171 ai·
961 5116 1029 5181 nati,
1060 5116 1142 5174 fuisse
1170 5118 1202 5173 ΑΙ
1224 5118 1308 5183 iram.
1335 5118 1495 5201 AEgilbertbi
1529 5123 1636 5178 comitis
1665 5120 1758 5193 filiam,

103 5189 171 5244 deri.
193 5211 203 5236 ·
960 5186 1085 5242 Ailredus
1099 5198 1190 5244 autem
1240 5187 1393 5247 ieralleusrs
1408 5188 1492 5247 filium
1507 5206 1568 5248 esse
1581 5192 1647 5250 dicit
1658 5194 1760 5267 forcti,

139 5261 197 5328 (60)
215 5260 312 5315 iliram
323 5259 353 5314 ie
369 5257 482 5313 medum
493 5258 629 5313 excreuit.
642 5282 652 5305 ι
664 5257 722 5311 Ηοι
735 5256 904 5328 ιιιιιο(ιιιιι)
961 5256 1063 5313 nobilis
1075 5259 1194 5314 comitis.

104 5331 130 5385 in
148 5332 240 5402 vigilie
256 5331 314 5385 festi
330 5331 357 5386 S.
384 5330 522 5385 Michaelis
544 5330 604 5395 (ιιιδ
631 5328 721 5401 Sept.)
734 5344 849 5402 magnes
862 5344 908 5383 ιι-
997 5328 1054 5399 (68)
1070 5329 1156 5385 ιιιιιιι.
1174 5345 1199 5385 ι.
1215 5330 1246 5385 d.
1266 5344 1308 5394 e..
1321 5329 1415 5390 etad.
1429 5347 1454 5387 a.
1470 5349 1495 5389 s.
1511 5333 1533 5389 1.

109 5401 149 5456 nit
163 5403 243 5456 maris
266 5410 347 5456 aestus
371 5403 416 5472 qni
441 5402 492 5454 late
515 5400 540 5453 ιιι
556 5401 623 5455 hanc
637 5400 778 5471 regionem
794 5397 907 5466 effusus,
999 5403 1054 5468 (ιι)
1066 5400 1168 5455 Eodem
1175 5405 1275 5457 estote
1286 5401 1410 5458 Gnate...
1420 5404 1648 5477 vcettlnpttam.
1659 5408 1762 5467 Cautus

107 5482 162 5528 tam
191 5474 244 5527 alte
271 5472 401 5537 ascendit,
431 5471 503 5541 quod
532 5486 677 5542 numquam
710 5471 855 5537 acciderat,
879 5476 909 5525 ut
965 5473 1003 5525 ιιι
1026 5471 1366 5542 liamadiitmeeselan.,
1384 5489 1414 5530 a.
1434 5473 1470 5540 D.
1497 5479 1580 5532 tote.

107 5543 242 5616 plurimas
282 5544 404 5600 ciuitates
446 5541 731 5614 innumerabilemque
769 5542 908 5598 hominum
1000 5487 1058 5687 δι(
1070 5545 1130 5598 Aut
1145 5541 1326 5600 ofrtcendum.
1338 5559 1364 5600 a.
1380 5560 1406 5602 c.
1422 5544 1450 5602 d.
1464 5561 1490 5602 e.
1504 5544 1527 5604 l.
1546 5547 1706 5610 smithius.

107 5615 307 5676 multitudinem
324 5615 522 5690 submergeret.
536 5611 800 5688 ulsiaconmtree.)
813 5636 824 5662 ι
836 5614 909 5671 blare
1000 5613 1040 5685 (ιι
1073 5612 1195 5691 Quoque.
1215 5628 1244 5672 a.
1264 5629 1288 5671 s.
1303 5614 1332 5674 d.
1348 5630 1375 5674 e.
1388 5617 1407 5673 l.
1424 5630 1433 5689 ;
1455 5618 1567 5694 quippe,
1582 5635 1607 5679 c.
