3750 6000
86 190 140 252 385

685 199 860 257 EPISTOLAE
879 201 925 257 ET
944 203 1141 267 pertrahent

1683 222 1734 296 aar

83 320 178 378 dilecti
193 320 219 377 in
235 321 351 378 Domino
366 320 425 392 tilii,
440 322 539 379 reatris
563 321 738 395 petitionibus
753 320 882 393 benigni·
897 321 923 381 Α
939 317 1072 389 sanguine
1086 319 1134 374 Dei
1153 335 1187 377 ac
1209 321 1317 376 Domini
1342 322 1532 395 Redemptoris
1554 330 1639 385 nostri
1664 318 1729 387 Jesu

84 413 139 460 tate
153 405 245 461 debita
269 405 440 478 impertimur
461 423 614 475 assensum,
639 414 666 461 et
690 413 883 462 sacrosanctas

83 494 218 551 ecelesias
243 495 384 551 beatorum
424 503 570 567 martyrum
598 496 711 551 loannis
739 502 766 549 et
796 491 881 556 Pauli,

82 582 177 639 Sancti
192 583 300 638 llartini
315 585 383 654 (82),
396 583 487 640 Sancti
503 583 637 655 Stephani
653 581 762 652 Maioris
777 590 804 637 et
815 581 882 635 San-

81 673 117 728 eti
144 672 280 744 Stephani
309 672 430 740 ttinorts,
464 672 562 728 restris
588 672 683 727 usibus
711 687 744 727 ac
772 678 880 725 susten-

81 761 233 816 tationibus
246 760 404 826 destinatas,
422 761 562 832 praesentis
578 761 671 833 scripti
685 760 785 833 pagina
800 773 880 815 com·

80 850 219 904 munimus
235 867 242 912 ;
259 856 410 904 statuentes
425 854 464 917 ιιι,
481 866 657 922 quascunque
679 848 878 919 possessiones,

79 953 253 1012 quaecunque
263 938 337 993 bona
348 937 453 994 eisdem
463 938 662 994 uenerabilibus
673 936 739 993 locis
749 937 879 993 canonice

78 1027 228 1098 pertinent,
245 1034 291 1082 aut
305 1025 333 1081 in
357 1026 488 1094 futurum,
508 1026 687 1083 concessione
710 1023 877 1098 pontificum,

73 1114 243 1171 liberalitate
259 1130 357 1187 regum
368 1115 410 1171 rel
425 1115 589 1186 principum,
601 1113 876 1175 oblationefidelium,

74 1206 118 1261 vel
132 1206 197 1262 aliis
210 1206 294 1277 justis
309 1207 409 1273 modis,
418 1210 477 1264 Deo
489 1208 607 1279 propitio
616 1207 740 1279 poteritis
749 1206 875 1277 adipisci,

74 1290 154 1346 lirms
171 1291 250 1347 robis
262 1291 288 1345 in
304 1300 466 1363 perpetuum
482 1299 508 1348 et
523 1291 626 1346 illibata
642 1300 832 1362 permaneant,
849 1290 876 1344 iu

74 1379 180 1450 quibus
193 1381 253 1435 haec
272 1380 432 1435 nominatim
456 1380 583 1435 duximus
598 1378 775 1451 exprimenda
792 1395 798 1434 :
815 1395 875 1435 me-

74 1471 208 1528 dietatem
222 1472 349 1528 videlicet
362 1473 528 1529 oblationum
544 1472 650 1543 (83-81)
665 1472 876 1528 altarisSanctae

74 1555 177 1622 uarie,
194 1564 221 1611 et
236 1556 356 1611 omnium
372 1557 588 1628 possessionum,
606 1566 631 1611 et
647 1556 790 1623 bonorum,
807 1570 874 1612 nec·

937 405 1035 459 Christi
1054 407 1157 462 alienus
1173 407 1228 476 dat,
1245 418 1327 483 atque
1348 411 1375 466 in
1401 421 1521 470 extremo
1546 419 1669 475 examine
1685 422 1730 477 di·

936 493 1038 549 strictae
1054 496 1145 551 ultioni
1161 498 1308 563 subjaceat.
1327 500 1438 556 Cunctis
1454 511 1548 559 antem
1566 505 1653 561 eidem
1670 509 1731 567 loeo

936 583 1245 650 suajnraserrantihus
1274 588 1309 642 sit
1337 605 1387 659 pax
1416 590 1524 646 Domini
1553 596 1637 649 nostri
1664 595 1731 655 Jesu

936 669 1044 736 Christi,
1061 681 1195 743 quatenus
1210 683 1235 729 et
1251 676 1294 731 hie
1310 676 1425 732 lructnm
1440 679 1519 736 bonae
1533 683 1647 739 aetionis
1663 703 1730 756 per-

934 757 1045 828 cipiant,
1057 770 1083 815 st
1098 762 1170 832 opud
1185 763 1334 819 districtum
1347 765 1470 834 judicem
1492 771 1605 839 praemia
1620 783 1729 831 aeternae

934 848 1010 917 pacis
1023 848 1171 905 inveniant.
1189 855 1285 920 Amen,
1301 869 1391 920 nmen,
1407 872 1496 913 arnan.

968 935 1027 1007 Ego
1043 939 1215 994 Innocentius
1230 941 1378 999 Catholicae
1390 945 1523 1002 sceleste
1533 948 1678 1022 episcopus
1689 971 1726 1010 ss.

969 1024 1027 1096 Ego
1038 1025 1178 1083 Conradus
1194 1027 1353 1086 Sabinensis
1367 1033 1513 1105 episeopus
1528 1053 1566 1092 ss.

968 1114 1027 1184 Ego
1041 1114 1131 1170 Guido
1145 1118 1312 1187 tyburtinus
1328 1121 1475 1193 episcopus
1491 1141 1529 1180 ss.

964 1201 1026 1273 Ego
1041 1202 1182 1260 Gerardus
1197 1208 1340 1279 presbyter
1354 1211 1500 1268 cardinalis
1528 1215 1604 1273 titulo
1620 1218 1724 1278 Sancta

930 1289 1025 1346 Crucis
1041 1292 1067 1346 iu
1082 1291 1241 1365 Jerusalem,
1259 1312 1299 1351 ss.

964 1379 1024 1450 Ego
1039 1380 1185 1437 anselmus
1207 1384 1336 1456 presbyt.
1362 1387 1509 1446 cardinalis
1532 1392 1607 1450 titulo
1634 1396 1726 1467 Sancti

930 1465 1067 1522 Laurentii
1082 1469 1109 1522 in
1125 1470 1225 1526 anina
1241 1489 1279 1527 ss.

963 1555 1023 1628 Ego
1039 1556 1202 1614 Lictilredus
1216 1562 1341 1633 presbyt.
1361 1565 1509 1623 cardinalis
1529 1569 1569 1624 tit.
1599 1571 1724 1632 Vestina

73 1660 128 1704 nou
144 1645 228 1700 etiam
243 1645 416 1715 pensionum,
427 1654 454 1701 et
463 1646 606 1700 domorum
617 1644 738 1714 ejusdem
751 1643 874 1700 ecclesiae
888 1673 915 1734 Β
929 1639 969 1714 [ιιι
983 1648 1036 1709 est,
1053 1644 1082 1700 S.
1098 1644 1201 1720 Vitatis]
1213 1664 1251 1703 ss.

74 1732 186 1789 Sanctae
200 1733 334 1789 llariaein
359 1734 436 1788 Turri
461 1734 678 1805 pertinentium;
703 1733 874 1789 medietatem
963 1732 1125 1804 Egohucas
1152 1736 1294 1808 presbyter
1322 1740 1469 1798 cardinalis
1492 1745 1533 1800 tit.
1559 1748 1722 1811 Sanctorum

74 1837 184 1894 quoque
204 1822 369 1878 oblationum
385 1822 480 1878 altaris
495 1823 589 1879 Sancti
613 1821 741 1895 Gregorii
764 1824 829 1892 (85),
848 1831 875 1879 et

74 1915 199 1970 omnium
214 1930 309 1971 eorum
321 1932 384 1986 quae
397 1916 433 1970 ad
448 1916 536 1986 ipsum
552 1916 692 1986 pertinent
708 1933 716 1982 3
739 1916 873 1971 medieta-

73 2014 127 2062 tem
142 2007 258 2080 insuper
269 2007 435 2063 oblationum
451 2008 575 2064 ecelesiae
590 2007 685 2063 Sancti
695 2007 873 2078 loannisl86)

927 1820 1040 1876 toannts
1059 1830 1086 1878 et
1101 1823 1177 1878 Pauli
1191 1841 1228 1878 ss.

947 1909 1023 2050 hEgo
1037 1912 1171 1966 Martinus
1184 1914 1305 1986 presbyt.
1321 1916 1467 1976 cardinalis
1490 1921 1531 1979 tit.
1552 1923 1644 1983 Sancti
1659 1929 1723 1986 Ste-

927 2012 945 2067 p
966 2012 1011 2051 ant
1026 2015 1065 2054 ss.

73 2110 99 2157 et
113 2117 215 2157 eorum
229 2101 350 2157 omnium
364 2117 426 2173 quae
439 2100 473 2154 ad
491 2101 578 2172 ipsam
593 2102 727 2172 pertinent
743 2115 750 2170 ;
766 2101 873 2158 medie·
964 2083 1024 2156 ¹38⁰
1040 2087 1167 2145 Stultius
1192 2091 1285 2161 Psfflb·
1308 2093 1454 2152 Wdisslliss
1475 2098 1515 2156 ιιι·
1539 2100 1644 2160 5θῦοΏ
1668 2107 1723 2177 58,-

73 2198 153 2246 tatem
170 2190 339 2246 oblationum
353 2189 479 2246 ecolesiae
494 2190 602 2246 Sancte
613 2189 836 2261 Petronillaelssl)
846 2199 874 2247 et
927 2173 998 2230 ΝΜ
1013 2191 1051 2229 ⁸⁸·

73 2294 171 2334 eorum
186 2278 310 2335 omnium
325 2295 386 2350 quae
400 2278 436 2335 ad
459 2279 547 2351 ipsum
566 2281 714 2349 pertinent.
741 2279 872 2335 Decerne.
961 2262 1022 2334 ligo
1037 2262 1187 2336 Gregorius
1202 2266 1309 2324 diacon.
1325 2270 1471 2330 cardinahs
1482 2275 1643 2336 Sanctorum
1659 2283 1722 2340 Ser·

73 2379 134 2418 mus
148 2378 218 2435 ergo
233 2372 261 2419 ut
275 2363 343 2418 nulli
356 2364 470 2418 omnino
492 2362 574 2419 liceat
597 2361 724 2433 praelatas
741 2363 873 2420 ecclesias
926 2350 964 2422 ιιι
978 2358 1004 2406 ei
1018 2351 1121 2408 Bacchi<
1131 2356 1190 2424 (⁸8)
1204 2371 1243 2410 ⁸³·

73 2467 158 2522 supe,-
172 2452 228 2517 hig,
243 2460 289 2507 ω(
311 2451 373 2506 31th
393 2459 494 2507 lewe
519 2451 692 2521 pel-turbare,
707 2460 753 2506 aur
778 2467 872 2508 earum
961 2439 1021 2510 Ego
1036 2440 1115 2496 Oddo
1128 2442 1259 2499 diaeonus
1274 2445 1420 2503 cardinalis
1433 2449 1523 2508 Sancti
1538 2454 1651 2529 Georgii
1674 2476 1715 2516 ss.

73 2541 254 2611 possesiones
269 2538 387 2605 auterre,
405 2539 448 2594 vel
468 2539 572 2594 ablatas
593 2538 721 2606 retinere,
738 2540 871 2609 minuere,

74 2629 116 2684 rel
132 2628 287 2685 temerariis
302 2628 493 2685 vexationibus
516 2627 640 2699 fatigare,
657 2629 705 2685 sed
720 2629 812 2685 omnia
827 2629 871 2684 in-

71 2725 151 2790 tegra
180 2724 389 2783 conserventur,
417 2716 553 2787 perpetuis
576 2716 674 2772 tuturis
702 2717 871 2788 temporibus

72 2804 173 2859 vestris
186 2803 281 2858 usibus
309 2801 473 2858 omnimodis
493 2800 647 2872 profutura.
665 2801 694 2856 Si
718 2803 781 2872 quis
804 2818 871 2858 sane

70 2892 134 2948 huic
147 2899 253 2948 nostrae
276 2888 461 2947 constitutioni
485 2904 552 2943 ausu
567 2887 713 2944 temerario
735 2890 870 2944 contraire

70 2980 288 3054 praesumpserit,
304 2979 428 3036 secundo
442 2977 554 3033 tertiove
569 2977 762 3046 commonitus,
778 2979 802 3032 si
816 2993 869 3034 non

69 3069 316 3143 presumptionem
331 3082 408 3124 suam
424 3081 548 3137 congrua
568 3065 758 3121 emendatione
772 3082 869 3123 corre-

67 3162 145 3226 xerit,
178 3157 323 3231 potestatis
350 3155 518 3226 honorisque
542 3153 584 3209 sui
605 3154 735 3226 dignitate
764 3163 866 3223 eareat,

67 3263 200 3321 reumque
224 3263 255 3302 se
280 3246 372 3302 divino
398 3243 501 3315 judicio
524 3243 643 3298 existere
658 3245 692 3298 de
711 3251 869 3315 perpetrata

64 3334 211 3407 iniquitate
234 3337 394 3403 cognoscat,
414 3335 440 3383 et
462 3325 683 3383 asseratissimo
701 3341 817 3398 corpore
840 3332 867 3384 et

99 3460 159 3530 (82)
176 3455 301 3513 Ecclesia
318 3455 346 3510 S.
364 3451 468 3508 llartiui
482 3450 530 3506 tuit
552 3451 578 3506 in
603 3450 726 3520 ejusdem
748 3451 866 3508 nominis

63 3529 248 3587 monasterio.

98 3602 215 3671 iss-st)
232 3596 371 3654 vaticanae
385 3593 505 3649 basiliam
519 3592 671 3659 ministros,
682 3609 733 3664 per
744 3594 865 3649 anacleti

80 3668 312 3744 sendopontilieis
329 3665 459 3721 saevitiem
474 3680 506 3719 ac
527 3664 701 3734 rapacitatem
722 3664 779 3735 (bic
794 3680 863 3736 opu-

61 3690 252 3801 fentissimum
268 3736 392 3794 Vaticani
420 3735 514 3805 templi
540 3737 700 3789 thesaurum
722 3736 861 3805 expilavit,

60 3826 87 3871 ut
104 3817 201 3871 ridere
217 3820 257 3866 est
271 3809 344 3880 apud
359 3808 505 3862 Beronium
520 3807 553 3859 ad
568 3821 667 3860 annum
681 3809 864 3877 ttitotquam-

60 3888 137 3959 plura
151 3899 263 3957 passos,
279 3879 467 3936 Innocentium
483 3878 506 3932 ll
519 3878 572 3932 boc
586 3876 729 3947 privilegio
744 3882 861 3932 solatum

60 3959 147 4014 luisse
162 3972 171 4025 ;
187 3954 302 4024 conjicit
314 3952 348 4008 v.
360 3950 398 4006 cl.
417 3951 489 4004 Petr.
505 3949 624 4013 Meroth,
634 3957 703 4017 part.
715 3947 859 4011 r,hucubr.

59 4030 93 4087 de
110 4028 240 4084 Preshvt.
256 4031 322 4080 sect.
332 4018 385 4094 ξιξ
402 4018 859 4075 t.rorroeumdem1nnoeenttunr

59 4103 93 4158 de
109 4102 143 4158 S.
165 4084 239 4153 Peiri
254 4095 366 4149 basilica
389 4091 491 4162 optime
515 4091 639 4145 meritum
659 4090 860 4145 commendarit

94 4181 121 4226 st
150 4171 224 4224 Petr.
244 4166 365 4220 uallium
388 4164 524 4218 Romanus
548 4176 658 4227 canon„
681 4160 746 4215 dum
773 4160 859 4230 ipsius

109 4243 184 4299 ilieaa
197 4235 375 4307 descriptioni
393 4235 433 4287 tit.
458 4235 503 4297 at,
528 4233 599 4305 grati
622 4246 690 4302 erga
717 4247 857 4285 summurn

57 4313 220 4387 pontificem
234 4307 317 4363 animi
333 4310 538 4359 monumentum
557 4302 599 4356 bis
615 4302 705 4357 verbis
719 4301 831 4356 intexuit
849 4317 855 4356 :

961 2528 1021 2600 Ego
1035 2527 1124 2585 Guido
1137 2530 1246 2588 diacon.
1262 2535 1366 2592 cardin.
1390 2536 1554 2598 Sanctorum
1573 2544 1681 2604 Cosmae
1694 2559 1721 2606 et

924 2615 1053 2672 Damiaui
1067 2634 1109 2672 ss.

960 2705 1021 2778 Ego
1037 2707 1127 2763 Guido
1141 2707 1252 2764 diacon.
1269 2712 1373 2768 cardin.
1388 2714 1481 2770 Sancti
1496 2719 1608 2778 Adriani
1623 2741 1662 2782 as.

924 2796 1021 2940 dligo
1036 2797 1143 2851 Boetius
1157 2796 1226 2853 diuo.
1252 2800 1330 2856 card.
1358 2801 1519 2863 Sanctorum
1546 2812 1597 2866 titi
1616 2822 1644 2870 et
1659 2817 1721 2874 llo·

944 2893 995 2939 cstt
1009 2899 1048 2938 ss.

959 2973 1019 3042 Ego
1034 2971 1172 3027 Huhuldus
1186 2972 1256 3030 diae.
1273 2977 1349 3031 eard.
1366 2979 1470 3037 Sancte
1484 2985 1578 3043 llariae
1592 3005 1630 3046 ss.

959 3061 1019 3130 Ego
1048 3059 1217 3134 Grisogonus
1246 3063 1319 3119 diso.
1349 3068 1422 3124 eard.
1452 3070 1558 3131 Sauotae
1584 3079 1676 3138 itariae
1690 3084 1719 3139 in

924 3148 1030 3203 Portieu
1046 3165 1084 3203 ss.

958 3237 1017 3308 Ego
1037 3237 1097 3292 GG.
1113 3239 1170 3307 (89)
1183 3238 1253 3295 diae·
1273 3241 1347 3297 card.
1365 3242 1456 3301 Sancti
1476 3250 1572 3321 augeli
1588 3271 1629 3310 ss.

958 3325 1055 3380 Datum
1070 3326 1197 3382 Laterani
1225 3344 1275 3400 per
1303 3347 1414 3388 manum
1437 3335 1575 3408 atmerici,
1605 3345 1633 3400 S.
1659 3349 1717 3406 110.

920 3446 1119 3528 Leolll,teste
1149 3449 1207 3530 ejps
1237 3450 1397 3526 biographo,
1428 3471 1542 3532 argento
1569 3468 1717 3537 purissimo

919 3516 1051 3573 deaurato
1062 3527 1214 3574 investivit.

935 3659 940 3669 ι
954 3589 1011 3660 (88)
1027 3588 1182 3646 Oratorium
1197 3593 1229 3646 S.
1243 3593 1357 3650 loannis
1367 3599 1400 3653 ad
1412 3600 1549 3660 bor-alem
1559 3611 1657 3666 veteris
1667 3614 1715 3672 ba-

917 3659 1002 3716 srltcae
1013 3670 1121 3739 'partem
1136 3662 1298 3718 collocatum
1316 3670 1427 3725 exhibet
1446 3674 1595 3745 dipharani
1613 3685 1669 3739 tah.
1686 3695 1717 3742 n·

917 3733 961 3785 30.
980 3731 1053 3785 lllrns
1068 3733 1190 3786 meminit
1209 3737 1357 3792 eanonicus
1382 3740 1518 3799 Romanus
1545 3750 1582 3804 tit.
1607 3755 1637 3808 at
1668 3760 1714 3830 qni

917 3810 941 3856 et
958 3801 1107 3856 titulumBl
1123 3802 1245 3857 inscribit
1263 3824 1268 3858 ι
1288 3809 1459 3867 deecclesia
1480 3817 1580 3875 Sancti
1593 3797 1713 3885 tonino

915 3872 951 3926 ad
965 3876 1078 3927 Fontes.
1098 3874 1279 3942 Symmachus
1295 3893 1374 3946 papa,
1391 3882 1417 3934 in
1434 3884 1462 3938 S.
1482 3887 1552 3943 l‘etri
1574 3891 1712 3954 basilicam

915 3940 1190 4022 munificentissimus,
1220 3944 1282 3999 lecit
1310 3953 1429 4005 oratoria
1459 3955 1512 4011 duo
1539 3960 1568 4014 S.
1597 3966 1712 4025 loannis

914 4013 1042 4082 Baptistae
1071 4023 1097 4069 et
1129 4015 1157 4070 S.
1186 4016 1299 4070 loannis
1327 4020 1521 4093 Evangelistae,
1544 4032 1570 4084 in
1614 4053 1710 4096 norum

912 4085 1085 4140 consessione
1100 4101 1180 4138 arcus
1194 4096 1340 4157 argenteos
1355 4100 1381 4144 et
1396 4093 1521 4151 cubicula
1533 4117 1620 4169 posuit
1631 4125 1697 4172 pens

913 4155 959 4209 lib.
974 4157 1094 4279 isigima'
1113 4155 1201 4210 Verba
1217 4168 1280 4212 sunt
1293 4159 1369 4214 libri
1392 4165 1554 4233 pontiticalis
1581 4174 1608 4227 in
1624 4153 1707 4249 8me

911 4240 973 4281 mac
993 4242 1020 4281 o.

946 4298 1001 4367 (8”1)
1018 4297 1196 4367 splendidum
1213 4314 1278 4354 sane
1294 4300 1421 4370 ternplum
1437 4320 1454 4360 a
1468 4308 1552 4366 Paulo
1568 4315 1588 4379 1,
1602 4325 1700 4387 pontit.

57 4409 70 4434 .
86 4381 218 4441 Condidit
232 4392 340 4451 quoqne
361 4375 547 4445 (innocentius
561 4373 597 4443 ll)
621 4371 807 4444 privilegium,
827 4373 854 4427 in
869 4385 895 4445 D
910 4369 1034 4449 ejusdem
1049 4369 1156 4424 Sanctae
1172 4370 1292 4441 Virginis
1317 4388 1426 4451 nunnae
1451 4387 1477 4432 et
1497 4386 1601 4442 exrrviis
1616 4392 1649 4445 b.
1665 4396 1701 4452 0.

55 4472 111 4529 quo
124 4459 265 4511 concessit
279 4448 416 4505 canonicis
432 4446 550 4500 bastttcae
568 4444 642 4499 Beati
657 4444 728 4498 Petri
747 4443 853 4499 medie·
909 4441 945 4494 hl.
961 4441 1078 4495 dicatum
1093 4459 1100 4506 ς
1118 4440 1189 4511 quod
1218 4442 1340 4495 nonnulli
1360 4446 1498 4518 principes
1514 4463 1539 4507 et
1553 4456 1704 4523 Galliarum

55 4536 139 4583 tatem
168 4523 292 4579 omnium
319 4517 544 4581 ministeriorum,
567 4517 689 4571 omnium
716 4516 852 4582 altarium,

76 4615 118 4654 uae
132 4595 241 4652 suntin
259 4590 374 4647 eeclesia
397 4589 473 4643 Beati
496 4587 577 4653 l‘etri,
607 4596 634 4641 et
657 4587 686 4642 S.
709 4586 801 4642 llariae
826 4586 852 4640 in

56 4616 144 4727 inere
161 4674 261 4737 praeter
274 4662 358 4718 altare
374 4659 402 4715 S.
419 4659 516 4713 Leonis
533 4658 568 4712 tx
582 4673 670 4728 papae.
690 4677 701 4705 a

91 4742 146 4811 (88)
162 4734 313 4816 Gregorius
327 4731 362 4786 tt
379 4731 406 4783 in
429 4731 562 4784 bonorem
586 4728 795 4798 praedecessoris
809 4728 851 4782 sni

54 4812 82 4867 S.
98 4808 234 4881 Gregorii
247 4803 338 4874 llagni
352 4801 503 4856 oratorium
528 4808 553 4853 et
575 4800 661 4854 altare
688 4800 849 4866 construxit,

53 4898 87 4940 sc
100 4885 128 4938 iu
144 4885 237 4952 ipsum
252 4873 416 4930 sanctissimi
432 4871 558 4941 praesulis
576 4871 690 4925 estivias
704 4870 849 4936 transtulit,

54 4953 234 5010 atirelerunt
262 4948 341 5002 hiber
368 4941 529 5024 pontificalis
552 4941 577 4994 in
598 4941 733 5011 Gregorio
761 4940 808 5006 tv,
824 4950 850 4995 et

52 5028 174 5083 loannes
189 5021 335 5077 Diaconus,
357 5014 405 5070 lrb.
430 5028 457 5069 tv
481 5010 573 5068 trus.
591 5011 717 5081 Gregorii
739 5010 760 5074 l,
787 5026 848 5081 cap.

54 5097 97 5151 88.
113 5090 275 5151 oratorium
291 5087 356 5142 illud
380 5085 414 5140 ad
437 5082 584 5139 australem
607 5082 706 5138 noteris
730 5082 849 5137 basilieae

53 5177 158 5238 partem
174 5163 268 5218 uidere
286 5167 328 5215 est
342 5159 369 5212 in
385 5154 535 5225 dlplrarsni
550 5155 594 5209 tab
623 5153 708 5221 ichn,
718 5169 792 5206 num.
804 5158 848 5208 tto.

53 5237 150 5308 Quoad
160 5233 318 5291 oblationes
336 5231 370 5284 ad
386 5229 416 5284 S.
431 5224 559 5296 Gregorii
580 5240 653 5277 aram
669 5223 726 5278 lieri
743 5225 848 5287 solitas,

53 5320 146 5369 amun
162 5307 277 5379 dignum
292 5307 335 5357 est
354 5298 427 5371 quod
450 5300 578 5352 anastas.
604 5295 631 5348 in
653 5294 799 5349 Benedicto
813 5294 849 5348 lll

54 5387 177 5444 enamt,
193 5374 321 5431 nimirum
344 5368 477 5443 quosdam
505 5366 609 5439 duglas
628 5365 739 5421 Romam
755 5364 849 5434 prole·

52 5460 123 5519 ctos,
138 5450 169 5505 iu
185 5444 306 5504 arnono
328 5442 359 5499 B.
383 5438 513 5512 Gregorii
534 5453 614 5508 pupas
632 5437 703 5508 apud
727 5436 757 5492 S.
778 5437 849 5490 Petri

52 5506 850 5590 basiliesmexstmtosmamtabnlamorganteamposuis

52 5610 94 5653 se.
107 5589 257 5665 Antiquitas
270 5591 332 5644 erat
345 5581 416 5640 aliud
431 5580 459 5637 S.
483 5578 615 5653 Gregorii
628 5580 639 5636 l
663 5578 760 5650 altare,
776 5577 849 5651 quod

907 4527 988 4582 reges
1003 4510 1113 4582 aliquot,
1131 4527 1163 4565 ac
1187 4514 1336 4579 praesertim
1363 4515 1477 4575 Romani
1504 4527 1639 4586 antistites
1676 4549 1704 4594 nt

906 4582 979 4652 apud
999 4584 1124 4636 Acastus.
1151 4582 1276 4637 Biblioth.
1302 4585 1396 4641 ridere
1420 4600 1470 4656 est,
1500 4581 1703 4671 quamplurimas

906 4653 985 4708 donis
1001 4653 1181 4732 cumularunt.
1206 4653 1317 4708 Sacram
1339 4659 1435 4725 mrtem,
1466 4680 1547 4733 quam
1566 4675 1702 4736 Adrianus

904 4725 925 4792 1,
945 4725 1029 4794 Vegro
1043 4731 1110 4803 teste
1127 4723 1172 4776 hb.
1190 4739 1226 4788 tr,
1243 4741 1317 4779 nurn.
1335 4729 1396 4793 ιιι,
1407 4733 1434 4785 S.
1448 4733 1576 4803 Steplranr
1589 4750 1700 4814 majoris

906 4802 1069 4849 tnotrasterto
1085 4797 1238 4860 artnexuit;
1260 4797 1434 4865 Alpharanus
1455 4805 1529 4860 'salal
1552 4811 1624 4869 ielrn.
1654 4820 1683 4876 lit

905 4866 1061 4922 daccurate
1076 4865 1221 4918 delineavit
1243 4879 1249 4927 ;
1276 4877 1407 4939 quotquot
1431 4889 1497 4929 vero
1517 4879 1550 4933 de
1574 4860 1702 4948 Vaticani

905 4936 933 4993 S.
953 4937 1023 4989 Petri
1053 4935 1163 4989 linsilicn
1193 4936 1316 5005 plnrihus
1343 4953 1468 5012 egerunt,
1494 4934 1699 5017 commenticiis

904 5007 961 5062 suis
975 5008 1154 5061 illustrarunt.
1686 5008 1693 5018 “

939 5082 994 5149 (88)
1012 5078 1134 5134 Ecclesia
1152 5077 1210 5131 sire
1226 5077 1351 5132 diaconia
1375 5079 1422 5139 SS.
1438 5085 1528 5160 Sergii
1547 5104 1574 5150 et
1590 5098 1685 5160 Bacchi

903 5150 937 5205 tle
953 5167 1004 5221 qua
1021 5149 1192 5204 innocentius
1208 5148 1244 5201 lll
1267 5149 1374 5218 epistol.
1408 5157 1465 5220 tut,
1494 5164 1540 5216 lib.
1572 5186 1591 5223 rt
1625 5146 1699 5245 opud

904 5221 1039 5274 Balusinm
1052 5220 1179 5292 loquitur,
1194 5218 1229 5271 ad
1256 5219 1378 5288 Septimii
1393 5224 1488 5284 Severi
1504 5214 1601 5294 arcrrfn'
1617 5246 1697 5312 jum

903 5290 1063 5361 Capitolium
1080 5294 1217 5359 quondum
1235 5292 1343 5343 exstitit.

938 5364 993 5430 (89)
1010 5361 1142 5414 Nimirum
1158 5360 1311 5431 Gregorius
1326 5365 1359 5417 tle
1386 5366 1455 5437 Papa
1479 5389 1526 5431 seu
1551 5381 1585 5436 de
1610 5388 1645 5442 Pa
1666 5408 1697 5444 a·

903 5433 1018 5493 reschis,
1045 5431 1194 5485 lnnoeeutii
1218 5434 1241 5485 ll
1263 5448 1295 5487 ex
1319 5433 1401 5491 iratre
1427 5439 1508 5512 filius,
1533 5467 1604 5510 anno
1630 5408 1696 5519 ιιι(

903 5519 951 5559 seu
969 5504 1046 5566 ttae,
1060 5503 1172 5556 diacon.
1191 5501 1268 5557 card.
1288 5503 1316 5559 S.
1331 5509 1427 5579 angeli
1442 5527 1560 5576 creatus.
1581 5502 1669 5583 Cone·

902 5575 1014 5632 ciacon.
1031 5573 1087 5630 Vit.
1105 5572 1185 5629 dom.
1202 5573 1300 5646 pontii.
1315 5583 1443 5653 eterra,
1469 5596 1487 5641 t.
1509 5590 1530 5661 1,
1555 5597 1611 5652 eol.
1636 5536 1699 5664 iiie
