3750 6000
64 251 134 312 {¹⁰25
581 248 822 307 destituturus
838 247 886 304 AN
904 245 1061 306 Gtonntt.
1077 277 1113 293 -
1125 246 1190 304 bttt.
1207 246 1240 304 11.
1643 247 1713 304 ¹206

63 372 188 442 militem,
203 375 350 449 episcopus
364 374 504 440 clericum,
529 372 614 429 abhas
637 372 811 434 monachum,
828 369 863 426 sd
877 372 904 433 A
923 393 934 419 ι
950 371 1065 436 Venisti,
1080 370 1177 442 inquit,
1192 369 1301 434 venisti,
1318 370 1413 428 mullis
1427 372 1561 428 matribus
1579 370 1719 442 lugend03

62 463 208 520 aeritstem
224 464 371 521 verborum
388 462 615 533 exsculpendam.
630 459 774 516 Manicheti
790 459 861 515 Con·
914 460 1015 515 dudum
1032 470 1073 516 est
1088 461 1160 532 quod
1175 468 1202 515 te
1217 459 1281 522 aidi,
1299 462 1346 517 sed
1364 478 1435 518 stunc
1462 462 1547 517 multo
1573 474 1630 517 terr
1641 459 1720 517 ibilio

62 553 303 623 stantinopolitanu
332 553 487 622 imperatori
513 551 628 613 misere,
649 548 763 617 adjectis
787 547 861 619 regis
913 565 970 605 rem
987 558 1013 603 ta
1029 549 1143 614 intueor,
1160 549 1256 620 patrias
1273 551 1354 621 hujus
1371 549 1506 607 excidium
1521 549 1712 605 vibrantem.-

62 655 104 695 sut
120 641 219 696 litteris
244 652 270 697 et
293 642 467 696 muneribus.
494 640 547 695 Eos
562 639 618 701 ille,
635 637 753 707 benigne
768 651 859 690 secum
915 639 940 690 ls
967 645 1029 691 evat
1057 637 1163 702 litteris,
1180 646 1310 703 quantum
1326 638 1360 693 ad
1377 638 1402 692 id
1419 637 1557 706 temporis,
1574 636 1644 693 bene
1659 637 1714 690 im-

63 728 182 793 babttos,
198 729 328 801 episcopo
342 730 440 798 Ephesi
457 727 613 791 destinavit,
631 723 741 795 epistula
759 727 860 790 pariter
913 726 1004 788 butus,
1032 741 1092 781 aevo
1117 735 1248 790 moturus,
1277 726 1421 782 immunem
1453 727 1596 782 audaciam
1624 725 1713 797 prims

64 833 147 889 quam
170 834 274 873 sacrum
303 827 400 874 vocarit
428 818 590 882 comitante,
607 824 637 869 ut
652 814 861 868 ostenderentur
911 813 1054 884 juventute
1070 824 1279 870 conatus:nam
1296 831 1401 886 pennas
1416 814 1544 870 menibus
1559 823 1585 870 et
1600 813 1716 886 pedibus

64 905 165 977 legatis
180 906 253 980 tegis
264 906 370 977 Anglisn
381 909 436 978 (80)
446 907 556 976 Septem
568 902 764 959 Dormientium
776 904 860 972 379
914 903 985 958 baud
1000 903 1056 958 scin
1071 919 1123 975 qus
1138 904 1298 958 innexuerit
1313 911 1383 966 arte,
1400 912 1429 959 ut
1444 904 1550 960 Daedali
1570 919 1646 960 more
1661 918 1713 959 vo·

62 995 227 1050 martiriales
254 1012 374 1051 exttvtae.
406 997 576 1066 Factumque
591 1001 646 1059 est,
664 1000 690 1048 et
703 991 859 1047 vaticinium
913 992 990 1059 laret,
1016 991 1135 1046 fabulam
1159 1006 1210 1060 pro
1235 1007 1300 1048 tcto
1323 992 1480 1064 amplexus,
1505 992 1672 1065 collectaque
1697 1006 1713 1047 e

62 1083 139 1155 regis
154 1083 282 1139 Etlwnrdi
297 1084 401 1141 Graecis
429 1083 555 1140 omnibus
583 1083 799 1151 comprobatum,
816 1077 861 1150 qni
914 1095 1021 1135 summo
1037 1079 1119 1134 turris
1142 1095 1218 1144 aura,
1234 1081 1322 1152 spatio
1345 1081 1426 1137 stadii
1452 1090 1477 1137 et
1502 1081 1564 1152 plus
1587 1081 1710 1145 volavit;

63 1187 94 1227 se
108 1186 124 1226 a
139 1175 262 1241 patribus
287 1173 427 1242 accepisse
451 1173 573 1243 jurarent
585 1185 669 1241 super
683 1169 807 1225 dextrum
823 1166 860 1222 il·
913 1167 962 1223 sed
979 1169 1049 1223 venti
1065 1173 1092 1223 et
1107 1167 1224 1223 turbinis
1247 1169 1393 1236 violentie,
1421 1168 1501 1225 simul
1529 1177 1556 1226 et
1584 1169 1718 1228 unciani

62 1259 104 1315 los
120 1259 190 1314 lutus
204 1260 394 1333 requiescere:
409 1262 469 1320 sed.
486 1267 547 1331 post
561 1260 697 1314 intrnttnm
709 1258 860 1325 duplorum
914 1256 975 1313 lacti
991 1256 1170 1322 conscientie,
1196 1257 1328 1313 tremulus
1351 1258 1469 1327 cecidit,
1494 1267 1624 1330 perpetuo
1649 1268 1719 1331 post

63 1347 90 1402 in
107 1349 274 1419 speluncam,
292 1350 436 1405 veritatem
453 1348 603 1421 peregrinae
619 1346 768 1414 prophetis)
791 1359 860 1399 con·
914 1345 970 1399 berc
985 1344 1093 1411 debilis,
1110 1353 1136 1400 et
1148 1360 1230 1401 crura
1246 1343 1387 1402 effractus.
1410 1345 1473 1418 ipsc
1487 1346 1591 1403 lercbst
1604 1364 1715 1404 cattssm

64 1437 254 1491 tubernalibus
269 1438 325 1491 suis
340 1438 532 1507 praedicarent.
556 1436 614 1490 Neo
629 1449 733 1489 moram
749 1432 860 1487 lestine—
915 1434 1000 1489 ruinae
1015 1434 1087 1504 quod
1104 1433 1220 1490 caudam
1236 1433 1263 1489 in
1274 1435 1417 1508 posteriori
1430 1435 1615 1507 partcoblitus
1625 1437 1716 1494 inerit.

65 1524 101 1581 tin
116 1524 249 1580 malorum
267 1523 339 1590 lecit,
357 1525 421 1596 quin
437 1524 565 1597 Agareni,
582 1531 607 1578 et
620 1523 730 1582 Arabes.
748 1528 775 1576 et
788 1521 860 1576 tur·
948 1521 965 1595 g
983 1525 1043 1577 100.
1068 1522 1190 1578 Similem
1216 1523 1278 1579 huic
1303 1525 1475 1595 prophetiam
1490 1524 1640 1581 Edwardus
1655 1541 1718 1583 mo·

64 1613 124 1680 chi,
153 1612 250 1669 alicnae
279 1614 420 1668 sciliceta
443 1611 553 1668 Christo
577 1619 685 1683 gentes,
702 1608 861 1682 Syt·inm,et
914 1611 1327 1685 riens381eshibuit,quam
1353 1612 1398 1668 hic
1424 1629 1475 1684 per
1499 1614 1718 1684 anticipationem

62 1702 183 1767 Liuiam,
209 1713 236 1757 et
261 1702 396 1757 Minorem
427 1701 518 1756 Asiam
547 1699 671 1762 omnino,
699 1708 724 1753 ct
749 1697 1016 1784 llujorisBdicnm.
1053 1701 1120 1756 Cum
1147 1715 1222 1755 enim
1248 1700 1331 1755 biduo
1356 1701 1474 1772 elinguis
1503 1701 1652 1773 jacuisset,
1676 1699 1720 1758 dic

63 1789 146 1845 nrbes
160 1791 270 1857 multus,
286 1789 359 1845 inter
372 1805 441 1861 quas
454 1796 480 1845 et
495 1790 643 1860 Ephesum,
660 1786 747 1857 ipsam
777 1786 858 1841 etiam
913 1787 993 1843 tertio
1009 1795 1072 1859 post
1087 1803 1216 1860 soporem
1231 1789 1351 1860 grauiter
1366 1803 1399 1845 so
1413 1789 1549 1862 profunde
1563 1791 1717 1861 suspirans,

62 1878 270 1948 Jamsolymam,
287 1878 451 1950 depopuun.
467 1893 550 1947 super
564 1876 654 1931 Christ
666 1891 733 1930 anos
747 1874 859 1930 invade·
915 1896 927 1927 ι
946 1877 1027 1942 Deus,
1043 1875 1142 1948 inquit,
1167 1877 1359 1948 omnipotens,
1383 1879 1405 1932 si
1430 1893 1486 1933 non
1511 1886 1553 1934 est
1577 1877 1722 1939 tautanius

62 1977 134 2022 rent.
154 1967 233 2022 Tunc
260 1966 353 2034 etiam,
369 1974 475 2021 mortuo
490 1964 648 2019 Manichete
667 1963 860 2019 Constantino·
913 1964 1016 2031 illusio,
1033 1964 1081 2020 scd
1096 1981 1178 2020 vernn
1195 1966 1276 2029 visio,
1296 1981 1376 2037 quam
1392 1966 1460 2034 uidi,
1485 1965 1521 2023 ds
1545 1966 1612 2022 mihi
1636 1967 1722 2025 lacul-

62 2054 136 2127 polis
163 2053 337 2125 imperatore,
355 2055 503 2119 Diogenes,
527 2061 553 2108 et
574 2051 746 2118 nichae-tius,
762 2066 795 2106 ao
809 2052 861 2106 Bu·
915 2061 997 2109 tatem
1015 2067 1076 2109 eam
1092 2052 1245 2108 astantibus
1259 2052 1424 2124 exponendi,
1440 2061 1519 2110 sute
1542 2068 1686 2112 converso.
1705 2080 1717 2107 i

64 2143 185 2198 oiuacius
200 2154 226 2199 et
242 2144 351 2198 htexins
366 2143 487 2198 vicissim
502 2157 531 2196 sa
547 2142 581 2195 da
596 2140 711 2210 imperio
734 2139 861 2211 praecipi·
916 2141 956 2197 lta
979 2157 1042 2197 mox
1066 2141 1192 2211 expedita
1217 2142 1340 2213 loquela,
1359 2164 1370 2190 s
1389 2141 1481 2206 Duos,
1506 2141 1611 2214 inquit,
1636 2143 1718 2201 modo

61 2239 177 2300 tsrunt3
207 2247 325 2306 qnorum
341 2232 461 2292 ultimus,
477 2231 510 2286 ad
527 2239 623 2286 nostra
637 2240 760 2299 tempora
777 2242 862 2300 usque
916 2231 1068 2286 monachos
1083 2229 1137 2285 vidi
1152 2229 1217 2284 mihi
1233 2230 1371 2288 assistere.
1389 2245 1458 2302 quos
1473 2228 1638 2289 adolescens
1652 2231 1717 2288 olim

62 2321 173 2385 durans,
186 2320 317 2375 ioannem
334 2320 420 2374 h'lium
434 2319 546 2390 reliquit
561 2318 710 2387 haeredem,
724 2325 821 2373 sstutts
836 2323 863 2372 et
916 2319 944 2374 in
977 2318 1146 2374 Normsnnin
1178 2318 1300 2374 uiderem
1334 2318 1543 2390 religiosissime
1568 2320 1669 2377 sitisse
1692 2327 1718 2377 et

61 2408 203 2464 fraudibus
231 2424 313 2481 quam
342 2408 481 2479 probitate
505 2408 604 2470 notior,
622 2408 704 2461 multa
726 2408 806 2461 noxia
834 2405 862 2461 in
915 2405 1146 2464 christianissime
1161 2407 1263 2464 obisse.
1282 2429 1292 2456 n
1310 2407 1452 2463 hisebei
1467 2407 1582 2465 nuncios
1597 2408 1718 2482 praelati,

62 2496 223 2570 peregrinos
252 2498 325 2552 sacri
352 2496 456 2552 itineris
480 2496 667 2564 machinetus3
684 2494 741 2565 (87)
756 2494 864 2567 displo-
917 2495 978 2551 tutia
993 2495 1158 2568 ingessere:
1177 2495 1316 2567 Quoniam
1328 2497 1467 2569 primores
1481 2496 1607 2570 Anplt'oe.
1620 2497 1716 2568 duces,

61 2602 123 2642 rum
150 2593 239 2642 tamen
268 2584 350 2640 fidem
376 2585 540 2655 suscipiens,
556 2583 702 2655 praecipuis
721 2582 863 2639 iamilisri-
916 2585 1048 2657 episcopi,
1065 2593 1094 2640 ct
1109 2584 1239 2652 oblatos,
1263 2602 1322 2644 non
1350 2586 1717 2654 tusculanensium

67 2674 172 2730 tatibus
197 2674 255 2730 suis
284 2690 332 2729 cos
359 2672 523 2744 applicabat,
545 2687 665 2727 amorem
689 2687 785 2729 eorum
808 2670 864 2728 lilio
915 2671 1032 2738 dioboli,
1045 2672 1245 2730 tradiditlleus
1255 2674 1306 2731 lton
1316 2678 1507 2747 repnumpost
1517 2672 1717 2733 obitumiuum'

67 2763 264 2819 transcribens.
287 2762 336 2817 ilis
355 2769 459 2831 septem
475 2760 552 2815 annis
567 2760 701 2832 proximis
728 2767 785 2815 ttes
812 2750 863 2831 pal
917 2775 1058 2818 annotino
1073 2766 1101 2817 ct
1116 2760 1163 2818 dis
1178 2778 1233 2819 utto
1248 2765 1280 2819 in
1292 2779 1381 2818 manu
1391 2762 1512 2824 inimici.
1521 2763 1716 2837 percuncian-

65 2867 109 2924 pae
131 2851 206 2923 (88),
234 2850 327 2906 l'iclnr
349 2852 424 2920 (80),
449 2848 604 2918 Stephanus
630 2848 697 2917 (00),
724 2847 865 2915 Nicolaus,
918 2853 1020 2923 turnus
1034 2849 1174 2907 dementes
1190 2854 1279 2907 lotam
1294 2851 1368 2908 hunc
1383 2854 1501 2908 terram.
1526 2850 1650 2924 Cumque
1663 2867 1717 2924 ego

68 2941 236 3012 apostolatus
249 2940 328 3008 380
343 2939 468 3011 vigorem
484 2937 621 2994 continuis
634 2935 764 3000 mortibus
786 2936 864 2992 labe·
916 2936 978 2994 bne
992 2953 1036 2993 me
1051 2945 1223 2994 ostensurum
1234 2938 1476 3012 populodiccrcm,
1488 2939 1618 3012 illumque
1630 2939 1717 3012 pieni·

68 3028 229 3085 lactarunt:
246 3026 392 3100 evestigio
420 3041 528 3099 quoque
558 3028 615 3096 (01)
641 3024 785 3089 henricus,
802 3023 865 3096 pius
877 3073 902 3140 C
918 3024 1002 3081 tentis
1017 3024 1087 3082 lacta
1101 3025 1283 3093 liberandum,
1296 3028 1715 3099 premissoexenptottinteits·

66 3115 250 3174 homanorum
277 3116 432 3187 imperator.
475 3115 634 3179 deiunctus,
676 3128 862 3170 successorem
916 3129 986 3180 rum,
1003 3115 1199 3186 promitterem,
1215 3117 1369 3184 Neutrum,
1390 3117 1474 3183 siunt,
1490 3121 1643 3193 cattmuio
1662 3117 1715 3177 nec

66 3205 213 3261 henricum
241 3203 324 3258 litium
351 3204 455 3263 habuit,
475 3205 520 3275 qui
543 3203 643 3258 multas
668 3202 863 3274 oppressiones
915 3204 973 3276 ipsi
985 3205 1174 3278 poenitebunt,
1186 3206 1319 3264 necuere
1331 3207 1373 3263 sis
1383 3207 1574 3264 roborabitur.
1583 3207 1614 3263 lit
1625 3223 1714 3280 quan·

64 3292 124 3347 othi
155 3293 276 3348 llomano
290 3291 349 3360 (81)
365 3291 491 3348 latuitata
507 3291 680 3363 nequitiaque
695 3305 744 3346 sua
756 3289 858 3346 intulit.
915 3292 961 3356 do,
977 3291 1246 3365 inquam,tautarum
1262 3294 1448 3350 osismitstum
1464 3295 1590 3353 remissio
1604 3280 1717 3368 sperari

63 3380 172 3435 Eodem
198 3381 342 3448 0000018)
358 3378 491 3434 ilenricus
514 3395 563 3435 rex
589 3379 767 3445 Francorum,
784 3378 863 3435 miles
915 3380 1034 3452 poterit?
1051 3383 1138 3448 Tunc,
1148 3383 1282 3454 inquiunt,
1297 3385 1380 3456 quoti
1393 3385 1420 3441 ai
1434 3383 1517 3441 orbor
1531 3383 1633 3441 uiridia
1644 3400 1715 3442 suc·

69 3477 195 3523 strenuus
219 3476 244 3522 et
264 3466 365 3529 bonus,
396 3467 515 3537 potionis
542 3469 640 3522 haustu
666 3466 778 3523 interiit.
800 3468 862 3524 Non
915 3468 1076 3526 isidoturln
1093 3470 1193 3534 sttcdlo,
1215 3475 1244 3529 ct
1265 3488 1333 3545 pora
1356 3472 1481 3530 abscisso
1499 3472 1668 3546 deportetur
1695 3491 1714 3532 n

65 3557 153 3611 multo
168 3563 238 3626 post,
254 3564 375 3611 cometes
389 3555 481 3621 stella,
511 3562 542 3611 ut
571 3555 669 3621 lerunt,
699 3554 863 3612 mutationes
916 3557 1015 3620 stipite
1044 3559 1134 3617 trium
1152 3559 1290 3632 jupcrum
1307 3560 1410 3633 spatio,
1427 3575 1492 3617 cum
1507 3560 1570 3617 sins
1590 3561 1715 3634 quolibet

65 3659 214 3718 regnorum
241 3643 427 3715 pretendens,
444 3645 546 3718 longos
561 3652 588 3699 ct
602 3642 743 3699 flammeos
770 3643 863 3700 crines
915 3642 1100 3712 adminiculo,
1116 3663 1166 3704 suo
1186 3649 1293 3704 ilerum
1317 3663 1449 3706 connexo
1466 3653 1579 3716 trunco,
1594 3653 1712 3724 naepcrli

66 3750 118 3807 per
134 3734 217 3788 inane
232 3734 290 3801 (01)
305 3732 418 3799 ducens,
431 3732 556 3804 apparuit
572 3749 578 3786 ε
595 3732 666 3787 unde
680 3731 791 3803 pulchre
806 3733 865 3803 qui·
916 3734 1073 3804 altioribus
1085 3735 1273 3810 pubescerem
1286 3740 1401 3808 {ructus
1414 3739 1631 3811 protrudcrcex
1645 3755 1712 3798 coo-

70 3823 133 3879 dum
162 3820 249 3878 nostri
277 3820 435 3876 monasterii
463 3822 624 3890 monachus,
653 3820 786 3876 humerus
811 3837 864 3879 no·
917 3824 1713 3901 lesccntissucciomoreprislino.innodemumpolerit

66 3911 150 3978 mine,
167 3909 226 3967 riso
239 3908 412 3966 coruscantis
427 3911 492 3965 astri
507 3918 614 3968 terrore
641 3909 863 3983 conquiniscens,
916 3918 1029 3990 sperari
1044 3915 1147 3972 talium
1160 3914 1302 3971 maiorum
1317 3914 1455 3972 remissio,
1475 3938 1486 3963 tt

101 4093 159 4160 (80)
175 4094 286 4165 Septem
303 4093 521 4156 Dormientium,
534 4098 587 4147 cto.
601 4089 709 4159 Septem
720 4087 865 4144 Dormien·
917 4085 1148 4160 Normsnnisqne,
1159 4084 1205 4157 qui
1216 4085 1551 4142 llohertumGuiscardum
1562 4086 1660 4145 ducem
1670 4102 1711 4145 se·

66 4173 107 4218 tes
132 4163 232 4234 Ephesi
257 4165 353 4219 incolae
376 4173 455 4219 ursin
473 4180 480 4218 ·.
497 4176 547 4216 ses
576 4162 686 4216 illorum
716 4169 781 4214 natu
809 4174 865 4215 non
918 4161 1080 4233 quebnntnr,
1096 4157 1221 4228 opposuit
1236 4157 1377 4228 (Onnasto
1392 4158 1513 4221 Vtrsuts,
1528 4175 1555 4230 p.
1569 4162 1647 4228 508).

66 4234 221 4303 iambum,
239 4238 381 4305 septimus,
398 4249 493 4291 eorum
518 4248 624 4287 servus.
646 4231 780 4286 Saeviente
809 4232 865 4287 De·
954 4234 1011 4299 (88)
1032 4232 1130 4287 Victor.
1156 4228 1248 4284 Victor
1263 4227 1297 4296 tt,
1313 4230 1412 4285 Leonis
1425 4231 1475 4296 tx,
1491 4244 1538 4286 sn.
1557 4232 1622 4286 1050
1644 4246 1709 4286 suo-

66 4305 146 4362 01000
173 4306 363 4376 persecutione
390 4306 419 4361 in
447 4305 541 4361 cellam
573 4302 706 4358 vinariam
728 4302 865 4371 coniuge·
917 4318 1023 4366 sessor,
1038 4317 1085 4355 au.
1103 4299 1241 4356 1001000
1256 4297 1425 4356 luuntuscst.

66 4384 125 4433 tant
153 4376 225 4430 unde
246 4376 394 4432 identidem
418 4391 526 4430 servum
541 4374 575 4428 sd
590 4374 681 4429 cibum
695 4387 861 4442 compsi-an·
953 4369 1630 4444 (808100000οε.800000100060001110100010
1652 4373 1711 4428 ira·

65 4447 131 4502 dum
161 4449 334 4503 amittebant.
360 4450 421 4503 lino
438 4447 541 4508 audito,
557 4446 655 4500 Decius
669 4445 747 4500 cellae
760 4443 860 4499 ostium
876 4426 903 4489 D
918 4452 969 4504 ter,
988 4442 1087 4497 l'irtoti
1102 4441 1138 4508 ll,
1153 4440 1197 4497 die
1211 4446 1241 4497 1·
1256 4447 1326 4513 hug.
1343 4443 1412 4498 1057
1427 4442 1568 4498 successit.

65 4517 171 4574 occludi
181 4519 274 4586 jussit.
287 4519 350 4573 Post
366 4517 468 4572 seacula
483 4519 863 4586 (0000000001,ουοω-
953 4515 1010 4581 (00)
1026 4513 1167 4571 Nicnlous.
1196 4511 1239 4568 Ad
1255 4519 1375 4568 sanctum
1400 4513 1494 4568 sedem
1517 4521 1658 4585 promotos
1672 4519 1715 4570 est

68 4587 152 4644 menti
169 4605 240 4655 psrs.
250 4604 305 4657 nuo
319 4588 396 4645 cellen
409 4587 507 4644 ostium
523 4586 727 4646 occludebatur.
745 4584 862 4641 corruis·
916 4586 1056 4643 (10.1058.

66 4667 117 4720 set,
134 4659 198 4715 illuc
210 4660 325 4716 inliuens
353 4660 401 4713 lux
428 4658 594 4713 dormientes
613 4656 752 4713 excitauit.
774 4657 861 4712 Tran-
952 4654 1242 4727 (inflammante.
1259 4653 1390 4711 henricus
1408 4655 1444 4710 111
1456 4654 1575 4712 Bollaldi
1590 4655 1659 4712 obiit
1668 4655 1713 4710 in·

67 4730 158 4853 (pgilice
171 4730 259 4784 noctis
274 4732 405 4854 (0101οῧ
417 4736 556 4809 recreatos
566 4727 741 4852 argitrstttes,
752 4740 862 4852 &orgum
916 4737 957 4783 ter
964 4727 1103 4854 obimus?
1104 4725 1241 4854 §mulinis
1257 4724 1550 4854 ⁸³¹⁰T⁰⁸¹iip⁰ff⁹⁰'⁰'
1567 4741 1613 4782 sn.
1631 4726 1712 4852 lllb‘hl.

68 4815 419 4952 ξῑιιρᾞξᾛῗυξξεξινυεῗ
431 4805 568 4951 33:¹2³ng
576 4807 862 4994 sinssuetffitinnul'ofiffl
966 4799 1011 4995 tt}
1026 4799 1236 4951 aarum&
1245 4811 1452 4925 ssrgmorutstt..
1465 4811 1593 4941 mosmale&
1601 4812 1714 4926 1101010

70 4942 166 4996 hubert
189 4951 271 5013 coeptt
287 4958 294 4995 :
310 4942 415 4996 civibus
430 4957 492 4995 eum
507 4942 541 4994 de
556 4948 666 4995 invento
680 4938 787 4994 occulto
800 4948 810 4992 t
830 4953 863 4992 a·
917 4939 995 4995 inter
1008 4943 1027 4995 t.
1037 4938 1267 4996 llenncusobutl
1279 4941 1349 5013 hug.
1362 4939 1442 4995 1000.
1455 4938 1563 4994 «Causa
1572 4952 1713 5011 corporea

72 5028 153 5069 sauro
180 5012 380 5075 accusantibus,
396 5013 456 5083 ipso
469 5010 587 5083 legalem
602 5009 706 5076 imperti
721 5023 864 5080 pecuniam
917 5011 1056 5077 satutis,a
1075 5010 1196 5075 Joauns,
1221 5009 1387 5066 medicorum
1411 5008 1596 5079 peritissimo,
1620 5008 1713 5081 potio·

73 5100 103 5139 se
117 5081 215 5138 offerre
229 5091 386 5138 constanter
399 5098 481 5137 asser·
493 5091 548 5136 uto.
565 5080 626 5150 Quo
640 5088 783 5151 comperto
807 5079 863 5135 im·
919 5095 981 5136 nem
996 5081 1101 5151 occepit
1116 5097 1123 5136 τ
1138 5079 1188 5137 sed
1207 5095 1313 5136 veneno
1333 5079 1445 5136 nimiam
1467 5080 1539 5135 sitini
1564 5079 1710 5145 inserente,

72 5163 181 5224 perator
194 5170 322 5222 episcopo
337 5153 431 5209 comiti
447 5152 561 5209 festinus
575 5152 660 5208 adest.
692 5149 791 5208 ttetstis
805 5165 866 5217 uun
916 5153 1023 5219 jussum
1047 5150 1173 5206 archiatri
1195 5152 1315 5221 spreuit,·
1339 5159 1366 5207 et
1387 5165 1406 5205 s
1429 5149 1596 5207 cubiculsrlo
1621 5159 1713 5217 notum

71 5225 124 5278 sibi
144 5225 310 5289 acciderunt,
328 5225 409 5296 paulo
425 5223 618 5295 postsniinsm
646 5222 750 5278 efflant.
781 5222 866 5292 llttjua
920 5222 1149 5290 occipiens,tlum
1170 5221 1291 5276 medicus
1311 5221 1430 5283 abesset,
1446 5229 1509 5277 ante
1523 5221 1715 5295 purgationem

72 5294 440 5366 miraculiosusautsrtyres
468 5294 585 5362 reputati
610 5301 680 5348 snut.
710 5292 866 5364 VideCap·
921 5292 1001 5348 bibit.
1033 5293 1109 5350 Unde
1127 5291 1208 5347 nimis
1227 5291 1390 5359 infirmatus,
1406 5292 1504 5349 eodctu
1518 5293 1563 5349 die
1579 5301 1639 5350 nost
1653 5309 1717 5366 per·

71 5379 169 5441 grsve,
187 5365 315 5438 Lapendo
329 5383 401 5423 noun
414 5366 549 5429 tSttsnnn,
565 5365 642 5421 181).
922 5364 1075 5423 oentionem
1093 5378 1179 5420 sncrae
1199 5363 1375 5421 suohnristiae.
1390 5361 1472 5420 obiit.
1495 5386 1507 5413 ι
1538 5365 1724 5434 (10100110Ι

108 5436 336 5507 (tlitrinplorum
352 5447 448 5495 tamen
464 5435 870 5505 fidcm,eto.Nnrmannisdn·
923 5450 991 5492 us.
1013 5435 1153 5501 Historia,
1186 5449 1211 5493 0.
1247 5439 1290 5492 38.
1324 5433 1425 5493 Consu·
1452 5433 1581 5498 Ordatio.
1614 5434 1720 5502 Vitat„

73 5505 158 5579 glistn
187 5506 389 5570 invadentibus,
407 5507 480 5561 multi
504 5507 584 5578 hugli
607 5507 870 5579 Constantinopoim
924 5522 952 5579 p.
971 5508 1046 5576 tat.)

73 5577 254 5651 confugerunt
268 5580 314 5638 ubi
330 5577 440 5634 Alesios
453 5577 514 5633 illos
529 5579 726 5653 benignissime
740 5576 871 5652 suscepit,
964 5576 1025 5649 (81)
1039 5577 1134 5636 loono,
1152 5591 1177 5633 a.
1193 5590 1219 5639 ο.
1235 5574 1263 5634 d.
1278 5591 1305 5634 a.
1322 5574 1341 5632 l.
1356 5593 1457 5644 mnas,
1472 5593 1497 5634 s.
