3750 6000
182 275 234 329 tas
814 260 1020 322 lNNOCENt'll
1040 266 1064 320 11
1084 265 1189 322 t‘st’E
1777 276 1829 331 rto

179 393 406 468 praenominatum
442 388 639 448 monasterium
672 395 774 444 temere
805 388 975 458 perturbare,
991 407 1021 472 Α
1035 386 1151 445 Domino
1165 391 1312 459 constituti,
1328 408 1363 450 ex
1381 393 1502 465 iniuncto
1524 394 1604 452 nobis
1626 397 1716 456 officio
1730 397 1831 457 fream

180 493 227 541 ant
244 487 304 552 ejus
317 480 511 556 possessiones
532 476 652 545 auferre,
668 477 712 533 vel
730 476 834 534 ablatas
851 477 980 544 retinere,
1034 485 1143 533 nostros
1167 479 1313 552 episcopos
1332 482 1458 555 diligere,
1480 492 1506 541 et
1530 485 1662 542 Ecclesiis
1673 487 1755 543 sibia
1770 490 1830 547 lieo

179 574 315 641 minuere,
336 577 383 626 sut
410 568 548 641 aliquibus
570 564 758 623 vexationibus
773 565 901 639 fatigare,
930 564 980 621 sed
1033 566 1188 622 commissis
1215 585 1293 625 stram
1325 570 1457 628 debemus
1494 572 1625 643 justitiam
1653 591 1828 635 conservam,

180 662 273 722 omnia
300 660 406 734 integra
432 664 629 715 conserventur
648 671 752 722 eorum,
781 669 833 727 pro
864 669 978 727 quorum
1035 654 1161 725 Proinde,
1190 658 1351 716 charissimo
1388 660 1416 716 in
1449 660 1557 719 cimaco
1588 661 1670 721 frater
1699 665 1828 723 ffigpoedg

180 749 378 826 gubernatione
393 757 419 805 et
433 745 632 804 sustentatione
647 758 781 802 concessa
800 751 871 810 sunt,
884 743 979 799 usibus
1033 743 1162 817 episcope
1175 746 1353 805 Novaniensis
1368 749 1620 823 Ecclesiae,cujusu
1635 754 1694 810 neo
1708 754 1829 813 phion„

180 839 346 898 omnimodis
374 837 528 910 protutura.
557 835 597 890 bd
619 835 679 890 baec
706 833 835 904 praesenti
863 831 980 904 capitulo
1032 834 1178 891 commissa
1192 844 1233 893 est
1256 838 1405 895 salubriter
1427 841 1612 912 providentes,
1639 844 1784 901 statuimus
1798 851 1828 901 ur

180 931 372 1003 adjungentes,
387 926 531 984 statuimus
558 932 587 979 ut
613 922 798 994 supradictum
823 920 979 979 mnobinru
1033 938 1211 996 quascunque
1225 927 1426 997 possessiones,
1449 944 1618 1004 quaecunque
1641 932 1711 989 bona
1730 934 1827 991 eadam

180 1022 233 1079 sub
262 1017 362 1074 nullius
388 1029 511 1087 personne
536 1012 743 1084 jurisdictione,
771 1026 822 1066 seu
844 1017 978 1080 potestate
1034 1011 1157 1069 Ecclesia
1176 1013 1417 1086 impraesentiarum
1434 1017 1509 1089 juste
1525 1026 1552 1075 et
1565 1019 1685 1093 legitime
1705 1022 1828 1094 possidet

180 1117 348 1184 permaneat,
364 1106 413 1163 scd
427 1105 461 1161 ab
482 1101 556 1161 omni
573 1102 642 1175 jngo
662 1099 790 1169 liberum,
810 1098 860 1155 soli
875 1107 978 1157 sanctae
1033 1097 1111 1157 firma
1126 1100 1173 1156 tibi
1189 1101 1296 1175 tuisque
1318 1107 1526 1164 successoribus
1543 1115 1570 1164 et
1591 1108 1693 1166 illibata
1711 1126 1824 1183 perma-

180 1200 310 1258 liomanae
325 1205 351 1254 et
375 1192 533 1268 apostolicae
561 1190 621 1247 sedi
645 1189 801 1260 subjectum
816 1203 889 1244 esse.
906 1188 977 1244 San·
1032 1192 1163 1245 neantln
1178 1191 1276 1262 quibus
1291 1193 1826 1271 baecpropriisnominibusexprimenda

179 1289 294 1357 cientes,
311 1284 476 1350 dalmaticae,
501 1280 700 1341 sandaliorum.
716 1294 768 1335 nec
787 1293 842 1333 non
857 1277 978 1333 chirote-
1032 1279 1221 1348 subjunximus
1237 1298 1244 1335 :
1260 1281 1394 1338 abbatiam
1409 1284 1572 1343 uidelicetS.
1584 1287 1732 1356 Laurentii,
1739 1289 1828 1346 abb..

180 1395 275 1438 carum
290 1393 369 1432 usum
385 1374 443 1440 tibi,
456 1372 564 1444 tuisque
589 1367 793 1425 successoribus
812 1367 891 1436 J'sxta
906 1381 977 1437 prae-
1032 1366 1095 1422 tiam
1110 1367 1138 1423 S.
1155 1368 1345 1426 Bartholomaei
1358 1370 1385 1426 in
1401 1373 1535 1430 suburbio
1552 1375 1725 1444 Novariensi,
1740 1377 1828 1434 abb..

179 1471 356 1527 decessorum
376 1472 530 1519 nostrorum
555 1466 653 1514 statuta
677 1456 864 1513 concedimus.
885 1455 978 1525 Siqua
1032 1454 1095 1510 tiam
1110 1457 1138 1513 S.
1155 1457 1305 1513 Salvatoris
1318 1459 1352 1514 de
1369 1460 1474 1526 Casale,
1490 1462 1628 1519 abbatiam
1646 1465 1675 1521 S.
1690 1465 1776 1523 Silani
1793 1466 1827 1524 de

178 1574 249 1630 crgo
263 1557 291 1611 in
306 1556 424 1610 laturum
440 1548 627 1607 ecclesiastIca
652 1545 826 1602 saecularisve
847 1558 975 1615 persona,
1032 1545 1220 1618 Romagnano,
1236 1548 1541 1620 capellamS.Nazarii,
1551 1553 1683 1625 capellam
1697 1553 1827 1611 omnium

178 1634 977 1709 bancnostraeoonstitutionispaginamsciens,contraenm
1032 1633 1194 1690 Sanctorum
1210 1645 1235 1692 et
1258 1636 1289 1692 S.
1314 1637 1473 1717 Salaniana,
1497 1641 1628 1712 capellam
1653 1643 1681 1699 S.
1697 1644 1827 1709 lluttbrei,

178 1748 281 1797 temere
292 1734 384 1794 venire
400 1729 554 1793 tentaverit,
580 1724 701 1783 secundo
721 1722 835 1778 tertiove
852 1735 977 1777 commo·
1033 1723 1168 1794 capellam
1182 1725 1211 1780 S.
1235 1725 1365 1791 Andreae,
1391 1728 1521 1799 capellam
1546 1730 1574 1786 S.
1590 1731 1729 1803 Stephani.
1744 1735 1827 1789 Extra

178 1830 244 1897 nita,
274 1827 298 1882 si
326 1842 379 1882 non
408 1818 591 1879 satisfactione
628 1829 751 1888 congrua
778 1810 972 1877 emendaverit,
1032 1811 1177 1876 civitatem,
1194 1812 1302 1883 plebem
1317 1814 1345 1870 S.
1360 1814 1451 1871 bibini
1467 1818 1501 1873 de
1523 1819 1650 1876 llortario
1664 1836 1725 1877 cum
1741 1837 1826 1892 paro-

176 1917 320 1993 potestatis
334 1912 500 1982 honorisque
515 1908 556 1964 sui
571 1904 701 1978 dignitate
722 1910 822 1967 careat,
842 1914 973 1970 reamque
1028 1901 1088 1955 chin
1107 1917 1167 1966 aua,
1183 1908 1212 1957 et
1226 1911 1331 1974 septem
1346 1905 1468 1976 capellis,
1488 1906 1615 1964 videlicet
1629 1909 1658 1965 S.
1674 1910 1822 1979 laurentii,

179 2025 209 2065 se
224 2007 317 2064 divino
333 2001 437 2075 judicio
452 1999 571 2055 existere
596 1995 630 2050 de
657 1994 813 2065 perpetrata
834 1988 974 2060 iniquitate
1028 1988 1057 2044 S.
1076 1988 1149 2054 tulii,
1167 1990 1195 2046 S.
1211 1990 1367 2063 Gaudentii,
1384 1994 1417 2050 S.
1435 1994 1600 2063 Victoris,S.
1615 1996 1824 2066 Quirici,S.lli·

178 2102 339 2172 cognoscat,
354 2101 381 2149 et
398 2108 413 2147 a
441 2085 626 2145 sacratissimo
655 2096 771 2153 corpore
790 2087 816 2135 et
839 2077 974 2151 sangnine
1028 2078 1142 2145 clraelis,
1158 2079 1190 2136 S.
1210 2080 1294 2148 Petri,
1321 2080 1349 2136 in
1371 2082 1469 2154 quibus
1482 2084 1657 2142 Novaniensis
1674 2088 1824 2161 episcopus

177 2188 227 2243 Dei
256 2194 281 2242 et
310 2179 418 2239 Domini
446 2173 636 2247 Redemptoris
666 2170 754 2226 nostri
781 2170 847 2226 lesu
874 2165 973 2222 Christi
1027 2167 1182 2239 episcopale
1207 2168 1253 2237 jus
1280 2169 1385 2226 babere
1407 2171 1585 2245 dignoscitur.
1600 2175 1631 2229 ln
1646 2178 1824 2248 campoLaro

176 2275 266 2333 aliena
293 2273 349 2337 ilat,
380 2277 462 2339 atque
489 2266 515 2321 in
540 2271 662 2321 extremo
692 2257 817 2314 examine
846 2255 973 2311 districtae
1027 2255 1135 2326 plebem
1159 2257 1188 2313 S.
1214 2257 1296 2326 Petri,
1323 2259 1469 2315 ecclesiam
1493 2261 1522 2317 S.
1538 2262 1697 2330 Gaudenffi,
1713 2265 1818 2323 egge„

175 2363 271 2422 ultioni
295 2361 443 2429 subiaceat.
472 2353 582 2411 Cunctis
608 2357 700 2406 autem
722 2347 811 2403 eidem
826 2344 886 2400 loco
898 2343 973 2416 justa
1028 2344 1055 2400 S.
1071 2344 1161 2414 llajoli
1180 2345 1283 2402 eccles.
1302 2347 1465 2416 Alexandri,
1481 2350 1627 2408 ecclesiam
1642 2353 1676 2409 de
1691 2354 1823 2423 berredo,

176 2451 346 2513 servantibus
374 2450 408 2503 sit
436 2461 489 2517 pax
515 2440 625 2499 Domini
652 2435 738 2494 nostri
769 2436 834 2489 iesu
859 2431 970 2501 Christi,
1027 2441 1053 2489 et
1066 2435 1198 2504 capellam
1214 2433 1246 2490 S.
1262 2436 1378 2503 Naasrii,
1396 2438 1504 2509 plebem
1519 2438 1745 2512 vegevenensem
1759 2459 1824 2501 curn

175 2551 310 2619 quatenus
325 2546 353 2596 et
368 2539 410 2593 bic
436 2535 552 2590 fructum
577 2531 657 2585 bonae
680 2524 794 2581 actionis
810 2522 970 2595 percipiant,
1026 2522 1138 2593 capellis
1165 2522 1231 2591 suis,
1248 2524 1357 2594 plebem
1372 2526 1407 2581 de
1421 2526 1556 2594 Cassiolo,
1572 2529 1824 2590 ecclesiamdecs-

174 2642 201 2690 ct
215 2632 287 2704 apud
302 2627 453 2684 districtum
476 2621 603 2677 iudicem
631 2615 742 2688 praemia
762 2621 871 2669 aeterna.»
897 2610 972 2682 pacis
1026 2617 1139 2683 redono,
1155 2619 1229 2675 etde
1245 2618 1413 2687 drausione,
1429 2623 1574 2680 ecclesiam
1597 2626 1714 2693 Camari,
1730 2628 1823 2686 eede-

173 2720 323 2779 inrcniant.
339 2720 436 2779 lmen,
453 2727 544 2777 amen,
559 2724 648 2764 amen.
1026 2705 1094 2761 siam
1109 2707 1263 2764 llomentini
1277 2717 1302 2764 et
1314 2708 1423 2765 Galiati.
1446 2712 1557 2769 Plebem
1580 2713 1672 2787 olegii
1694 2730 1758 2772 curn
1771 2732 1823 2775 ca·

209 2820 268 2892 Ego
281 2812 455 2872 Innocentius
471 2805 617 2865 Catholicae
632 2801 763 2859 Ecclesiae
778 2798 934 2870 episcopus.
1025 2791 1105 2861 pellis
1119 2792 1187 2859 suis,
1203 2793 1311 2864 plebem
1326 2796 1360 2850 de
1384 2796 1520 2868 Dulciugi,
1537 2814 1599 2855 cum
1623 2800 1737 2870 eapptps
1751 2803 1822 2873 guig

209 2909 270 2981 Ego
298 2905 415 2963 Ubertus
439 2898 581 2972 presbyter
605 2890 756 2950 cardinalis
783 2887 852 2943 tituli
877 2881 972 2942 Sancti
1026 2881 1169 2937 ecclesiam
1185 2882 1216 2938 S.
1230 2883 1293 2937 tulii
1316 2898 1414 2939 novam
1432 2894 1459 2940 et
1475 2888 1626 2959 antiquam,
1642 2888 1750 2959 plebem
1764 2891 1822 2948 v..

173 2995 324 3056 Clementis
337 2987 498 3060 subscripsi.
1025 2968 1076 3023 rati
1089 2985 1149 3024 cum
1165 2969 1279 3041 capellis
1293 2970 1359 3035 suis,
1368 2971 1474 3042 plebem
1483 2974 1516 3029 de
1527 2973 1824 3048 Gntticocumcapellis

208 3087 270 3159 Ego
284 3081 429 3140 linselmus
444 3078 587 3151 presbyter
601 3072 641 3128 tit.
663 3070 692 3127 S.
714 3064 857 3124 Laurentii
873 3063 899 3118 in
914 3062 971 3117 Lu·
1025 3056 1092 3125 suis,
1106 3056 1214 3127 plebem
1230 3056 1364 3113 Gaudiani
1391 3075 1452 3116 curn
1480 3061 1594 3133 capellis
1620 3064 1687 3132 suis,
1708 3066 1820 3137 piebem

172 3177 233 3236 eina
247 3191 288 3232 ss.
984 3130 1052 3209 CS.
1068 3154 1129 3209 iulii
1145 3170 1206 3210 cum
1222 3155 1335 3221 capellis
1348 3156 1415 3224 suis,
1431 3158 1537 3228 plebem
1553 3160 1690 3218 Vemeniae
1702 3178 1764 3219 cum
1779 3180 1826 3221 cs·

209 3276 268 3347 Ego
282 3271 397 3328 Cosmus
422 3264 567 3339 presbyter
590 3255 723 3323 cardinal,
744 3252 813 3310 tituli
832 3252 863 3308 S.
882 3247 969 3306 Caeci-
1024 3243 1103 3315 pellis
1118 3242 1186 3310 suis,
1202 3243 1310 3315 plebem
1325 3246 1427 3300 Baveni
1441 3261 1503 3302 oum
1516 3249 1634 3320 capellis
1649 3251 1716 3318 suis,
1732 3253 1827 3326 capel·

173 3364 217 3421 ¹5ae
228 3379 266 3418 ss·
1024 3332 1077 3387 lam
1091 3332 1120 3387 S.
1136 3333 1234 3405 dugeli
1248 3341 1274 3388 et
1290 3333 1318 3388 S.
1336 3333 1462 3407 Remigii,
1478 3335 1588 3407 plebem
1618 3339 1653 3395 de
1670 3340 1743 3397 lntro
1757 3356 1825 3399 cum

210 3452 270 3522 Ego
285 3448 371 3503 lucas
381 3442 525 3517 presbyter
538 3436 671 3497 cardinal.
693 3432 765 3490 titul.
785 3431 838 3487 SS.
857 3424 970 3484 ioannis
1025 3421 1138 3492 capellis
1168 3421 1235 3491 suis,
1264 3422 1371 3494 plebem
1385 3425 1511 3495 blergotii
1538 3442 1601 3483 curn
1622 3429 1735 3501 capellis
1754 3431 1825 3500 suia,

174 3549 201 3597 οι
215 3536 292 3594 Pauli
308 3553 349 3591 3⁸,
536 3545 540 3552 ·
1025 3509 1131 3581 plebem
1148 3508 1243 3568 Oxulae
1257 3526 1320 3568 cum
1335 3512 1391 3567 suis
1406 3513 1585 3584 pertinentiis.
1607 3516 1747 3574 Ecclesiae
1760 3534 1825 3575 orn·

211 3628 270 3700 Ego
297 3622 457 3681 Dominicus
481 3619 593 3677 diacon.
618 3613 699 3673 card.
720 3612 763 3667 tit.
783 3609 814 3666 S.
838 3604 929 3662 llariae
943 3604 971 3659 in
1025 3615 1084 3667 nes,
1099 3616 1160 3672 quso
1174 3609 1236 3655 sunt
1252 3600 1281 3655 in
1294 3600 1366 3658 valle
1383 3601 1490 3660 Sicidae.
1506 3603 1616 3661 Plebem
1645 3605 1782 3676 Grinasci,
1796 3616 1827 3666 ct

174 3717 280 3774 Partica
296 3731 336 3770 ss.
1026 3689 1145 3761 capellas
1157 3689 1329 3759 Romaniani,
1347 3691 1456 3762 plebem
1472 3694 1582 3765 agamii
1596 3694 1642 3750 cui
1656 3697 1713 3751 suis
1735 3697 1825 3769 perti-

211 3806 272 3877 Ego
288 3801 441 3875 Gregorius
468 3799 580 3855 diacon.
599 3794 680 3852 card.
708 3792 868 3848 Sanctorum
884 3781 973 3858 Sergii
1025 3778 1135 3841 nentiis,
1164 3789 1190 3835 et
1218 3779 1324 3836 Seciani
1352 3795 1414 3836 oum
1431 3781 1487 3836 suis
1503 3782 1684 3853 pertinentiis,
1714 3785 1825 3857 plebem

176 3904 205 3954 εἰ
218 3894 302 3951 Μή
315 3910 357 3949 gs·
1026 3864 1099 3920 Xuni
1128 3881 1190 3921 curn
1217 3865 1331 3935 capellis
1345 3864 1412 3932 suis,
1432 3866 1542 3937 plebem
1557 3865 1690 3942 Quiregii,
1714 3871 1825 3942 plebem

211 3986 272 4058 Ego
285 3983 348 4040 Ouo
364 3981 496 4036 diaconus
511 3975 620 4034 cardin·
639 3973 670 4030 5·
689 3968 802 4042 Georgii
820 3982 861 4023 g„
1027 3953 1141 4020 l‘etrori,
1157 3969 1220 4011 cum
1234 3955 1400 4010 monasterio
1414 3962 1441 4011 et
1454 3956 1512 4012 suis
1527 3958 1649 4030 capellis,
1665 3958 1775 4030 plebem
1788 3960 1825 4018 da

212 4074 272 4149 Ega
286 4072 375 4130 (ΜΟ
389 4070 501 4127 diacon.
528 4066 607 4123 wd·
637 4064 800 4120 Sanctorum
826 4056 933 4112 0051„ae
947 4057 974 4107 et
1027 4042 1128 4109 Casuli,
1144 4048 1172 4098 et
1185 4051 1287 4110 castro,
1303 4052 1331 4099 et
1345 4044 1436 4100 villam
1452 4046 1578 4117 ejusdem
1589 4047 1703 4114 Cassiis,
1715 4049 1825 4121 plebem

176 4162 302 4221 Damiaoi
315 4178 356 4217 ss.
1028 4141 1212 4196 arcamariani
1235 4157 1296 4197 cum
1323 4142 1433 4214 capellis
1460 4145 1527 4211 suis,
1552 4144 1697 4202 ecclesiam
1726 4148 1826 4204 llonti·

215 4255 312 4309 parum
328 4246 484 4313 placentiae,
507 4261 557 4317 per
585 4255 693 4298 manum
718 4233 847 4292 llimerici
873 4239 974 4288 sanctae
1028 4230 1100 4298 celli,
1118 4231 1223 4302 plebem
1239 4231 1449 4303 Vespolatioum
1464 4233 1578 4303 capellis
1593 4235 1658 4290 suis.
1675 4233 1828 4306 Quascum-

178 4343 309 4399 Romanae
323 4333 581 4394 Ecclesiaediaconi
604 4326 752 4386 cardinalis
767 4320 973 4383 etcancellarii,
1029 4336 1081 4392 que
1108 4328 1241 4391 praeterea
1270 4321 1401 4377 ecclesias
1421 4321 1492 4376 intra
1519 4323 1563 4379 rel
1582 4333 1657 4380 extra
1687 4326 1826 4383 civitatem

179 4429 262 4485 tertio
270 4429 363 4483 Nonas
378 4424 464 4488 lunii,
479 4420 627 4477 indictione
642 4434 690 4482 xx,
706 4411 903 4471 iucarnationis
917 4410 975 4465 Do·
1029 4408 1206 4465 Novaniensis
1225 4409 1349 4466 Ecclesia
1363 4410 1496 4481 possidet,
1513 4420 1558 4467 aut
1573 4412 1599 4467 in
1615 4414 1734 4470 l'uturusn
1754 4430 1828 4472 con·

179 4517 288 4575 minicae
310 4529 381 4570 anno
397 4514 474 4577 113³,
503 4507 678 4582 pontificatus
694 4518 760 4561 vero
780 4500 874 4559 domni
888 4501 973 4556 inno·
988 4496 1014 4558 D
1029 4498 1154 4555 cessione
1180 4496 1347 4569 pontificum,
1360 4498 1505 4569 largitione
1516 4516 1622 4574 regum,
1653 4503 1696 4558 vel
1723 4503 1828 4575 princi-

179 4606 260 4665 centii
275 4605 299 4660 ll
314 4619 392 4676 papae
406 4615 479 4657 anno
494 4614 537 4654 ιιι.
1029 4612 1104 4669 pum,
1120 4595 1258 4652 oblatione
1272 4594 1405 4662 fidelium,
1418 4613 1467 4653 seu
1482 4597 1543 4653 aliis
1555 4600 1828 4674 justismodispra-

546 4705 614 4761 Clll.
1029 4701 1117 4751 stema
1128 4694 1254 4762 Domino,
1266 4694 1364 4765 poterit
1376 4695 1501 4766 adipisci,
1517 4694 1596 4754 firma
1610 4698 1689 4754 robis
1703 4699 1733 4754 in
1758 4714 1827 4772 per-

181 4827 335 4885 iurissium
350 4821 548 4880 Noourienaem
563 4816 699 4874 tuendum
713 4813 833 4886 inscipit
856 4813 884 4867 et
898 4809 975 4865 Lili—
1029 4801 1150 4866 leffium,
1165 4793 1360 4850 &liniemeralfl
1371 4794 1669 4851 masseredecefflimus·
1690 4796 1827 4856 Prohibe·

215 4898 290 4970 sredi
304 4897 426 4969 episcopi
446 4909 479 4948 uc
503 4893 562 4964 ejus
579 4902 771 4946 tuscanorum
788 4883 976 4956 potamion&
1030 4904 1091 4943 mus
1113 4887 1194 4944 etiarn
1223 4897 1252 4943 ut
1267 4887 1357 4944 nullus
1379 4886 1482 4960 absquo
1503 4895 1548 4944 tuo
1563 4887 1606 4944 vel
1633 4904 1828 4949 successorum

216 4969 379 5037 wadimi-
1032 4995 1140 5043 tuorum
1155 5002 1269 5042 assensu
1286 4986 1329 5042 vol
1348 4986 1433 5041 libera
1449 4985 1586 5044 voluntate
1606 4987 1633 5042 in
1661 4988 1829 5049 Novaniensi

387 5084 478 5147 (luno
495 5078 574 5146 1132,
589 5078 658 5133 lun.
676 5073 740 5145 25.)
1032 5087 1201 5159 episcopatu,
1218 5085 1295 5140 salva
1308 5085 1382 5141 sedis
1396 5085 1555 5157 apostolicae
1570 5087 1830 5157 reverentia,ecolc·

324 5206 469 5279 [Uarianam
486 5204 569 5260 llnliu
587 5218 679 5269 ruera,
695 5199 741 5267 tt,
757 5195 839 5270 iob]
1033 5186 1100 5240 siam
1116 5183 1229 5239 lundene
1244 5191 1400 5255 praesumat.

217 5325 408 5380 lanocnnrrus
423 5319 577 5392 episcopus,
593 5331 690 5374 seruus
705 5328 846 5370 serrorum
861 5311 978 5376 Dei,t'e·
1067 5279 1141 5337 Nufli
1157 5294 1223 5354 “8⁰
1237 5280 1348 5336 ⁰m⁰i¹¹⁰
1362 5279 1501 5336 h⁰¹¹¹i¹²¹¹¹¹¹
1516 5280 1558 5337 f⁸⁸
1572 5280 1606 5337 ⁸5¹
1618 5281 1761 5355 Plaestissm
1778 5282 1832 5345 Fac·

183 5411 299 5471 nerabili
331 5408 407 5465 iratri
451 5407 602 5462 Ltnrrnnoo
642 5401 806 5460 Novaniensi
838 5400 978 5472 episcopo,
1033 5379 1146 5438 ⁰¹0⁵l⁸¹¹¹
1160 5387 1266 5435 imese
1280 5379 1448 5450 P‘lffllbllet
1478 5388 1525 5434 ⁸1¹¹
1552 5379 1610 5449 0i¹¹⁸
1636 5383 1832 5453 immitium

183 5505 297 5575 ejusque
311 5496 519 5556 successoribus
531 5493 662 5552 canonice
670 5490 866 5549 substituendis
876 5489 905 5545 in
918 5504 980 5562 per·
1032 5477 1149 5545 auferte,
1165 5475 1207 5534 tel
1221 5476 1327 5533 ibim
1345 5478 1471 5547 relinere·
1487 5477 1619 5543 minum·
1633 5485 1681 5533 tul
1692 5477 1832 5553 aliquibus

181 5602 306 5667 potuum.
1034 5574 1226 5632 vexationibus
1252 5573 1378 5648 fatigare,
1408 5574 1458 5631 sed
1471 5573 1633 5631 carniacum
1659 5573 1832 5650 intergritate

216 5692 248 5747 ln
269 5685 398 5763 eminenti
411 5683 568 5759 apostolicae
588 5662 664 5740 aedis
688 5679 801 5754 apecula
816 5678 979 5750 disponente
1036 5682 1181 5733 serventur
1195 5689 1302 5743 eorum,
1314 5687 1367 5745 pro
1383 5686 1501 5748 qaorum
1512 5673 1712 5747 gubernatione
1725 5680 1754 5732 et
1777 5689 1830 5731 ω.
