3750 6000
68 253 146 317 {529
530 250 582 312 DE
603 249 738 314 uaeris
758 246 910 309 PONTIF.
935 246 1048 310 ANGb.
1070 283 1111 295 —
1133 251 1204 314 its.
1228 250 1266 312 ll.
1686 254 1766 319 1530

68 392 211 462 quatenus
225 384 368 443 swithuni
391 382 460 441 olim
475 383 604 457 episcopi
618 381 800 440 mausoleum
814 383 1010 453 ape-Apost
1045 383 1108 455 ejus
1136 383 1248 441 obitum
1279 384 1370 441 multe
1396 384 1502 454 diruta,
1530 389 1636 445 cuncta
1671 386 1763 445 mino·

67 479 158 548 riona,
173 479 274 535 efferat
297 475 445 548 reliquias,
461 476 632 532 inventurus
655 473 696 530 ibi
720 472 799 529 omni
823 471 888 528 the·
942 476 1017 528 rata.

66 582 153 625 sauro
180 564 366 639 pretiosiores
390 565 572 637 margaritas.
599 561 736 635 Respexit
759 568 888 633 tempora
977 560 1158 619 Ethslwoldc
1174 564 1313 621 successit
1328 563 1482 636 liiphegus,
1499 565 1575 622 bono
1600 567 1712 624 bonus:
1728 569 1765 627 de

65 657 129 728 ejus
145 655 271 713 clemens
285 655 433 723 divinitas,
448 659 481 710 ut
496 670 547 727 per
561 669 608 710 me
631 652 798 709 scelestibus
817 650 887 706 illu·
942 667 1000 722 quo
1024 653 1157 723 superius
1181 653 1290 725 aliquid
1315 654 1383 719 dixi,
1400 658 1429 711 et
1444 670 1521 711 nunc
1545 655 1632 712 latius
1654 658 1764 730 garrire

65 749 194 804 otrentur
204 743 438 818 prodigiis;etne
448 743 604 811 cuncteris,
612 741 666 798 hoc
674 740 746 797 habe
756 739 886 813 signum.
940 740 1020 796 libet.
1038 741 1112 797 Puer
1126 741 1267 799 librorum
1283 743 1433 817 amplexus
1450 744 1576 813 scholas,
1592 746 1763 806 adolescens

63 828 886 904 Annulosferreosvioleutercumplumbclapidisepulcrl
941 830 1075 887 alteravit
1099 830 1230 888 habitum
1256 834 1333 905 apud
1359 834 1474 891 lliherst
1489 835 1538 907 [ul.
1555 834 1677 908 Duhest]
1692 839 1763 893 tuuc

64 923 167 980 affixos
182 921 236 979 levi
252 921 356 978 adnisu
372 937 437 978 cum
457 919 534 977 voles
556 919 702 987 extrahes,
717 934 784 974 cum
806 916 886 975 voles
940 919 1077 991 exiguum
1093 920 1267 988 caenobium,
1280 938 1357 977 nunc
1372 921 1458 977 inane
1474 923 1654 995 antiquitatis
1668 923 1763 980 simu-

63 1028 210 1086 apponss:
226 1010 321 1068 ceteri
337 1011 360 1067 si
380 1011 458 1067 idem
482 1008 658 1066 tentaverint
681 1009 788 1064 frustra
810 1007 885 1063 erit:
940 1007 1064 1066 lacrum.
1081 1007 1141 1064 lllic
1156 1024 1222 1065 oum
1238 1009 1304 1065 vite
1326 1009 1501 1066 monachilis
1523 1011 1653 1083 regulam
1678 1026 1764 1069 acce-

63 1101 115 1157 ivit
129 1100 225 1169 illa,et
235 1099 437 1173 promissionis
452 1115 550 1155 coram
565 1097 670 1154 edituo
685 1112 804 1169 compos
815 1095 886 1152 effe·
939 1097 1041 1170 pisset,
1057 1098 1148 1154 altius
1164 1099 1234 1171 quid
1251 1098 1392 1155 anhelans
1407 1100 1578 1157 bethoniam
1603 1100 1762 1167 contendit,

63 1191 181 1259 ctus,sd
194 1188 378 1262 presentiam
389 1186 537 1260 pontilicis
553 1184 813 1252 admissusest,ibi
823 1200 885 1241 rem
940 1186 990 1243 ubi
1005 1203 1036 1245 se
1049 1186 1159 1244 cellula
1185 1188 1350 1245 secretioris
1366 1189 1525 1261 parietibus
1542 1189 1693 1247 includens
1708 1206 1763 1248 ce·

63 1278 206 1351 intrepide
226 1282 409 1352 prosecutus,
427 1278 514 1334 fldem
539 1278 682 1332 dictorum
708 1274 821 1332 habuit.
834 1274 886 1331 Die
939 1275 1025 1333 lestis
1040 1281 1136 1334 mente
1152 1276 1268 1333 libebat.
1283 1277 1382 1333 Plures
1399 1293 1527 1350 pereum
1539 1278 1607 1335 boni
1618 1278 1762 1335 adlocum

63 1382 131 1440 ergo
147 1367 225 1425 dicta
240 1367 389 1424 elevantur
403 1383 469 1424 ossa
484 1367 519 1423 de
535 1363 660 1432 tumulo,
671 1367 886 1437 componuntur
939 1365 1076 1424 monachi
1091 1365 1270 1440 congregati,
1281 1367 1369 1422 etiam
1386 1370 1419 1422 ut
1431 1367 1462 1422 frt
1478 1367 1507 1422 in
1525 1383 1629 1439 niagno
1644 1382 1764 1440 corpore

63 1456 93 1513 iu
109 1456 227 1514 scrinio.
242 1455 395 1512 Concurrit
408 1455 453 1513 vis
467 1456 571 1525 ingens
585 1453 677 1526 vulgi,
693 1452 884 1521 vctaoll'errc,
940 1455 1134 1530 corruptelam
1161 1455 1254 1512 morbi
1279 1459 1460 1513 contraxere.
1483 1456 1605 1523 Quidam
1630 1456 1705 1513 enim
1728 1471 1763 1511 ex

61 1550 127 1603 vota
141 1544 303 1602 cumulare.
321 1543 424 1601 Nullus
439 1558 470 1600 so
485 1543 616 1615 queritur
630 1542 807 1609 fraudatum,
821 1557 886 1599 om·
939 1547 982 1604 eis
996 1546 1144 1604 nesciente
1160 1553 1239 1619 patre
1254 1547 1386 1604 convivia
1401 1547 1428 1602 io
1442 1551 1554 1603 noctem
1571 1548 1687 1613 ducere,
1699 1564 1764 1620 per·

61 1638 203 1707 niafiunt,
220 1641 325 1693 cuncta
347 1637 554 1693 conceduntur.
570 1634 701 1707 lienique
722 1637 804 1690 tanta
827 1633 887 1690 mi·
940 1636 1066 1709 indeque
1081 1637 1280 1709 potationibus
1296 1636 1331 1693 ad
1348 1637 1443 1693 luceru
1458 1637 1602 1693 insistere.
1617 1635 1682 1693 Non
1698 1635 1764 1693 tulit

62 1726 229 1784 raoulcrum
244 1725 328 1799 copia
338 1725 369 1781 in
384 1725 464 1782 omni
476 1739 582 1799 genere
592 1722 788 1780 valetudinem
804 1722 884 1779 exhi·
900 1708 923 1773 B
938 1726 967 1782 id
983 1726 1095 1783 diutius
1111 1731 1205 1795 fleus3
1222 1729 1272 1783 sod
1289 1726 1461 1800 signiferum
1489 1726 1623 1784 factionis
1648 1727 1679 1784 in
1703 1727 1764 1784 ede

61 1815 347 1888 bitseet,quaotam
369 1813 450 1871 nulla
474 1812 613 1870 memorie
637 1811 792 1868 hominum
816 1810 886 1867 alibi
940 1815 1209 1873 conventiculorum
1239 1817 1367 1883 conscio,
1396 1820 1488 1873 morto
1521 1815 1644 1888 perculit
1680 1823 1764 1874 nocte

64 1903 170 1962 factam
195 1904 335 1975 attingere
350 1905 454 1976 potest,
472 1902 561 1959 habet
574 1917 642 1975 ergo
657 1904 885 1974 cognomentum
940 1905 1125 1977 intempesta.
1142 1903 1261 1961 Interim
1278 1909 1395 1962 sanctus
1409 1904 1590 1962 orationibus
1605 1902 1765 1978 interpola·

61 1994 104 2050 Pii
121 1999 240 2050 sanctus
251 1992 311 2062 ille,
327 1993 408 2050 omni
419 2009 450 2050 se
462 1993 617 2061 invocanti,
633 1990 689 2049 nisi
707 1992 780 2048 fides
791 1991 888 2047 dafua·
941 1991 979 2048 tis
994 1992 1127 2065 concepit
1141 1991 1262 2048 auribus
1278 2006 1385 2048 sonum
1399 1992 1435 2047 ab
1450 1991 1552 2047 eadem
1566 1990 1652 2047 domo
1668 1991 1763 2064 prola·

61 2082 109 2153 rit,
122 2083 156 2139 ad
169 2081 370 2139 auxiliandum
381 2082 467 2141 celer.
480 2082 572 2154 Cujus
584 2081 699 2139 bonitas
710 2081 887 2153 iamdudum
941 2088 1001 2138 tum
1013 2081 1097 2154 qussi
1108 2080 1167 2135 vim
1178 2078 1362 2137 inferentium
1374 2083 1403 2135 et
1413 2078 1633 2137 sustinentium.
1645 2080 1765 2136 lliratus

60 2171 207 2239 inchoata,
233 2188 284 2229 neo
312 2176 412 2228 nostra
440 2174 522 2228 etate
546 2170 711 2229 exsolescit.
733 2170 798 2226 Vidi
823 2186 888 2243 ego,
941 2171 981 2228 rei
997 2171 1167 2237 novitatem,
1184 2169 1359 2242 pedetentim
1375 2184 1519 2241 suspenso
1534 2167 1626 2224 halitu
1643 2169 1766 2226 accessit

63 2261 141 2333 quod
172 2259 892 2333 mirumsit,hominsmcuiviolaotiaraptorum
940 2261 978 2318 ad
991 2259 1110 2317 ostium.
1127 2260 1203 2316 'fum
1220 2274 1286 2316 vero
1302 2273 1354 2331 per
1368 2260 1459 2315 rimas
1475 2259 1669 2315 fenestrarum
1692 2257 1766 2315 vidit

62 2349 212 2406 effodisset
227 2347 351 2419 lumina,
367 2349 460 2406 oculis
475 2348 518 2406 vel
533 2349 592 2405 iliis
607 2348 650 2405 vel
665 2347 732 2405 aliis
748 2351 828 2418 (nam
846 2348 889 2405 illi
941 2350 1016 2408 duos
1030 2351 1162 2423 ingentes
1177 2349 1334 2418 demones,
1354 2348 1478 2406 cadaver
1499 2347 1632 2404 exanime
1655 2348 1766 2405 crebris

60 2438 244 2512 longiuscule
283 2438 402 2510 projecti
441 2439 567 2508 fucrant)
600 2439 725 2511 receptis
753 2454 888 2496 serenam
941 2439 1113 2497 malleorum
1136 2438 1242 2495 ictibus
1267 2442 1448 2510 torquentes,
1472 2437 1523 2493 illo
1548 2437 1766 2495 miserabilibus

60 2525 158 2584 lucem
170 2542 222 2600 per
233 2527 381 2585 swithuni
394 2529 495 2585 merita
511 2528 669 2600 recepisse3
682 2533 802 2601 eratque
815 2544 889 2601 pre·
941 2529 1100 2601 ejulatibus
1115 2527 1288 2598 suffragium
1305 2530 1463 2599 querente.
1476 2526 1701 2598 Respondebaot
1716 2526 1766 2583 ho-

62 2616 152 2673 terite
177 2616 355 2675 calamitatis
377 2617 529 2687 indicium,
547 2619 622 2690 quod
638 2618 731 2675 aculei
754 2617 888 2690 punctio·
942 2622 1014 2689 stes,
1029 2633 1082 2674 nac
1098 2621 1128 2672 tu
1144 2616 1266 2673 obedisti
1281 2616 1351 2684 Deo,
1367 2631 1420 2675 uec
1435 2631 1488 2672 noe
1510 2614 1574 2673 tibi.
1591 2615 1672 2681 Quod
1696 2631 1764 2672 cum

60 2721 132 2762 num
149 2707 304 2779 palpebras
319 2707 533 2765 deformabant.
546 2707 614 2764 Vult
629 2708 740 2765 interea
755 2712 887 2776 sanctus,
943 2722 1028 2764 mane
1050 2705 1162 2763 ceteris
1186 2704 1342 2772 retulisset,
1357 2721 1416 2762 non
1441 2705 1549 2761 mirum
1569 2704 1663 2762 fuitei
1677 2720 1764 2763 com·

62 2801 96 2856 ut
118 2797 147 2854 in
173 2799 313 2856 omnibus
337 2796 516 2871 glorificetur
541 2799 629 2864 Deus,
644 2813 697 2854 osc
720 2798 839 2870 patitur,
857 2800 889 2854 ut
943 2797 1153 2853 messationum
1169 2793 1326 2867 complices
1342 2794 1410 2850 facti
1423 2800 1491 2851 suot
1506 2795 1696 2853 abstinentes.
1705 2792 1764 2851 De·
1808 2790 1811 2795 ’

60 2887 171 2961 aliquis
186 2905 235 2959 per
251 2905 317 2945 sum
338 2891 469 2957 sanatus,
485 2888 584 2945 carnis
600 2888 745 2945 volutatur
765 2887 890 2958 lubrico,
941 2887 1040 2944 functo
1054 2901 1123 2958 ergo
1137 2883 1283 2941 Wentanc
1310 2882 1447 2955 episcopo
1467 2884 1636 2940 Dunstanus
1654 2883 1764 2942 archis·

61 2978 112 3052 qui
133 2977 207 3034 nolit
230 2978 374 3050 preterito
400 2976 545 3051 implicari
569 2978 682 3034 morbo.
699 2977 773 3044 Quin
798 2978 886 3034 etiam
901 3017 927 3085 G
942 2977 1077 3050 piscopos
1101 2975 1222 3031 andrae
1246 2972 1368 3046 apostoli
1393 2972 1555 3045 Elpbegom
1580 2973 1765 3031 nominatum

61 3082 129 3125 oum
145 3065 215 3122 olim
231 3067 366 3124 monachi
383 3066 591 3124 miraculorum
609 3067 888 3138 frequentiadcfessi
940 3066 1075 3140 eligentis
1103 3065 1255 3120 animatus
1286 3062 1414 3130 oraculo,
1443 3062 1579 3119 eumdem
1613 3063 1766 3120 substituit

61 3158 170 3223 essent,
181 3159 209 3210 et
225 3154 328 3211 mediis
344 3156 479 3213 noctibus
494 3160 597 3211 eventu
614 3155 740 3227 alicujus
756 3155 888 3227 prodigii,
939 3155 1137 3227 throno.1pse
1161 3152 1291 3226 prudens
1315 3151 1345 3207 in
1369 3150 1486 3217 seculo,
1502 3150 1627 3223 simplex
1650 3153 1680 3209 iu
1697 3154 1764 3220 Deo,

59 3258 125 3302 sese
141 3243 243 3315 inopes
265 3243 374 3315 quippe
399 3245 494 3300 somni
519 3245 643 3301 citarent
657 3245 706 3317 [ol.
723 3244 885 3319 tricarent]‚
941 3245 1049 3304 extima
1064 3243 1223 3316 providere,
1234 3240 1339 3297 intima
1350 3257 1408 3297 non
1425 3240 1581 3313 negligere.
1592 3243 1764 3299 Antecesse-

65 3348 124 3388 non
141 3330 227 3388 latuit
242 3335 342 3402 torpor
351 3347 451 3389 eorum
461 3334 550 3389 sancti
567 3332 685 3389 oculum
697 3334 732 3390 dc
743 3333 828 3406 longe
842 3334 886 3391 ln·
942 3336 982 3392 ris
997 3334 1044 3392 sui
1056 3349 1123 3390 ossa
1137 3329 1242 3388 extulit
1252 3346 1329 3386 anno
1339 3346 1378 3385 xu
1391 3334 1457 3402 post
1468 3329 1677 3400 depositionem
1688 3332 1762 3402 ejus,

65 3420 802 3494 tuentem.ContinuoqucEtbelwoldoapudcurium
812 3422 888 3496 regis
941 3424 1032 3497 signis
1047 3421 1236 3496 quibusdam.
1247 3422 1275 3475 ct
1287 3418 1329 3475 cis
1345 3434 1402 3474 uon
1417 3416 1530 3476 levibus
1544 3418 1580 3475 ad
1597 3419 1764 3476 audendum

65 3512 202 3582 soporato
217 3509 321 3578 astitit,
331 3510 512 3566 vocationem
524 3509 664 3567 minitans
678 3511 849 3580 sanitatum,
862 3512 887 3569 si
942 3527 1110 3585 persuasus.
1121 3513 1215 3583 Atque
1226 3513 1259 3565 ut
1269 3509 1342 3565 tanti
1353 3506 1445 3581 patris
1461 3509 1560 3565 sedern
1575 3509 1663 3581 digna
1677 3524 1762 3567 orna·

66 3600 201 3657 monachi
218 3599 342 3657 ulterius
353 3599 465 3656 alaude
475 3600 525 3656 Dei
537 3605 688 3671 putassent
700 3603 886 3659 cessandum.
942 3608 996 3671 ret,
1012 3601 1132 3674 vestigia
1151 3600 1315 3657 sanctitatis
1330 3599 1395 3670 eJus
1410 3604 1517 3668 terens,
1533 3601 1650 3673 quando
1675 3600 1762 3656 sede·

62 3692 119 3749 Cur
134 3690 212 3746 enim
227 3691 259 3747 in
273 3689 324 3746 Dei
345 3689 537 3746 dormitarent
559 3688 659 3760 laude,
674 3706 742 3747 curu
757 3693 821 3763 lpse
835 3707 887 3764 pro
944 3691 992 3748 bat
1006 3690 1044 3748 ad
1059 3706 1202 3757 mensam,
1215 3704 1269 3745 nec
1282 3690 1391 3745 ventris
1407 3688 1606 3760 ingurgitabat
1617 3689 1765 3759 lacunam,

62 3795 161 3836 eorum
177 3779 312 3852 vigilaret
326 3779 445 3837 salute?
461 3781 517 3837 Sed
542 3794 596 3836 nec
611 3780 673 3851 ipse
691 3779 888 3839 athelwoldus
942 3797 995 3838 nec
1010 3778 1363 3838 abstinentisincurrebat
1374 3792 1523 3848 pompam.
1536 3776 1678 3833 Carnibus
1688 3792 1765 3834 nun·

64 3887 80 3926 a
94 3869 244 3927 miraculis
258 3869 426 3927 otiabatur:
440 3869 653 3942 videbaturque
671 3870 776 3927 emula
791 3869 844 3926 vivi
860 3875 889 3928 et
942 3887 1030 3944 quam
1047 3868 1104 3926 nisi
1119 3883 1194 3940 ager
1208 3865 1350 3922 indulsit:
1368 3864 1472 3937 pocula
1484 3881 1600 3922 summo
1616 3871 1701 3924 tenue
1716 3882 1765 3924 ore

64 3959 170 4016 mortui
180 3962 347 4016 sanctorum
359 3959 537 4032 pietas,dum
549 3958 617 4017 hinc
628 3959 694 4017 iude
704 3961 888 4017 crebrescen-
943 3975 1060 4032 semper
1074 3957 1184 4016 libavit.
1201 3954 1345 4012 Prodebat
1359 3952 1566 4009 abstinentiam
1581 3953 1765 4013 commestic-

65 4048 141 4104 tibus
169 4054 335 4104 sanctorum
365 4048 507 4121 prodigiis
535 4047 623 4120 hujus
652 4049 889 4108 corroboraretur
943 4051 989 4106 nis
1007 4044 1292 4118 tenuitascorporis,
1308 4040 1386 4115 quod
1411 4040 1458 4097 vix
1484 4044 1603 4101 ossibus
1627 4044 1764 4103 herebat.

63 4135 148 4202 fides,
163 4136 253 4208 huius
276 4136 434 4195 valetudini
457 4142 640 4195 revocaretur
663 4139 793 4196 sanitas:
810 4155 889 4197 mco·
943 4139 1085 4197 Noctibus
1100 4139 1204 4197 fallens
1220 4141 1360 4197 custodes
1374 4138 1547 4212 procedebat
1562 4133 1643 4191 solus
1654 4134 1689 4188 ad
1706 4149 1765 4190 am·

64 4226 184 4282 tiferum
200 4226 280 4283 viros
295 4226 493 4284 fraudulentia
514 4228 715 4285 ministrorum
739 4229 888 4297 haustam,
944 4245 1023 4300 nem,
1036 4230 1085 4287 ubi
1101 4230 1249 4286 demersos
1264 4232 1300 4286 ad
1316 4228 1377 4298 ilia,
1388 4232 1417 4284 et
1426 4229 1455 4285 tn
1466 4227 1517 4283 Dei
1533 4224 1666 4281 laudibus
1683 4237 1766 4278 excu-

63 4330 131 4372 cum
155 4315 214 4385 jam
231 4331 281 4387 per
294 4320 376 4372 artus
404 4317 535 4389 irrepens
559 4317 764 4388 depasceretur
778 4318 887 4386 vitalia,
903 4322 927 4390 1)
943 4320 1026 4391 bans,
1042 4319 1208 4376 albescente
1226 4320 1290 4391 jam
1315 4315 1458 4384 diluculo,
1482 4313 1678 4370 nescientibus
1702 4311 1766 4368 suis

64 4404 121 4459 fide
137 4402 293 4460 discussit:
309 4421 359 4460 vas
373 4404 499 4479 oleagini
522 4405 647 4479 liquoris
670 4407 886 4480 receptaculum
941 4408 1114 4466 succedebat
1137 4406 1283 4464 cubiculo.
1300 4405 1414 4463 Exactis
1434 4405 1463 4460 in
1484 4403 1654 4475 episcopatu
1679 4399 1765 4457 anuis

64 4494 210 4562 reparavit
225 4493 385 4566 perditum,
401 4495 595 4552 accumulavit
620 4497 792 4566 inventum
808 4502 887 4556 fure·
941 4499 1058 4557 duobus
1073 4506 1100 4555 et
1113 4498 1228 4570 vigiotl,
1243 4496 1399 4553 translatus
1421 4498 1466 4551 est
1487 4493 1629 4561 Cantium,
1646 4491 1765 4559 invitus,

63 4581 250 4637 cismonachi
263 4582 382 4638 brachia
392 4582 590 4640 invisibilibus
599 4583 806 4656 laqueisverbc
817 4586 890 4644 irre-
943 4592 973 4646 ut
987 4589 1079 4658 aiunt,
1093 4588 1170 4659 quod
1195 4594 1334 4644 consueto
1359 4585 1492 4657 privatus
1517 4583 1636 4648 honore,
1654 4583 1765 4654 majore

65 4669 140 4736 tivit,
171 4669 291 4742 solaque
319 4670 522 4728 benedictione
553 4672 686 4743 ejusdem
724 4675 889 4735 confitentis
943 4679 1127 4751 premeretur
1145 4678 1437 4734 onere.Wsntanum
1461 4670 1539 4727 enim
1563 4671 1765 4742 episcopatum

66 4756 130 4814 lora
145 4758 267 4816 evolvit:
283 4759 406 4817 alterum
431 4760 461 4816 iu
485 4761 627 4834 precipiti
652 4765 779 4818 stantem
802 4779 889 4823 casus
943 4763 1114 4838 Kenulphus
1129 4762 1308 4836 burghensis
1322 4762 1412 4818 abbas
1432 4758 1560 4816 nummis
1585 4757 1766 4814 nundinatus

64 4847 182 4919 dfll'ffst.
200 4849 250 4905 ⁸0⁶
267 4850 357 4907 ⁰f²fi⁰
382 4848 557 4907 Elhtlwoldi
572 4851 667 4907 rutuli
682 4866 802 4908 manum
817 4870 891 4928 sup·
943 4856 1177 4926 fuerat;sednon
1189 4854 1468 4923 diusacrilegcausu
1479 4848 1765 4916 letatus,anteducs
1863 4874 1868 4885 ·

66 4939 174 5011 posuit,
186 4938 283 4995 officio
298 4940 438 4997 restituit.
457 4940 557 4997 lusdia
572 4940 704 4997 ciborum
720 4956 772 5011 pro
787 4943 891 5000 sterili·
943 4962 1036 5005 anuos
1051 4944 1201 5002 hominem
1215 4943 1304 5000 exuit.
1320 4943 1356 4998 et
1371 4941 1527 5014 lilphagus,
1544 4942 1577 4996 ut
1591 4936 1713 5009 pallium
1728 4935 1765 4993 ab

63 5031 125 5084 tate
140 5027 193 5083 soli
217 5029 396 5102 provinciam
421 5029 576 5100 invaserat,
589 5031 682 5103 Jussit
704 5027 755 5089 ille
778 5041 890 5092 sacrata
943 5033 1103 5109 apostolico
1131 5031 1282 5105 reciperet,
1312 5032 1430 5088 Romam
1456 5029 1647 5095 contendens,
1677 5024 1766 5098 Alpes

65 5130 135 5171 vasa
149 5116 293 5191 confringi
309 5121 338 5174 et
352 5117 499 5187 distribui,
515 5123 690 5192 protestatus
706 5123 812 5182 melius
826 5142 890 5183 asse
942 5122 1133 5182 transcendit.
1144 5121 1186 5178 lbl
1202 5120 1231 5176 in
1245 5121 1307 5177 vico
1317 5121 1445 5192 quodam
1456 5119 1638 5190 hospitatum
1655 5116 1763 5173 rustica

64 5206 97 5258 ut
119 5205 235 5261 metalla
259 5207 434 5264 miserorum
460 5206 574 5282 inopie,
591 5225 680 5282 quana
702 5215 889 5272 sacerdotum
943 5212 1100 5271 multitudo
1115 5213 1232 5276 adorsa,
1247 5208 1385 5266 omnibus
1403 5208 1466 5265 suis
1489 5207 1579 5263 eruit.
1600 5205 1763 5275 Statimque

65 5291 276 5351 famularentur
295 5297 453 5367 jactantia.
469 5296 550 5355 Nova
568 5302 786 5374 ergoucolesis,
798 5303 888 5362 uldiu
941 5303 1028 5376 ignis,
1043 5301 1188 5357 incertum
1203 5299 1280 5355 uode
1301 5305 1396 5362 natus,
1413 5297 1516 5352 domos
1540 5294 1691 5365 corripuit,
1711 5293 1762 5365 qui

63 5379 288 5453 desideraverat,
297 5385 439 5442 edificata
454 5386 589 5445 sublatus
604 5392 647 5446 est
661 5393 772 5451 mundo
783 5410 889 5465 magna
942 5391 1090 5465 spiraculo
1100 5387 1308 5459 ventiadjutus
1318 5386 1372 5443 toti
1382 5389 1443 5442 vico
1454 5385 1575 5442 exitium
1587 5383 1762 5441 minabatur.

64 5469 275 5527 monachorum
299 5488 432 5542 erumna,
453 5491 506 5533 aaa
532 5477 624 5536 nulla.
641 5482 752 5555 Quippe
775 5483 823 5542 llic
838 5500 888 5541 su·
939 5483 1012 5539 'fam
1028 5481 1118 5537 bruta
1134 5477 1242 5534 mantis
1257 5475 1390 5533 homines
1410 5490 1483 5550 egre
1497 5475 1565 5531 licet
1578 5472 1762 5531 animadver-

63 5558 164 5619 blimis
188 5561 311 5620 euolat
335 5563 365 5620 in
386 5561 497 5635 gloria:
523 5568 666 5641 coenobla,
691 5574 888 5644 queisceret
941 5561 1764 5639 tentesdelictum,rabidispcssibuslamegressumjam·
