3750 6000
29 1338 34 1345 ,
117 1285 255 1334 QUOMODO
274 1286 307 1325 ET
325 1285 432 1333 QUIBUS
447 1287 482 1326 OE
501 1286 599 1326 crusis
619 1286 765 1325 bosseriis
779 1284 875 1324 cottias
895 1283 944 1323 110·

55 224 58 231 ·
124 277 202 338 lior
571 275 768 339 WlLLELMl
791 270 1158 336 nauusssustsusls
1181 272 1359 336 110111οΗ1
1751 272 1826 338 1108

126 414 156 466 et
181 409 260 465 illius
276 412 377 464 contra
400 425 512 474 omnes,
525 431 538 458 »
565 409 709 465 [tubertus
723 413 784 465 toto
807 424 883 463 anno
898 405 948 463 illo
963 408 989 475 Α
1005 404 1175 462 Gloeeeslrae
1200 407 1353 476 bobertus,
1369 405 1418 478 qui
1434 410 1495 463 erat
1521 405 1551 462 in
1579 406 1772 475 Normannia,
1797 408 1825 463 in

85 546 89 555 .
125 498 308 554 securumin
337 497 513 553 Normannia
527 503 586 570 egit
602 501 704 554 otium.
736 499 795 553 Rex
816 502 946 570 prompte
1000 495 1134 568 proximo
1150 502 1247 567 partes
1266 497 1374 551 sororis
1394 498 1466 551 loret
1485 496 1656 568 adjuturus,
1672 514 1740 568 rege
1764 502 1825 553 tan·

125 593 226 643 eontra
241 586 297 641 sibi
314 586 482 643 resistentes
495 590 594 643 erebro
610 590 654 657 (ut
673 588 830 657 ferebatur)
852 588 945 640 dicere
1000 585 1152 641 tunimodo
1168 590 1235 640 ante
1250 586 1457 641 diitidatolt'ee
1473 585 1545 642 fides
1559 587 1616 657 (Ori)
1630 604 1728 643 rerum
1746 589 1824 643 lame

20 722 32 745 ,
119 677 254 734 solebat:
273 699 287 726 u
302 677 372 734 Cum
384 693 430 733 me
446 678 475 732 in
487 693 585 749 regem
601 678 751 751 elegerint,
764 695 816 732 cur
832 694 877 732 mc
897 676 946 730 de·
1000 673 1146 730 levitatem
1164 675 1320 731 destituit:
1343 675 1476 731 celeriter
1493 677 1573 731 anim
1603 684 1670 750 post
1694 677 1824 733 Pentros

20 760 26 767 ’
121 767 514 837 slitnunt‘?pernasccntiam
527 767 741 839 Dei,nunquam
755 784 802 822 rex
813 767 945 837 dejectus
1000 771 1075 833 slen,
1093 763 1190 819 missis
1205 765 1411 820 aNormannia
1426 766 1488 820 suis
1500 766 1571 838 regi,
1588 783 1668 822 ruore
1684 768 1822 837 majorum

57 854 64 895 ῐ
120 855 312 929 appellabor!
343 879 358 905 u
386 856 538 924 liebertus,
569 857 651 929 quasi
682 860 794 929 positus
819 856 849 911 in
879 872 943 927 spe·
999 851 1159 909 amicitiam
1175 853 1472 920 etfideminterdixit,
1491 854 1628 927 homagio
1644 856 1734 912 etiam
1746 856 1822 911 abdi·

121 946 186 1001 cula
202 946 269 1017 (91),
286 961 384 1002 rerum
406 947 574 1018 providebat
588 948 759 1013 exitum;et
772 962 807 1002 ne
820 947 943 1016 dejura·
999 943 1243 1009 cat03rationem
1274 943 1431 1015 prelerens
1460 959 1545 1016 quam
1561 944 1589 998 id
1614 945 1819 1015 justeiueeret,

122 1041 230 1101 mento,
248 1035 323 1105 quod
337 1035 429 1091 sorori
446 1037 563 1104 fecerat,
579 1053 648 1108 erga
662 1042 754 1093 Deum
766 1040 794 1091 et
812 1035 944 1091 homines
999 1032 1069 1104 quia
1084 1036 1112 1088 et
1128 1049 1177 1088 rex
1202 1032 1302 1089 illicite
1317 1033 1354 1089 ad
1369 1049 1493 1106 regnum
1507 1034 1702 1106 aspiraverat,
1721 1040 1750 1092 et
1763 1052 1820 1092 om·

124 1123 253 1198 perlidie
268 1129 426 1194 notaretur,
439 1124 538 1182 sedulo
550 1125 705 1197 cogitabat.
999 1137 1065 1177 nem
1078 1122 1164 1176 fidem
1177 1121 1231 1177 sibi
1243 1123 1372 1193 juratam
1390 1121 1566 1194 neglexerat,
1581 1137 1617 1179 ne
1628 1123 1728 1180 dicam
1749 1139 1820 1181 men-

998 1210 1071 1265 tiles
1100 1210 1213 1276 inerat;
1235 1211 1361 1283 ipsamet
1389 1211 1460 1282 quin
1485 1210 1572 1268 etiam
1602 1219 1707 1269 contra
1736 1212 1820 1286 legem

997 1298 1117 1370 egisset,
1133 1301 1194 1371 qui,
1211 1304 1500 1370 postserramentum
1520 1302 1599 1374 quod
1616 1303 1711 1359 sorori
1736 1303 1821 1358 deda-

998 1392 1052 1455 rat,
1069 1389 1151 1444 altari
1166 1388 1282 1445 cuilibet
1310 1406 1344 1445 ea
1359 1391 1472 1446 vivente
1487 1406 1519 1447 as
1544 1407 1651 1448 manus
1681 1392 1753 1449 dare
1771 1408 1820 1447 non

49 1544 54 1553 ,
156 1489 233 1555 §ra
260 1489 344 1543 Anno
368 1484 577 1542 incarnationis
601 1485 760 1542 Dominicae
786 1484 943 1539 millesimo
997 1476 1171 1535 erubuisset.
1190 1478 1509 1535 animabantnimirum
1527 1483 1657 1537 mentem
1672 1481 1737 1553 ejus
1752 1480 1821 1537 mul·

119 1576 277 1631 centesimo
293 1575 441 1631 tricesimo
453 1580 565 1639 octauo,
581 1575 729 1630 intestinis
740 1573 874 1629 dissidiis
884 1575 944 1627 An·
997 1569 1095 1622 torum
1111 1566 1314 1639 religiosorum
1340 1584 1488 1638 responsa,
1501 1585 1576 1641 quos
1598 1585 1686 1641 super
1711 1570 1821 1641 negotio

118 1663 177 1736 glia
193 1664 397 1734 quatiebatur:
415 1663 501 1719 multi
526 1664 683 1735 siquidem,
705 1680 781 1734 quos
805 1661 944 1718 nobilitas
998 1656 1207 1713 consuluerat:
1227 1656 1313 1714 Nullo
1330 1658 1416 1714 modo
1432 1674 1496 1714 eum
1514 1675 1600 1731 posse
1616 1659 1682 1716 sine
1697 1659 1821 1732 ignomi-

114 1753 242 1822 generia,
260 1751 303 1808 vel
321 1753 493 1823 magnitudo
509 1753 611 1820 animi,
628 1752 671 1808 vel
687 1753 782 1824 potius
797 1751 945 1807 viridioris
998 1745 1047 1800 nia
1062 1745 1148 1800 vitam
1170 1754 1340 1816 presentem
1362 1748 1530 1818 transigere,
1545 1747 1588 1804 vel
1604 1748 1712 1805 mereri
1738 1747 1821 1805 beati·

114 1841 211 1897 atatis
227 1841 283 1912 (95)
300 1842 435 1909 audacia,
448 1844 482 1898 ad
499 1841 601 1897 illicita
612 1841 821 1913 praecipitabut,
834 1858 851 1895 a
866 1856 943 1911 rege,
997 1836 1130 1892 tudinem
1144 1838 1261 1907 lulurae,
1284 1839 1308 1893 si
1334 1843 1457 1910 paterna
1474 1839 1703 1897 necessitudinis
1725 1857 1820 1897 saera·

121 1930 152 1987 hl
168 1932 287 2004 praedin,
305 1933 334 1987 hi
355 1931 487 2000 castellii,
504 1938 651 2003 postremo
667 1930 944 2003 quaecunquesemel
998 1933 1127 1981 menium
1139 1927 1253 1981 irritum
1270 1927 1447 1983 1111119181.Αὰ
1459 1928 1519 1984 haec
1531 1930 1587 2001 (97)
1598 1929 1689 1985 eliam
1701 1935 1812 2002 aposio-

118 2020 311 2087 eolllbuisset,
328 2027 425 2094 petere
449 2038 505 2078 non
522 2022 716 2088 verebantur,
733 2037 796 2093 qna
813 2036 880 2077 eum
895 2019 945 2076 ille
997 2013 1045 2071 lici
1063 2015 1169 2070 decreti
1181 2033 1238 2086 prae
1254 2033 1285 2072 se
1299 2022 1428 2073 tenorem
1446 2017 1568 2084 larebat,
1586 2017 1783 2090 precipientis
1794 2021 1820 2073 ot

122 2109 191 2165 dare
206 2109 342 2178 dillerret,
356 2119 491 2167 excusata
506 2111 690 2167 mutilatione
705 2111 798 2181 regni,
814 2111 856 2165 vel
868 2110 944 2181 quod
999 2109 1192 2171 sacramento,
1209 2107 1287 2176 quod
1304 2116 1445 2177 prasente
1457 2111 1537 2178 patra
1553 2108 1671 2172 lecerat,
1688 2107 1820 2163 obediens

332 1359 449 1399 Massurii
468 1358 551 1398 ssels
570 1358 729 1397 asulcavtr.

122 2199 221 2255 eadem
237 2199 285 2254 alii
306 2200 555 2256 calumniarentur
576 2204 627 2255 aut
647 2200 735 2255 etiam
752 2199 944 2271 possiderent,
999 2197 1093 2262 esset;
1111 2195 1196 2264 cujus
1216 2195 1322 2250 decreti
1337 2198 1474 2268 paginam
1499 2195 1650 2268 posteriori
1666 2195 1766 2252 libello
1782 2198 1819 2252 in·

121 2287 946 2346 illicontinooiracommaticastellacontraeumobiir·
1001 2282 1097 2338 dicere
1116 2284 1232 2338 curabo.
1263 2288 1327 2340 Hac
1352 2285 1396 2340 vir
1418 2284 1545 2358 ille,qui
1575 2285 1663 2358 plena
1692 2286 1820 2341 satietate

123 2378 250 2445 mabsar,
267 2380 380 2451 predas
409 2380 541 2450 ingentes
569 2396 604 2435 ex
623 2379 687 2450 ejus
712 2379 797 2434 terris
810 2379 943 2449 agebant.
1000 2371 1149 2428 literarum
1166 2373 1318 2430 scientiam
1336 2374 1523 2441 combiberat,
1535 2391 1641 2447 magno
1659 2375 1756 2432 tractu
1774 2373 1820 2431 sibi

121 2467 179 2524 Nec
194 2485 261 2524 vero
274 2469 323 2525 ille
338 2469 502 2539 aliquorum
514 2469 674 2524 deiectione
686 2465 873 2540 frangebatur
883 2468 948 2537 ani·
1000 2461 1060 2518 l'ore
1076 2462 1266 2535 inposterum
1283 2465 1404 2521 sciebat.
1420 2466 1572 2536 Ceterum,
1584 2482 1634 2521 rex
1650 2482 1725 2537 aegre
1736 2468 1821 2522 tereus

122 2573 169 2613 mo
182 2575 189 2626 3
204 2559 254 2613 ssd
271 2559 359 2614 modo
372 2559 428 2627 hie,
445 2559 530 2615 modo
542 2558 602 2613 illic
617 2558 732 2613 subitus
744 2559 852 2627 aderat,
869 2573 947 2612 sem·
1000 2553 1117 2608 comitis
1132 2554 1417 2625 magnanimitatem,
1434 2554 1571 2612 omnibus
1589 2555 1667 2610 m
1678 2571 1748 2611 eum
1760 2571 1819 2628 pos·

121 2663 232 2718 perque
248 2663 300 2703 suo
326 2647 419 2718 magis
440 2663 529 2718 quam
550 2647 748 2703 resistentium
763 2646 869 2702 damno
886 2662 946 2701 rem
1000 2643 1184 2697 sessionibus
1199 2643 1229 2698 in
1246 2644 1350 2715 Anglia
1372 2645 1477 2716 quibua
1493 2648 1605 2717 poterat
1619 2645 1745 2715 privarit
1761 2643 1819 2715 (98),

122 2736 315 2792 conficiebat:
328 2735 429 2790 multis
442 2737 517 2792 712
533 2736 610 2791 enirn
627 2744 654 2791 et
669 2737 782 2807 magnis
797 2735 947 2790 laboribus
1000 2741 1030 2792 et
1045 2735 1176 2808 quadam
1198 2736 1264 2806 ejus
1288 2735 1406 2791 castella
1425 2735 1629 2808 complanavit.
1646 2734 1750 2791 Solum
1766 2733 1817 2789 Bri·

123 2825 186 2880 suis
202 2827 231 2880 in
252 2841 368 2881 cassum
385 2825 495 2892 effusis,
512 2826 588 2880 datis
603 2824 648 2879 vel
668 2825 828 2880 honoribus
843 2824 885 2879 rel
897 2841 947 2879 ea·
1001 2825 1107 2882 atosvia
1122 2826 1275 2889 remansit,
1297 2829 1329 2879 ut
1352 2841 1410 2880 non
1431 2825 1526 2880 solum
1543 2824 1643 2880 hostes
1659 2823 1819 2897 expelleret,

122 2913 949 2986 stellis,simulatamedtempuspacemabillisprome·
1000 2916 1049 2972 sed
1080 2915 1165 2970 etiarn
1194 2915 1305 2971 crebris
1330 2931 1425 2981 regem
1443 2913 1663 2970 incursionibus
1680 2913 1819 2986 fatigaret.

122 3001 214 3058 rebat.
232 3001 364 3073 Denique
379 3002 487 3058 multos
498 3002 584 3058 etiam
596 3003 727 3068 comites,
744 3003 794 3074 qui
811 3007 946 3057 antenon
1000 3004 1056 3060 Sed
1072 3003 1142 3076 quia
1153 3003 1278 3074 primurn
1292 3003 1400 3059 librum
1415 3002 1537 3059 Novella.
1553 3003 1688 3059 ilistoriae
1704 3003 1818 3058 areditu

121 3090 247 3159 fuerant,
264 3090 393 3146 instituit
405 3111 411 3160 3
424 3091 570 3163 applicitis
586 3090 823 3163 possessionibus
838 3096 868 3146 ct
882 3091 946 3146 red·
999 3093 1194 3164 imperatricis
1207 3095 1418 3164 (postmortem
1432 3093 1583 3163 rnariti)ad
1595 3096 1710 3165 patrem
1722 3092 1821 3147 bueus·

120 3180 230 3237 ditibus
250 3197 314 3253 quaa
331 3180 447 3253 proprio
460 3183 525 3252 jura
547 3181 606 3253 regi
626 3180 840 3253 competebant.
858 3160 981 3236 urantC
1000 3199 1058 3253 que
1074 3182 1251 3254 protraxisse
1271 3184 1429 3249 suffecerit,
1451 3200 1528 3238 nune
1553 3183 1719 3239 seeundum
1735 3183 1821 3239 ordia·

47 3320 50 3325 .
74 3279 76 3283 ‘
120 3268 164 3324 illi
180 3270 324 3326 avidiores
339 3270 375 3326 ad
390 3270 560 3343 petendum,
581 3275 610 3326 et
620 3269 646 3325 is
665 3271 813 3342 prolusior
827 3272 862 3325 ad
875 3271 946 3325 dan·
1003 3286 1080 3335 mur,
1102 3271 1137 3325 ab
1153 3286 1186 3326 co
1203 3287 1280 3327 anno
1296 3289 1354 3342 quo
1370 3273 1469 3327 eadem
1485 3272 1581 3343 virago
1593 3272 1622 3326 in
1635 3270 1820 3345 Angliamre·

121 3357 192 3416 dum
205 3375 212 3426 ;
225 3359 295 3430 quia
307 3359 383 3415 larua
392 3375 442 3429 per
454 3359 588 3430 angliam
600 3358 748 3421 uolitabat.
760 3358 839 3430 quod
849 3374 946 3415 comes
1001 3360 1057 3427 nit,
1068 3361 1081 3431 j
1087 3377 1121 3417 us
1134 3377 1222 3417 suum
1240 3367 1340 3417 contra
1355 3362 1535 3434 Stephanum
1552 3367 1711 3420 assertura.

602 3620 798 3682 „aare
828 3629 1001 3719 ursan
1027 3632 1345 3722 SECUNDUS.

158 3921 232 3994 519.
262 3923 346 3976 rinno
375 3918 533 3976 Dominioe
562 3918 946 3975 incarnationismillesimo
1002 3917 1103 3986 fratre,
1120 3918 1282 3976 Alexander
1296 3919 1535 3977 Lindocoliensis.
1552 3921 1716 3980 Alexander
1731 3926 1766 3981 ad
1782 3929 1819 3979 tu·

124 4010 284 4068 contesimo
298 4010 443 4066 tricesimo
459 4026 546 4078 nono,
562 4026 705 4066 venenum
719 4006 846 4075 malitiae,
857 4009 904 4064 diu
916 4007 945 4062 in
1002 4008 1098 4064 tamen
1111 4009 1154 4080 (ut
1164 4009 1287 4079 dicebat)
1303 4013 1332 4065 et
1343 4010 1513 4082 dignitatern
1523 4011 1663 4084 episcopii
1675 4014 1820 4070 castellum

124 4100 222 4158 auimo
234 4099 844 4172 regisStapboninutritum,tandemcrupil
855 4098 884 4152 in
897 4114 947 4168 pu·
1002 4097 1037 4153 de
1055 4098 1257 4155 Niwewerche
1272 4104 1484 4156 construxerat.
1502 4100 1653 4173 Rogerius,
1672 4103 1721 4175 qui
1737 4103 1819 4160 aditi·

121 4191 244 4247 blicum.
261 4189 439 4246 Serebantur
455 4191 484 4245 in
494 4189 598 4261 Anglia
614 4206 744 4245 rumores
755 4189 946 4259 jamjamque
1001 4187 1110 4244 ciorum
1138 4191 1353 4245 construetione
1375 4192 1596 4262 magnanimum
1613 4208 1644 4247 se
1661 4193 1753 4250 videri
1768 4192 1821 4250 uel·

119 4283 313 4338 adventurum
329 4278 534 4335 eNormannia
549 4279 683 4335 comitem
706 4278 862 4334 liebertum
877 4292 943 4331 cum
1001 4276 1050 4346 let,
1068 4277 1152 4348 plora
1167 4280 1244 4350 apud
1262 4279 1480 4350 scireburnam,
1492 4286 1521 4336 ct
1536 4281 1614 4353 apud
1630 4283 1741 4340 Uirisas
1756 4281 1823 4340 rnul-

119 4387 304 4442 sorore3qua
315 4385 444 4442 specum
457 4368 543 4425 multi
560 4366 823 4441 aregenonsolum
836 4367 944 4435 animo,
1000 4369 1061 4422 tum
1086 4355 1229 4424 terrarum
1255 4369 1385 4425 adificiis
1408 4370 1571 4442 amplexus,
1590 4372 1708 4428 turritas
1736 4374 1822 4430 moles

117 4461 168 4518 sed
184 4464 213 4514 et
227 4459 314 4527 lacto,
330 4458 497 4525 delicerent,
513 4457 577 4530 ipse
597 4457 751 4529 dispendia
767 4473 819 4512 sua
835 4454 944 4512 multo·
1000 4461 1138 4512 erexerat.
1155 4458 1240 4529 Apud
1257 4458 1480 4515 blalmcsbiriam
1497 4460 1526 4515 in
1544 4460 1608 4533 ipso
1625 4462 1702 4518 m
1722 4478 1821 4519 coema·

120 4563 184 4605 rum
200 4546 317 4618 injuriis
342 4546 482 4602 sarciebat
500 4546 568 4616 (99).
585 4547 688 4602 Plures
703 4546 802 4613 etiam,
819 4562 869 4616 pro
885 4544 946 4600 sola
961 4564 984 4631 Ι)
1001 4546 1084 4611 terio,
1101 4546 1136 4602 ab
1153 4547 1275 4604 ecclesia
1303 4548 1519 4619 principativis
1539 4552 1619 4620 jactu
1645 4550 1765 4624 lapidis.
1782 4569 1822 4608 cs·

118 4635 285 4707 suspicione
299 4636 481 4691 diversarum
496 4639 596 4691 contra
612 4652 643 4691 se
659 4636 798 4707 partium,
814 4635 842 4690 in
863 4634 944 4691 curia
1000 4634 1119 4692 stallum
1140 4635 1314 4703 Salesbiriae,
1326 4638 1402 4708 quod
1419 4654 1487 4694 curn
1503 4638 1577 4707 (100)
1595 4641 1667 4710 regii
1678 4643 1757 4711 juris
1768 4658 1824 4715 pro·

118 4743 171 4786 sua
186 4731 286 4785 contra
300 4729 390 4783 decus
405 4727 518 4800 regium
534 4736 642 4799 captos,
656 4733 684 4784 et
699 4729 734 4785 ad
750 4729 941 4784 redditionem
998 4725 1093 4797 prium
1110 4731 1196 4792 esset,
1222 4727 1259 4782 ab
1285 4727 1409 4782 Henrico
1424 4743 1491 4799 rege
1516 4727 1719 4798 impetratum,
1747 4745 1822 4787 muro

118 4818 317 4885 castellorum,
333 4822 362 4873 et
385 4817 419 4872 ad
440 4833 628 4888 quascunque
643 4817 734 4873 voluit
748 4817 940 4884 conditiones,
998 4814 1125 4870 cinctum
1142 4817 1284 4872 custodio
1300 4832 1358 4871 sue
1373 4820 1540 4873 attraxerat.
1558 4816 1609 4872 His
1624 4820 1696 4874 moti
1709 4820 1822 4891 quidam

116 4906 248 4963 adduxit.
266 4909 352 4960 Erant
368 4911 436 4958 tune
449 4904 505 4958 duo
522 4902 551 4958 in
568 4903 675 4976 Anglia
690 4905 820 4977 episcopi
839 4908 942 4977 polen-
998 4908 1132 4975 potentes
1148 4904 1225 4971 laici,
1249 4905 1342 4976 quise
1357 4905 1498 4961 aelericis
1514 4911 1637 4978 etopum
1654 4913 1791 4981 congerie
1801 4914 1824 4967 st

117 4995 236 5065 tissimi,
254 4994 396 5067 Rogerius
422 4992 652 5058 Salesbiriensis,
668 4997 696 5049 et
715 5010 805 5065 nepos
829 4996 894 5065 ejus
908 5010 943 5050 ex
997 4992 1225 5064 municipiorum
1236 4995 1665 5067 magnitudinesuperatumiri
1682 5001 1822 5067 dolerent,

158 5139 211 5204 ’91)
226 5139 352 5203 Speculo.
370 5155 394 5193 s.
411 5153 435 5193 e.
452 5135 481 5193 d.
502 5137 559 5192 el.
581 5137 631 5205 12,
648 5138 765 5208 sperata.
783 5141 835 5196 et.
997 5139 1082 5194 uouit.
1103 5155 1140 5203 e..
1150 5140 1364 5209 possessionibus
1383 5141 1411 5193 in
1427 5140 1526 5211 inpiis
1541 5143 1824 5218 pressuspressus

153 5152 208 5281 is5)
223 5212 333 5266 AEtotir.
358 5227 383 5265 s.
399 5225 424 5267 c.
454 5209 482 5264 d.
499 5224 514 5264 e
530 5210 557 5265 1.
580 5209 631 5276 12,
653 5209 748 5267 animi
775 5212 818 5266 uel
837 5211 942 5278 «etatis,
998 5211 1101 5277 inipso
1116 5213 1181 5277 suit,
1197 5229 1222 5267 s.
1237 5228 1263 5267 e.
1279 5213 1306 5265 d.
1324 5210 1374 5267 12.

121 5299 146 5338 e.
162 5282 188 5335 2.
1035 5282 1090 5350 (ab)
1107 5283 1166 5352 lpse
1180 5282 1326 5351 dispendia
1340 5299 1392 5338 soa
1417 5285 1567 5340 multorum
1580 5285 1700 5356 injuriis
1718 5295 1823 5349 sarcia·

155 5353 209 5421 (96)
224 5352 313 5407 Fides.
325 5367 361 5418 e.,
378 5354 492 5420 ueritas,
509 5369 532 5406 s.
549 5369 574 5410 c.
590 5353 619 5409 d.
635 5352 643 5409 l
659 5354 687 5408 2.
999 5353 1052 5407 bat.
1072 5369 1109 5420 e.,
1133 5356 1191 5423 ipse
1205 5354 1325 5418 iniurius
1348 5371 1413 5411 sues
1427 5357 1577 5413 maltorum
1591 5357 1747 5430 dispendiis
1765 5380 1825 5422 aar·

154 5425 208 5494 (97)
236 5424 280 5477 le
301 5421 368 5479 lroec.
398 5423 526 5492 e.,Adde
544 5427 626 5496 quod,
656 5442 678 5481 s.
696 5426 778 5496 o.d.‚
805 5425 944 5483 addebant
996 5422 1247 5489 debat,s.d.l2.

114 5495 193 5572 quod,
219 5494 270 5551 12.
348 5565 352 5574 Ι
1032 5496 1110 5568 (100)
1125 5496 1202 5552 Cam.
1216 5512 1241 5553 e.
1258 5496 1402 5555 omissum
1423 5499 1452 5554 in
1469 5516 1494 5557 s.
1510 5499 1606 5559 d.l2.

152 5567 209 5645 (98)
232 5564 451 5626 Parsersrouibas
471 5568 500 5622 ira
514 5567 613 5641 duplic
638 5569 736 5641 quibus
749 5574 859 5642 poterat
880 5569 943 5641 pri·
