3772 6006
112 216 165 272 sai

728 206 933 268 lNNOCENTH
953 210 976 267 ΙΙ
997 207 1102 270 PAPAE.

1709 217 1761 278 528

115 341 165 400 ctis
179 348 268 395 autern
282 338 373 395 eidem
387 335 449 394 loco
464 353 513 393 sua
523 335 584 409 juia
609 336 794 398 servantibus.
811 336 845 390 sit
860 352 910 406 pair
926 337 953 397 Α
969 338 1047 408 pisci,
1063 337 1141 393 firma
1157 340 1393 414 vobisveslrisqiie
1403 348 1610 403 successoribus
1620 356 1647 404 ei
1658 346 1762 404 illitam

112 429 220 486 Domini
236 428 321 484 nostri
335 428 398 482 Jesu
413 426 523 496 Christi,
550 435 682 497 quotenus
697 433 721 479 et
737 425 780 481 hic
795 425 912 480 linctum
967 436 1156 496 permaneant.
1173 429 1316 486 sancimus
1331 432 1411 487 etiam
1427 449 1462 489 ne
1485 434 1617 505 professis
1631 436 1658 491 iri
1672 447 1763 494 uestro

112 521 191 575 bona
206 517 322 574 actionis
338 515 497 587 percipiant,
511 523 537 572 et
552 517 621 586 apud
633 515 783 570 districtum
793 513 911 584 jndicem
967 517 1135 572 monasterio
1151 517 1244 589 aliqua
1258 521 1402 576 occasione
1418 521 1609 598 liceatabsqoe
1621 526 1726 582 abbatis
1736 536 1763 583 et

112 609 227 680 praemia
241 615 350 662 aeterum
365 604 440 675 pacis
454 604 602 659 inveniant.
620 605 718 658 Arnen.

149 708 209 780 Ego
224 703 398 762 Innocentius
414 701 562 758 Catholicae
574 701 706 757 Ecclesia
721 701 875 772 episcopus.

150 795 210 867 Ego
226 791 370 849 Conradus
385 792 532 862 episcopus
543 789 713 847 sabinensis.

967 605 1077 674 capituli
1088 605 1194 662 licentia
1204 608 1237 661 ad
1248 607 1302 663 alia
1312 607 1371 665 loca
1387 611 1512 678 transire,
1523 629 1574 670 uec
1588 614 1762 672 discedentes

968 692 1111 764 quisquam
1133 704 1226 750 contra
1244 696 1409 753 voluntatem
1425 709 1539 756 vestran
1555 703 1697 774 suscipere
1720 705 1763 762 rel

967 781 1082 838 retinere
1095 792 1250 854 praesumat.
1264 786 1292 840 ln
1307 787 1429 858 generali
1444 791 1647 863 quoqueipsius
1657 793 1764 864 episeo-

148 881 528 955 EgoGerarduspresbyter
548 879 624 936 eard.
649 879 690 935 tit.
707 879 734 935 S.
765 879 859 934 Crucis
885 876 912 931 iri
966 877 1046 939 patus
1072 870 1217 929 interdicto
1232 874 1369 930 submissa
1385 892 1454 933 voce
1483 886 1509 933 et
1536 879 1635 935 clausis
1655 882 1762 951 januis,

114 972 214 1028 Sertin.

967 958 1060 1013 divina
1072 958 1164 1016 officia
1178 961 1335 1019 celebrandi
1347 964 1483 1022 licentiam
1495 968 1763 1037 concedimus,nullo

151 1061 212 1134 Ego
228 1063 274 1117 lm
289 1059 435 1131 pmsbyger
463 1059 538 1116 cmg·
555 1059 596 1114 gg
613 1055 706 1114 sancii
720 1055 858 1112 Laurentii
886 1055 913 1109 jn
968 1054 1058 1102 tamen
1073 1048 1229 1118 interdicto,
1245 1051 1288 1108 uel
1304 1054 1540 1112 excommunicato
1555 1057 1676 1114 admisso
1693 1077 1699 1124 ;
1715 1075 1763 1115 sa·

113 1151 242 1206 Damaso.

148 1250 208 1321 Ego
221 1247 407 1319 Chrisogouiis
420 1247 513 1318 presb.
530 1244 603 1303 card.
619 1243 658 1298 tit.
686 1243 792 1299 Sancta
812 1243 913 1296 Proxe-

111 1339 208 1498 dlsllgo
224 1426 285 1482 GG.
302 1425 446 1497 presbyter
460 1422 538 1480 card.
553 1422 594 1479 tit.
611 1421 716 1477 Calixti.

150 1517 208 1587 Ego
223 1516 297 1570 Cano
309 1512 403 1583 presb.
424 1512 499 1567 card.
517 1511 558 1567 tit.
573 1510 679 1566 Sanctae
694 1508 820 1564 Caeciliae.

967 1136 1093 1191 cerdotes
1109 1152 1184 1204 vero,
1214 1139 1302 1209 quiin
1321 1143 1419 1198 vestris
1448 1142 1572 1200 eeclesiis
1587 1154 1650 1201 sunt
1663 1147 1764 1204 admit-

968 1224 1053 1293 tendi,
1069 1224 1198 1297 episcopo
1209 1233 1379 1298 praesentari,
1390 1231 1436 1304 qui
1450 1232 1502 1288 sibi
1516 1233 1551 1289 de
1566 1235 1762 1311 spiritualibus,

968 1313 1047 1368 vobis
1074 1323 1164 1370 autem
1179 1315 1214 1371 de
1242 1319 1437 1388 temporalibus
1470 1323 1667 1393 respondeant.
1692 1325 1763 1383 Sane

967 1401 1093 1457 laborum
1107 1410 1260 1459 vestrorum
1271 1406 1402 1477 decimas,
1419 1425 1488 1480 quas
1503 1411 1622 1481 propriis
1638 1414 1764 1470 manibus

969 1499 1015 1545 aut
1030 1491 1184 1562 sumptibus
1206 1493 1305 1562 colitis,
1334 1497 1392 1552 sive
1406 1497 1441 1553 de
1456 1499 1627 1556 nutrimentis
1655 1511 1765 1560 restro·

147 1608 205 1678 Ego
223 1602 373 1674 Gregorius
388 1600 518 1656 diaconus
533 1600 613 1656 card.
633 1599 795 1655 Sanctorum
824 1595 915 1667 Sergii
970 1595 1029 1632 rum
1045 1580 1201 1635 animalium
1219 1581 1311 1638 nulius
1324 1585 1435 1640 omnino
1454 1586 1581 1654 clericus,
1596 1590 1655 1645 sire
1679 1591 1765 1648 laicus

111 1703 139 1752 et
154 1693 260 1749 Daochi.

145 1793 207 1865 Ego
221 1790 284 1847 Otto
298 1788 369 1844 diac.
383 1786 459 1844 card.
473 1786 566 1841 Sancti
579 1782 732 1857 Georgiiad
743 1782 840 1839 velum
856 1783 914 1836 du·

108 1898 198 1940 reum.

144 1972 203 2026 Ebo
219 1967 359 2025 Gerardus
387 1965 455 2020 diac.
472 1964 546 2020 card.
574 1962 679 2018 Sancta
693 1960 784 2015 hlaiiae
812 1958 839 2013 iu
855 1960 910 2014 Do·

107 2060 218 2117 tainica.

145 2151 206 2216 ago
234 2144 401 2202 Octavianus
427 2143 504 2200 card.
534 2139 626 2198 Sancti
655 2138 760 2196 Nicolai
788 2137 815 2191 in
843 2136 914 2192 Car·

105 2253 203 2398 wilego
219 2326 335 2380 Thomas
351 2322 378 2376 S.
396 2322 525 2376 Romanae
540 2317 673 2374 Ecclesiae
689 2316 759 2372 diac.
778 2315 854 2370 card.

928 1692 955 1752 B
968 1682 984 1721 a
999 1667 1076 1722 vobis
1084 1668 1197 1741 exigere
1208 1681 1366 1740 presumat.
1380 1673 1506 1730 Chrisma
1517 1693 1592 1745 vero,
1603 1679 1696 1735 oleum
1707 1696 1766 1735 asn-

968 1763 1050 1820 ctum,
1067 1760 1289 1815 consecrationes
1304 1760 1429 1816 altarium
1444 1780 1492 1819 seu
1508 1765 1694 1834 basilicarum,
1716 1785 1764 1824 or-

968 1843 1123 1900 dinationes
1138 1847 1313 1915 clericorum,
1329 1851 1375 1922 qui
1390 1851 1423 1907 ad
1440 1867 1533 1909 sacros
1548 1857 1659 1912 ordines
1686 1856 1763 1914 iece-

968 1932 1018 1987 rint
1034 1936 1224 2004 promovendi.
1246 1938 1433 1997 adioecesano
1454 1943 1608 2014 suscipietis
1622 1945 1763 2017 episeopo,

968 2021 991 2076 si
1011 2021 1120 2094 quidem
1136 2023 1294 2081 Catholicae
1309 2026 1400 2096 fuerit,
1417 2038 1444 2084 et
1458 2031 1570 2102 gratiam
1586 2037 1666 2105 atque
1686 2049 1763 2091 com-

968 2121 1123 2177 munionem
1140 2123 1214 2178 sedis
1228 2125 1385 2195 apostolicae
1401 2127 1534 2194 habuerit,
1546 2136 1575 2185 et
1589 2146 1623 2186 aa
1638 2133 1728 2204 gratis
1737 2140 1764 2189 et

967 2211 1070 2281 absque
1087 2210 1177 2283 aliqua
1192 2214 1324 2284 pravitate
1340 2215 1456 2271 voluerit
1471 2218 1617 2275 exhibere.
1637 2220 1763 2293 Alioquin

968 2295 1047 2350 liceat
1072 2297 1151 2352 vobis
1180 2299 1360 2369 catholicum,
1383 2319 1586 2376 quemcumque
1602 2308 1763 2376 malueritis,

142 2411 447 2481 Daqumggqepgnjpgp
470 2424 579 2463 mgnum
595 2406 709 2460 Hensjci
739 2412 840 2459 sgncqae
854 2403 910 2457 Ro.
967 2385 1042 2440 adire
1057 2387 1220 2453 antistitem,
1237 2389 1282 2459 qui
1298 2390 1424 2446 nimirum
1440 2401 1532 2448 nostra
1548 2395 1630 2451 tutius
1644 2400 1763 2454 auctori-

106 2520 196 2561 nianae
210 2501 342 2559 Ecclesiae
355 2499 428 2555 diac.
457 2496 536 2552 card.
571 2504 597 2550 et
612 2493 777 2557 cancellarii,
803 2506 822 2546 ιι
850 2491 913 2544 Idus
967 2482 1031 2539 ῑθίθι
1061 2475 1134 2575 (lUOd
1149 2476 1301 2577 90⁵¹1¹¹J¹¹¹¹l
1316 2479 1467 2579 indllssffll·
1492 2481 1617 2583 Obeussie
1645 2495 1761 2553 velow,

106 2590 279 2658 uennnnns,
296 2587 444 2643 iniinunnn
474 2601 515 2649 ιιι,
546 2582 743 2638 incarnationis
763 2579 912 2635 onnininae
966 2563 1176 2663 nnnnnnsinn
1194 2565 1245 2622 ¹00¹
1260 2569 1762 2674 preposiromotlnsquatiant-nnana

107 2697 180 2739 anno
195 2681 275 2745 llio,
290 2674 465 2749 pontificatus
479 2688 546 2728 raro
561 2670 655 2726 donini
668 2668 819 2725 lnnooentii
833 2682 911 2739 papae
965 2661 1066 2723 P²¹0¹¹¹⁸
1080 2661 1190 2716 ³⁵l¹1¹¹fln
1207 2670 1255 2710 ⁵0⁰
1272 2655 1400 2712 violentia
1414 2669 1598 2731 preponatur,
1613 2680 1666 2719 nisi
1681 2681 1763 2736 quern

107 2773 132 2827 ll
147 2784 220 2826 anno
235 2765 390 2823 undecimo.

443 2860 570 2914 cuhvii.

107 2965 349 3024 introductionem
365 2958 568 3016 canonicorom
589 2952 910 3009 Prieinonatrotcosi‘um

963 2740 1061 2795 fratres
1077 2743 1213 2797 communi
1228 2759 1366 2800 consensu
1381 2748 1529 2803 secundum
1545 2751 1632 2805 Deum
1647 2760 1675 2806 et
1690 2753 1762 2809 beati

964 2829 1106 2902 Augustini
1120 2832 1244 2903 regulam
1261 2833 1435 2902 praeviderint
1448 2836 1615 2909 eligendum.
1631 2840 1762 2910 Sepultu-

964 2933 1019 2972 ram
1037 2934 1144 2990 quoque
1160 2919 1244 2990 ipsius
1260 2921 1311 2977 loci
1326 2922 1439 2978 liberam
1455 2941 1518 2981 esse
1532 2927 1714 2997 decernimus,
1735 2938 1763 2986 iit

105 3038 137 3093 in
147 3036 323 3092 naonosterio
333 3032 360 3087 S.
374 3029 500 3101 Dionysii
507 3026 734 3097 Soliestlorieiisia
746 3023 907 3092 confirmat.
924 3048 948 3112 C
964 3029 1069 3080 eorum,
1087 3015 1133 3086 qui
1147 3032 1177 3070 se
1191 3016 1247 3072 illic
1261 3019 1369 3089 sepeliri
1384 3020 1609 3090 deliberaverint,
1622 3024 1763 3082 devotioni

333 3129 430 3201 (Auno
448 3127 526 3190 llio.
542 3125 607 3180 Dec.
624 3125 680 3189 tii.)

249 3239 352 3312 illuso,
361 3235 470 3291 Annei.
481 3235 594 3295 Praene..
609 3230 643 3298 ll,
652 3245 679 3299 p.
689 3227 764 3299 aab]

142 3355 328 3410 lriuocasrios
343 3349 606 3420 episcopusservus
621 3357 762 3397 seriorum
779 3339 838 3405 Dei,
862 3339 906 3394 di-

105 3445 177 3500 lecto
192 3441 247 3497 tilio
263 3442 450 3495 Enoanaaiiro
466 3432 624 3488 monasterii
638 3429 728 3485 Sancti
741 3428 863 3498 Dionysii
879 3428 904 3481 in

105 3525 270 3585 Schelllaren
296 3521 455 3594 praeposito,
486 3518 602 3588 ejusque
617 3515 746 3570 fratribus
760 3522 812 3566 tam
832 3528 906 3583 prae-

106 3616 230 3673 sentibus
258 3628 339 3686 quam
372 3608 468 3665 futuris
495 3605 660 3679 regulariter
688 3602 849 3667 substitutis,
878 3601 905 3655 in

105 3713 280 3778 perpetuum.

140 3818 290 3893 spostolici
304 3812 499 3872 moderaminis
525 3809 678 3869 clementiae
693 3807 818 3865 convenit
839 3806 904 3863 reli-

105 3910 199 3983 giosos
218 3908 330 3981 eligere,
359 3914 386 3961 et
400 3919 496 3960 eorum
508 3901 567 3957 loea
581 3901 627 3971 pia
651 3899 820 3970 protectione
834 3912 907 3996 rom-

104 3998 226 4057 munire.
245 3996 365 4069 [lignum
381 4008 499 4065 namque
528 3998 556 4045 et
584 3987 720 4044 honestati
738 4001 905 4042 conveniens

106 4104 167 4144 esse
182 4087 369 4160 cognoscitur,
385 4089 413 4138 ut
443 4081 489 4148 qui
517 4079 551 4133 ad
575 4077 754 4134 ecclesiarum
782 4074 907 4144 regimen

106 4177 239 4249 assumpti
254 4190 357 4240 sumus,
375 4187 423 4227 eos
451 4178 478 4226 et
494 4185 510 4224 a
526 4182 673 4239 pravorum
690 4165 828 4262 homiuum
855 4179 906 4218 na·

106 4266 192 4338 quitia
208 4274 340 4326 tueamur,
353 4268 380 4316 et
390 4254 631 4330 apostolicaesedis
648 4260 798 4324 patrocimo
814 4251 907 4307 lovea-

106 4371 178 4412 mus.
196 4354 358 4423 Eapropter,
374 4346 466 4403 dilecti
482 4345 509 4400 in
525 4343 641 4399 Domino
657 4341 715 4406 sitii,
745 4341 906 4411 postulatio-

107 4444 187 4500 nibus
202 4440 299 4496 vestris
314 4435 511 4492 rationabiliter
527 4431 676 4489 clementer
699 4430 851 4498 annuimus,
881 4440 908 4486 et

964 3111 991 3157 et
1004 3111 1132 3159 extremae
1148 3104 1292 3168 voluntati,
1313 3107 1365 3161 nisi
1382 3108 1688 3170 lorteexcommunicati
1700 3114 1762 3171 lue·

960 3191 1024 3257 rint,
1053 3192 1143 3247 nullus
1158 3193 1284 3260 obsistat,
1305 3194 1382 3251 salvo
1408 3197 1470 3266 jure
1490 3201 1608 3257 matricis
1623 3201 1760 3260 ecclesiae.

961 3279 1141 3336 Decernimos
1169 3298 1237 3354 ergo
1252 3290 1281 3337 ut
1305 3283 1369 3338 nulli
1389 3287 1502 3343 omnino
1525 3289 1665 3345 hominum
1681 3292 1763 3350 liceat

961 3368 1101 3438 praelatum
1117 3371 1311 3425 monasterium
1325 3380 1429 3429 temere
1449 3377 1617 3445 perturbare,
1637 3388 1683 3435 aut
1698 3381 1762 3452 ejus

960 3457 1151 3527 possessiones
1175 3457 1294 3525 auferre,
1311 3460 1441 3527 retinere,
1457 3464 1588 3533 minuere,
1619 3483 1668 3523 seu
1696 3470 1759 3541 qui-

960 3545 1077 3600 buslibet
1095 3546 1226 3601 molestiis
1241 3546 1366 3620 fatigare,
1397 3551 1445 3605 sed
1462 3553 1554 3608 omnia
1568 3553 1675 3629 integre
1690 3572 1761 3614 coii-

961 3642 1104 3689 serrentur
1119 3651 1212 3690 eorum
1235 3651 1284 3705 pro
1298 3653 1411 3708 quorum
1427 3641 1624 3708 gubernatione
1653 3654 1681 3701 et
1695 3663 1757 3703 sus·

960 3723 1110 3777 tentatione
1125 3738 1257 3780 concessa
1271 3734 1346 3792 sunt,
1374 3728 1469 3784 usibus
1483 3731 1647 3788 omnimodis
1662 3735 1759 3806 protn-

961 3818 1030 3865 tuia.
1046 3809 1072 3865 Si
1088 3829 1148 3881 que
1159 3813 1240 3885 igitur
1249 3814 1434 3870 ecclesiastica
1443 3819 1618 3877 secularisve
1628 3839 1758 3893 persona,

960 3899 1043 3970 liujus
1057 3916 1093 3956 no
1109 3909 1156 3956 trae
1170 3902 1369 3958 constitutionis
1385 3906 1514 3978 paginam
1531 3908 1631 3977 sciens,
1662 3923 1761 3970 contra

961 4004 1021 4043 eam
1035 3998 1137 4045 temere
1152 3991 1245 4046 venire
1261 3993 1414 4057 tentaverit,
1424 3996 1546 4050 secundo
1557 3999 1674 4055 tertiove
1688 4017 1761 4057 com·

961 4077 1071 4138 monita,
1101 4077 1124 4132 si
1138 4093 1190 4133 uon
1207 4088 1311 4134 reatum
1328 4097 1407 4136 sunm
1422 4099 1543 4155 congrua
1572 4086 1759 4148 satisfactione

961 4165 1120 4234 correxerit,
1151 4167 1263 4223 honoris
1279 4171 1478 4243 potestatisque
1497 4188 1548 4229 sua
1563 4174 1696 4248 dignitate
1710 4195 1760 4236 ca·

962 4263 1031 4317 reat,
1061 4270 1189 4327 reamque
1205 4273 1236 4312 sa
1251 4256 1343 4313 divino
1354 4258 1458 4328 judicio
1477 4263 1593 4319 existere
1606 4264 1641 4320 de
1655 4283 1759 4339 perpe-

962 4350 1034 4399 trata
1048 4342 1190 4416 iniquitate
1204 4355 1363 4418 eognoscat.
1375 4355 1402 4402 et
1416 4363 1432 4403 a
1447 4350 1630 4409 sacratissimo
1642 4370 1759 4428 corpore

963 4441 990 4488 et
1004 4433 1138 4505 sanguine
1153 4434 1203 4489 Dei
1214 4449 1246 4490 ac
1256 4434 1367 4490 Domini
1378 4437 1465 4493 nostri
1479 4438 1542 4494 Jesu
1556 4439 1655 4499 Christi
1669 4444 1760 4503 aliena

108 4528 305 4589 monasterium
322 4533 440 4580 uestrum
456 4522 506 4576 siib
523 4519 593 4576 beati
612 4517 681 4574 Petri
697 4525 724 4572 et
736 4527 824 4573 nostra
840 4534 906 4589 pro·
961 4520 1018 4588 liat,
1029 4530 1109 4591 atque
1123 4521 1150 4575 in
1165 4528 1290 4579 extremo
1304 4524 1427 4580 examina
1443 4527 1572 4585 districtas
1583 4530 1677 4588 ultioni
1689 4537 1758 4590 sub.

109 4621 229 4677 tectione
259 4612 434 4685 suscipimus,
462 4618 489 4666 et
515 4607 660 4679 praesentis
684 4606 779 4676 scripti
807 4607 907 4679 pagina
958 4611 1061 4679 iaceat.
1078 4610 1187 4666 Cunctis
1201 4619 1292 4667 autem
1307 4613 1395 4668 eidem
1408 4614 1468 4670 loco
1480 4617 1543 4685 J'ura
1556 4634 1605 4673 sua
1620 4625 1757 4680 serranti-

109 4705 319 4767 communimus.
337 4702 365 4756 ln
382 4699 474 4772 primis
500 4696 633 4768 siquidem
649 4701 807 4759 statuentes
838 4703 865 4750 ut
879 4696 907 4751 in
961 4699 1022 4764 hus,
1043 4698 1078 4752 sit
1093 4715 1144 4768 pair
1164 4699 1272 4755 Domini
1287 4702 1373 4756 nostri
1384 4703 1447 4758 Jesu
1457 4703 1567 4772 Christi,
1582 4717 1719 4779 qnatenus
1732 4721 1759 4770 et

108 4808 197 4856 vestro
225 4790 390 4850 monasterio
411 4788 479 4845 ordo
503 4785 653 4843 canonicus
681 4782 830 4839 secundum
858 4801 905 4840 ra-

107 4889 199 4962 gulam
215 4883 302 4939 sancti
329 4877 472 4952 Augustini
500 4884 527 4931 et
552 4873 746 4928 institutionem
769 4873 906 4928 Prasmon-

108 4985 199 5032 atiatae
214 4971 346 5029 Ecclesiae
364 4965 504 5040 perpetuis
519 4961 688 5033 temporibus
711 4959 905 5017 inviolabiliter

961 4787 1005 4843 hic
1019 4787 1134 4843 fructum
1151 4795 1227 4844 bonae
1242 4790 1356 4846 actionis
1371 4792 1519 4863 percipiant
1534 4803 1561 4849 et
1575 4798 1647 4866 apud
1663 4799 1758 4857 distri-

960 4886 1031 4932 ctum
1056 4877 1177 4945 judicem
1205 4879 1318 4948 praemia
1345 4889 1455 4936 aeternae
1496 4883 1573 4953 pacis
1601 4885 1752 4946 inveniant.

959 4969 1055 5021 Amen.

109 5069 295 5121 conservetur.
309 5059 443 5113 Praeterea
456 5068 624 5127 quaecunque
635 5051 717 5110 hona,
729 5064 905 5121 quascunque

107 5151 301 5247 possessiones·
318 5148 389 5201 idern
406 5149 672 5244 monasteriumque-im
689 5155 721 5193 ax
736 5138 808 5256 dono
819 5155 905 5241 tiene:
995 5190 1055 5262 Ego
1068 5187 1217 5262 Gregorius
1232 5189 1363 5247 diaconus
1377 5192 1523 5250 cardinalis
1543 5195 1594 5253 ss·
1619 5198 1710 5274 Sergii
1730 5211 1758 5260 a

106 5239 201 5297 rabilis
225 5238 317 5293 listris
346 5242 432 5290 nostri
448 5232 554 5288 Ottonis
570 5230 758 5330 Frisingensis
782 5241 904 5331 episcopi
958 5277 1066 5334 Bacchi.

106 5349 187 5407 quam
204 5330 317 5386 alioruin
335 5327 434 5382 Christi
446 5325 566 5379 lidelium
582 5323 816 5392 inpresentiarum
828 5329 902 5420 Jiiste
1080 5403 1088 5418 1
1459 5405 1465 5419 ⁴
1516 5409 1521 5421 .
1565 5410 1571 5424 .
1733 5417 1739 5429 1

105 5420 273 5493 selegitinie
298 5416 429 5487 possidet,
458 5421 504 5467 aut
532 5412 559 5466 in
582 5411 700 5466 loturum
724 5423 903 5466 concessione
957 5491 963 5504 .
994 5403 1054 5474 Ego
1069 5402 1214 5458 herardus
1230 5405 1375 5477 presbyter
1391 5407 1537 5465 cardinalis
1553 5418 1596 5469 tit.
1614 5412 1643 5472 S.
1658 5415 1755 5475 Crucis

105 5508 273 5585 pontificum,
303 5503 447 5577 largitione
463 5517 560 5573 rogum
577 5500 618 5555 rel
635 5498 798 5570 principum,
823 5497 903 5555 obla·
955 5508 982 5548 in
997 5493 1164 5548 Jerusalem.
1338 5582 1343 5595 Ι
1412 5585 1417 5598 Ι

103 5598 176 5656 tione
191 5591 322 5661 fidolium,
353 5606 400 5645 seu
416 5586 476 5643 aliis
493 5585 573 5656 justis
588 5583 676 5640 modis
689 5582 813 5655 poteritis
839 5582 902 5640 adi·
989 5581 1050 5655 Ego
1064 5581 1189 5638 albertus
1202 5585 1360 5642 attanensis
1375 5598 1532 5661 episcopiis.

994 5065 1055 5135 Ego
1069 5063 1242 5120 Innocentius
1256 5065 1402 5124 Catholicae
1417 5067 1547 5126 Ecclesia
1563 5071 1718 5147 episcopus.
