3750 6000
94 213 150 272 m

686 213 863 272 natsfotm
880 213 928 271 ΕΤ
944 210 1156 271 rammam.

1695 180 1778 275 aaa
1844 272 1853 290 ,

95 344 251 394 serventur.
268 337 442 410 sepulturam
468 354 574 413 quoquc
594 339 682 412 ipsius
704 338 757 395 loci
775 338 890 395 liberam
905 340 933 400 A
948 338 1048 410 vilegio
1063 337 1271 405 communimus,
1289 341 1441 395 statuentes
1464 344 1492 394 ut
1508 338 1582 411 quod
1598 355 1612 394 a
1628 354 1745 407 creuera-

94 443 156 483 csse
168 426 356 494 decernimus,
368 435 398 482 ut
412 427 456 500 qui
475 427 531 485 illio
546 445 576 485 se
598 428 708 500 sepeliri
721 428 893 484 deliberave-

94 515 155 580 rint,
178 530 278 571 eorum
293 523 427 572 extremm
440 516 573 573 voluntati
594 516 647 573 uisi
667 515 894 574 excommunicati

93 605 153 670 sint,
169 604 266 659 nullas
280 603 405 672 obsistat,
418 604 493 660 salva
503 606 626 662 matricis
636 605 767 662 Ecclesiae
777 604 892 675 justitia.

93 692 222 749 Decimas
254 708 339 761 sane,
375 709 447 767 quas
483 693 603 766 legitime
641 695 833 766 possidemus,
867 700 894 749 et

93 797 178 854 usque
194 781 232 837 sd
249 782 308 839 baec
323 791 447 853 tempora
462 783 552 854 quiete
571 789 598 839 et
609 781 721 854 pacifice
735 782 891 854 possidetis,

93 870 170 926 robis
189 869 369 927 nibilominus
384 869 588 928 confirmamus.
603 872 645 928 Ad
659 871 789 928 indicium
803 878 893 926 antem

93 967 231 1032 perceptae
240 959 345 1029 hujusa
360 959 484 1015 Romana
495 960 771 1027 Ecclesialibertatis,
783 968 809 1017 ct
819 959 892 1032 qnod

93 1048 162 1104 idem
177 1048 259 1104 locus
273 1046 346 1104 lteati
363 1047 432 1104 Petri
441 1048 510 1118 iuris
525 1049 636 1115 existat,
647 1048 795 1104 bisantium
810 1065 891 1104 ιιιιιιιιι

93 1136 170 1193 nobis
185 1137 347 1207 nostrisque
370 1136 577 1194 successorihus
595 1138 674 1193 annis
696 1136 811 1210 singuiis
824 1152 889 1209 par·

93 1225 215 1282 solvetis.
232 1225 263 1282 Si
278 1225 339 1298 qnia
353 1225 437 1297 igitur
446 1226 508 1282 huic
516 1233 617 1282 nostrae
627 1225 811 1282 constitutioni
820 1240 891 1281 ausu

92 1315 241 1371 temerario
266 1314 405 1372 contraire
441 1315 593 1378 tentaverit,
623 1314 744 1370 secundo
772 1313 892 1370 tertiove

91 1404 283 1473 commonitus,
301 1402 324 1457 si
339 1417 392 1458 non
417 1402 601 1459 satisfactione
619 1417 745 1476 congrua
759 1403 891 1459 emenda·

91 1494 168 1559 terit,
196 1507 352 1563 acorpore
367 1499 393 1547 et
422 1493 555 1563 sauguine
579 1492 688 1547 Domini
712 1492 798 1547 nostri
826 1493 889 1547 lesu

91 1582 189 1638 Christi
205 1581 313 1637 alienus
338 1581 493 1652 sistatque
513 1581 541 1636 in
561 1589 687 1637 extremo
707 1581 830 1637 exaniina
846 1580 891 1636 di·

92 1671 193 1727 strictae
207 1671 305 1727 ultioni
330 1672 479 1741 subjaceat.
504 1669 735 1727 Conservantibus
750 1677 840 1725 nutem
856 1669 932 1757 sitB

90 1775 139 1831 pax
154 1760 270 1817 Domini
283 1761 371 1817 nostri
385 1761 449 1815 lesu
463 1759 571 1826 Christi,
587 1767 719 1832 quatenns
735 1766 760 1814 ct
774 1759 819 1814 hic
832 1758 891 1814 fru-

91 1859 160 1904 ctum
179 1849 264 1905 bonae
282 1849 396 1906 actionis
416 1847 574 1920 percipiant,
595 1855 622 1903 et
645 1848 717 1918 apud
739 1847 891 1903 districtum

87 1937 210 2007 jndicem
244 1938 356 2009 premia
384 1945 494 1994 aeternae
526 1937 601 2007 pacis
628 1936 777 1992 inveniant.
793 1938 890 2004 Amen,

91 2041 286 2094 amenamen.

122 2125 185 2197 Ego
200 2123 378 2179 Innocentius
394 2120 540 2178 Catholicae
553 2120 685 2178 Ecclesia
699 2120 853 2192 episcopus.

123 2212 185 2284 Ego
199 2210 367 2268 Guilielmus
382 2209 565 2267 Praenestinus
578 2209 725 2282 episcopus
744 2226 782 2264 ss.

126 2302 185 2374 Ego
200 2300 296 2357 Gnido
309 2299 465 2356 Tiburtinus
479 2299 624 2371 episcopus
638 2315 676 2355 ss.

125 2390 186 2464 Ego
201 2387 360 2445 bittifredus
371 2388 518 2460 presbyter
531 2387 677 2443 cardinalis
688 2386 717 2444 S.
729 2386 842 2442 lustinae
852 2401 891 2443 ss.

125 2479 185 2552 ligo
202 2479 288 2534 bacas
316 2478 461 2550 presbyter
488 2476 635 2533 cardinalis
663 2493 700 2532 ss.
730 2475 843 2532 ioannis
866 2487 893 2532 et

93 2566 164 2622 Penii
178 2583 219 2623 ss.

124 2656 185 2729 ligo
199 2655 285 2712 Wido
300 2655 431 2727 indignus
446 2653 575 2711 sacerdos
590 2670 628 2711 ss.

125 2743 187 2816 Ego
200 2746 255 2799 Ano
274 2742 418 2814 presbyter
439 2742 589 2799 cardinatis
613 2742 688 2797 titulo
711 2741 743 2798 S.
772 2744 890 2797 Anasta-

95 2847 187 2888 uass.

126 2920 187 2995 Ego
201 2920 353 2992 Gregorius
372 2919 505 2976 diaeonus
528 2919 683 2991 cardinalis¹
699 2936 736 2975 ss.
759 2919 849 2990 Sergii
864 2928 890 2976 et

98 3011 188 3067 bacchi
202 3027 239 3066 ss.

128 3100 187 3172 Ego
200 3098 289 3154 Guido
305 3096 451 3154 cardinalis
466 3097 598 3154 diaconas
614 3097 704 3154 Sancti
719 3095 831 3153 Adriani
843 3112 883 3152 ss.

128 3188 185 3262 Ego
199 3185 339 3243 llnbaldus
360 3185 429 3242 diac.
458 3186 603 3243 cardinalis
624 3187 651 3242 S.
672 3185 765 3242 llariae
788 3186 816 3240 in
840 3184 888 3240 Via

99 3276 162 3332 lata
176 3293 215 3332 ss.

128 3365 186 3439 ligo
201 3365 398 3438 Chrysogonus
412 3363 519 3420 diacon.
545 3363 692 3421 cardinalis
708 3364 735 3420 S.
754 3362 846 3419 llariae
859 3362 887 3417 in

100 3452 199 3510 Portica
213 3469 252 3508 ss.

129 3543 193 3599 bau
209 3541 278 3598 Pisis
301 3558 352 3615 per
366 3559 476 3599 manum
492 3542 621 3600 himerici
645 3550 745 3598 sanctae
758 3542 887 3597 Romauae

100 3625 219 3683 llmlesiae
242 3625 351 3683 diaconi
373 3627 520 3685 cardinatis
547 3634 575 3683 et
595 3626 764 3693 cancellarii,
790 3633 887 3681 octauo

100 3714 226 3771 Kalendas
239 3715 313 3782 hlaii,
330 3715 478 3773 indictione
501 3716 608 3773 decima
633 3723 737 3788 quarta,
755 3716 886 3772 incarna-

100 3802 171 3859 tionis
185 3803 339 3861 Dominicae
361 3819 434 3861 anno
458 3805 603 3861 millesimo
627 3804 776 3861 centesimo
800 3803 885 3859 trice·

99 3891 159 3948 simo
184 3901 271 3959 sexto,
301 3893 476 3966 pontificatus
504 3894 596 3950 domni
632 3892 781 3950 innocentii
809 3908 886 3964 papae

99 3981 201 4037 meandi
212 3971 288 4038 inno
302 3982 433 4056 septimo.

410 4080 559 4138 ccxxtlt.

138 4204 300 4262 lonastcrt'r'
317 4207 439 4262 arnolt
454 4206 637 4262 Virdunensis
655 4205 837 4278 disciplinam

334 4277 458 4350 bonaque
473 4277 634 4346 confirmat.

301 4373 391 4443 (duno
417 4374 494 4439 1131,
510 4371 596 4445 April.
612 4374 670 4445 il.)

117 4495 294 4567 ttiCmanr,
309 4498 383 4553 flist.
404 4498 437 4554 dc
452 4499 596 4564 lorraine,
613 4498 647 4565 ll,
666 4499 710 4553 Pr.
727 4515 753 4570 p.
767 4498 859 4571 cccxi

124 4596 324 4666 insonamus,
344 4611 442 4653 servus
459 4613 600 4654 serrorum
626 4598 685 4666 Dei,
710 4598 810 4654 diiecto
830 4596 886 4653 titio

94 4684 213 4753 flacano,
228 4684 324 4741 abbati
351 4687 510 4744 monasterii
539 4688 633 4744 Sancti
658 4687 743 4754 Pauli,
759 4688 831 4759 quod
859 4687 885 4742 in

92 4773 220 4830 marmio
228 4774 395 4831 virdunensi
402 4774 483 4832 situm
495 4776 670 4848 est,ejusque
678 4777 886 4834 successoribus

90 4863 254 4935 regulariter
268 4862 468 4921 substituendis
481 4865 508 4920 in
525 4873 698 4938 perpetuum.

120 4961 191 5018 Cum
205 4960 335 5017 omnibus
349 4960 545 5019 ecclesiasticis
559 4962 685 5033 personis
700 4962 839 5018 debitores
851 4979 886 5019 ex

89 5047 210 5120 injuncto
223 5049 335 5106 nohisa
354 5050 414 5106 Deo
433 5050 602 5122 apostolatus
624 5049 714 5107 oiiioio
728 5050 886 5119 existamus,

89 5138 138 5195 iliis
155 5148 256 5194 tamen
283 5138 472 5210 propensioris
493 5139 632 5195 charitatis
647 5139 736 5195 studio
756 5154 808 5196 nos
824 5156 889 5196 con·

88 5227 160 5285 venit
186 5226 335 5284 imminere
363 5243 433 5300 quos
460 5228 489 5283 in
526 5244 600 5285 rere
627 5227 767 5301 religionis
795 5228 889 5284 habitu

88 5316 206 5374 Mino
219 5315 338 5373 militare
361 5317 571 5390 cognoscimus.
600 5315 732 5390 Ideoque,
747 5317 847 5374 dilecte
862 5318 889 5372 in

88 5404 200 5464 Christo
213 5403 253 5461 fili
267 5403 376 5479 lingere
388 5405 485 5474 abhus,
496 5406 549 5462 tuis
560 5405 733 5476 petitionibus
744 5405 890 5463 elementer

88 5493 244 5565 unanimus,
279 5502 307 5550 ct
338 5493 411 5551 beati
439 5493 514 5550 Pauli
541 5494 737 5550 monasterium
765 5494 809 5551 cni
832 5495 890 5551 beo

88 5590 201 5645 nuere
211 5597 336 5661 pncsse
358 5582 545 5658 dignosceris,
571 5582 728 5655 apostolicae
744 5583 817 5641 sadis
831 5584 890 5659 pri·

950 427 997 482 bili
1012 426 1098 483 fratre
1113 426 1255 484 Aiberone
1271 427 1435 483 i'irduuensi
1448 427 1618 499 episcopode
1633 428 1743 484 institn-

949 517 1021 573 tione
1049 516 1170 586 ejusdem
1196 516 1248 573 loci
1285 524 1399 588 propter
1434 515 1607 572 insolentiam
1631 517 1743 572 fratrum

948 607 1086 679 quondam
1113 605 1215 661 ibidem
1244 605 1464 662 conversantium
1489 603 1588 662 factum
1610 612 1661 669 est,
1679 614 1705 661 et
1728 619 1746 661 a

948 695 1124 752 dilectissimo
1165 694 1248 750 fratre
1284 702 1379 749 nostro
1419 694 1557 750 llberone
1589 693 1744 749 Treviransi

947 784 1151 858 archiepiscopo
1185 782 1378 847 collaudatum,
1408 783 1547 855 perpetuis
1575 782 1745 854 temporibus

947 879 1037 931 saturn
1052 883 1078 930 et
1091 872 1280 930 inconvulsum
1290 872 1451 929 auctoritate
1463 879 1557 927 nostra
1567 879 1742 942 permaneat,
1756 856 1768 877 ⁴

947 972 976 1020 nt
990 962 1115 1021 videlicet
1130 962 1198 1019 ordo
1213 961 1369 1028 canonicus,
1387 960 1536 1017 secundnm
1552 960 1623 1015 beati
1637 962 1745 1033 lngus·

947 1053 993 1108 tini
1010 1051 1131 1125 regulam
1145 1059 1172 1107 et
1182 1064 1318 1117 normam,
1329 1059 1409 1122 atque
1419 1049 1617 1104 institutionem
1629 1047 1744 1104 fratrum

948 1139 1262 1208 l‘raemonstratensium,
1290 1139 1319 1194 in
1348 1138 1445 1195 eodem
1467 1137 1529 1194 loco
1549 1137 1742 1193 inviolabiliter

946 1231 1114 1297 observetur,
1131 1237 1156 1286 et
1178 1245 1227 1300 per
1256 1243 1304 1284 eos
1333 1226 1431 1284 divinae
1459 1227 1597 1298 majestati
1621 1226 1742 1281 debitum

945 1320 1125 1391 impendatur.
1156 1318 1337 1374 [lecrevimus
1361 1316 1444 1372 etiam
1468 1322 1494 1370 nt
1519 1330 1634 1387 quaeque
1657 1315 1742 1383 bona,

945 1424 1067 1482 quasque
1080 1407 1270 1480 possessiones
1284 1405 1527 1478 impresentiarum
1542 1404 1614 1461 idern
1629 1419 1742 1460 monas-

946 1497 1040 1552 terium
1054 1497 1126 1566 juste
1152 1504 1178 1551 et
1205 1494 1337 1551 canonice
1364 1493 1496 1565 possidet,
1518 1500 1561 1547 ant
1580 1491 1740 1548 infuturum

945 1585 1122 1642 concessione
1137 1583 1307 1656 pontificum,
1323 1581 1467 1656 largitione
1482 1597 1578 1654 regum
1590 1579 1632 1638 vei
1642 1580 1742 1652 princi·

947 1691 1021 1746 pum,
1052 1674 1187 1730 oblatione
1216 1672 1347 1739 fidelium,
1372 1687 1420 1726 seu
1449 1669 1510 1726 aliis
1532 1669 1613 1739 justis
1640 1670 1741 1736 causis,

944 1771 1090 1837 prestante
1106 1763 1221 1823 Domino
1241 1760 1341 1833 poterit
1354 1760 1479 1831 adipisci,
1489 1761 1567 1815 ilrma
1578 1759 1626 1813 tibi
1634 1758 1741 1830 tuisque

946 1852 1155 1909 successoribus
1187 1860 1213 1907 et
1244 1850 1348 1905 illibata
1385 1856 1539 1905 serventur.
1568 1847 1641 1904 Nulli
1674 1861 1742 1920 argo

946 1943 1057 1999 omnino
1083 1941 1223 1998 bominum
1259 1938 1341 1996 liceat
1376 1937 1520 2009 praefatum
1547 1936 1742 1994 monasterium

946 2028 1118 2098 perturbare,
1135 2032 1182 2080 ant
1196 2025 1255 2094 ejus
1265 2023 1456 2096 possessiones
1466 2022 1576 2077 auferre
1591 2021 1634 2077 vel
1641 2020 1744 2076 ablatas

946 2112 1074 2176 retinere,
1091 2110 1224 2175 minuere,
1234 2124 1282 2165 seu
1293 2106 1457 2181 quibuslibet
1466 2105 1600 2163 molestiis
1615 2105 1741 2176 fatigare,

947 2202 996 2257 sed
1010 2201 1102 2256 omnia
1120 2199 1226 2270 integra
1238 2204 1437 2255 conserventur
1451 2210 1556 2259 eornm,
1569 2210 1618 2266 pro
1630 2208 1744 2265 quorum

946 2289 1143 2364 gubernatione
1155 2295 1181 2344 et
1196 2285 1393 2342 sustentatione
1415 2298 1548 2340 concessa
1572 2291 1633 2337 suat
1649 2282 1743 2338 usibus

946 2378 1112 2436 omnimodis
1143 2375 1295 2448 profutura,
1331 2373 1406 2430 salva
1433 2372 1563 2428 nimirum
1596 2370 1744 2427 diaecesani

946 2468 1067 2540 episcopi
1078 2467 1192 2538 justitia.
1210 2466 1239 2521 Si
1261 2479 1315 2537 qua
1335 2463 1418 2535 igitur
1436 2463 1464 2518 in
1487 2469 1628 2535 posterum
1652 2460 1744 2518 ecclc·

947 2557 1057 2614 siastica
1072 2553 1245 2613 secularisve
1260 2567 1389 2625 persona,
1406 2553 1477 2608 banc
1495 2559 1596 2607 nostra
1610 2549 1744 2606 constitu-

946 2645 1027 2702 tionis
1055 2643 1184 2718 paginam
1204 2641 1305 2705 sciens,
1324 2647 1421 2698 contra
1448 2654 1510 2696 eam
1524 2647 1629 2695 temere
1649 2636 1744 2695 venire

946 2733 1101 2800 tentaverit,
1117 2729 1240 2789 seeundo
1253 2730 1369 2787 tertiove
1383 2727 1559 2794 commonita,
1575 2727 1628 2783 nisi
1639 2732 1742 2783 reatum

945 2839 1022 2879 snum
1050 2837 1174 2894 congma
1201 2818 1392 2876 satisfactione
1415 2817 1574 2883 eorrexerit,
1600 2815 1743 2887 potestatis

944 2912 1112 2984 honorisque
1127 2911 1168 2967 sui
1183 2909 1316 2983 dignitate
1331 2915 1434 2974 careat,
1460 2921 1590 2979 reamque
1605 2921 1635 2961 se
1649 2904 1742 2960 divino

940 3001 1044 3074 judicio
1057 3001 1174 3057 existere
1188 2999 1224 3055 de
1238 3006 1372 3071 perpetua
1386 2996 1527 3069 iniquitate
1538 3002 1696 3067 cognoscat,
1713 3000 1741 3050 et

944 3085 1161 3143 asseratissimo
1184 3098 1302 3155 corpore
1321 3090 1349 3138 et
1363 3081 1499 3154 sangnine
1523 3078 1632 3136 Domini
1654 3076 1741 3133 nostri

941 3173 1007 3228 teau
1022 3170 1123 3228 Christi
1138 3167 1296 3237 alienafiat,
1317 3170 1400 3238 atque
1420 3165 1449 3221 in
1469 3172 1591 3221 extremo
1614 3163 1739 3217 examine

942 3261 1073 3318 districta
1087 3257 1183 3316 ultioni
1196 3257 1347 3328 subjaceat.
1359 3254 1469 3312 Cunctis
1479 3261 1567 3308 autem
1583 3248 1741 3306 eidemioco

942 3351 1066 3419 suajura
1094 3347 1267 3404 servantibus
1296 3345 1331 3402 sit
1353 3359 1406 3416 pax
1433 3340 1542 3399 Domini
1566 3339 1651 3396 nostri
1669 3339 1737 3394 iesu

942 3439 1053 3506 Christi,
1063 3447 1194 3510 quatenus
1209 3445 1236 3493 et
1249 3435 1294 3493 bie
1304 3434 1419 3491 fructum
1435 3427 1740 3500 bonaeactionisperci·

941 3528 1027 3601 piant,
1044 3535 1070 3583 et
1084 3526 1157 3598 apud
1171 3525 1324 3581 districtum
1346 3522 1466 3593 judicem
1493 3519 1605 3592 praemia
1628 3526 1738 3574 aeterna

941 3616 1016 3688 pacis
1031 3615 1180 3671 inveniant.
1199 3615 1299 3669 Anien.

976 3714 1074 3768 Datum
1090 3711 1160 3768 l‘isis
1175 3719 1272 3768 octavo
1288 3709 1403 3766 Kalend.
1428 3708 1501 3775 ldaii,
1521 3706 1671 3764 indictione
1686 3705 1738 3762 de-

940 3798 1012 3853 cima
1025 3804 1133 3868 quarta,
1149 3795 1345 3852 incarnationis
1356 3793 1584 3850 Dominicaeauno
1595 3791 1738 3847 naillesimo

940 3886 1089 3944 centesimo
1098 3883 1239 3957 trigesimo
1245 3883 1371 3956 septimo.
1382 3881 1553 3954 pontificatus
1561 3895 1627 3938 vero
1634 3879 1737 3937 domini

940 3972 1091 4032 innocentii
1104 3989 1182 4046 papae
1197 3973 1220 4027 ll
1234 3987 1306 4028 auno
1321 3979 1408 4027 sexto.
1585 3980 1617 4051 ,ὑ

1269 4069 1402 4127 CCXXX.
1499 4113 1501 4118 .

940 4169 1104 4227 nonasterii
1115 4166 1199 4225 detto
1208 4167 1339 4224 Pauline
1358 4165 1549 4223 caemeterium
1572 4162 1735 4233 colafis-mat.

1162 4266 1252 4336 (inno
1267 4267 1348 4333 1136,
1357 4263 1447 4336 ΑριίΙ.
1462 4264 1521 4335 hd.)

940 4368 1104 4442 thanause,
1114 4364 1191 4422 Hisf.
1203 4364 1305 4421 Nectar.
1317 4364 1366 4420 der
1379 4361 1664 4434 castenato-capelle
1672 4377 1738 4416 zttm

979 4439 1035 4495 iacit
1050 4439 1161 4502 lircutr,
1170 4439 1214 4502 59,
1226 4443 1295 4492 teste
1306 4435 1642 4505 Selinites,llirectortum
1652 4431 1738 4504 dipto-

976 4512 1125 4575 rnntt'cum,
1142 4510 1163 4575 1,
1180 4507 1253 4580 3¹7i

1273 4603 1424 4661 CCXXXl.

941 4706 988 4762 Aa
1004 4703 1179 4777 ltaynaidum
1203 4704 1327 4774 arcitiep.
1349 4706 1521 4760 ficinensem.
1538 4731 1572 4741 -
1589 4703 1623 4758 tit
1647 4700 1739 4756 arciat-

978 4778 1129 4833 diuconam
1137 4790 1219 4831 sunm
1230 4777 1261 4830 in
1272 4775 1514 4847 ttrcltiepiacopum
1530 4774 1736 4828 Biturica-asam

977 4849 1099 4905 eloctum
1113 4847 1223 4919 potenti
1243 4844 1345 4918 populo
1360 4845 1504 4901 concedet.

1172 4946 1262 5015 (Anno
1278 4945 1357 5007 1136,
1373 4941 1437 4998 blaii
1451 4941 1508 5005 ta.)

1099 5043 1173 5117 itan,
1191 5043 1267 5099 Thes.
1280 5042 1390 5098 Aaccd.
1406 5042 1450 5108 Vi,
1467 5057 1486 5108 t,
1504 5040 1578 5112 3¹⁰·i

979 5139 1742 5212 innocenciusepisoopus,sert·usservoruml)ei,vene·

944 5231 1024 5289 rabili
1039 5231 1117 5287 fratri
1136 5232 1168 5286 lt.
1183 5228 1397 5300 archiepiscope,
1423 5237 1450 5286 et
1470 5229 1588 5300 capitulo
1602 5229 1740 5296 ilamensi,

945 5321 1058 5376 salutern
1074 5326 1101 5376 et
1114 5317 1294 5390 apostolicam
1309 5318 1544 5375 benedictionem.

982 5408 1128 5464 Charitatis
1144 5408 1243 5462 bonum
1269 5417 1310 5463 est
1333 5408 1471 5479 proprium
1492 5407 1589 5464 alienis
1612 5416 1741 5480 tanquam

946 5496 1001 5553 suis
1015 5496 1136 5570 gaudere
1146 5495 1325 5567 profectibus.
1346 5497 1400 5552 Sed
1413 5506 1440 5554 et
1453 5497 1589 5571 particeps
1604 5498 1740 5554 mercedis

943 5585 1045 5656 existit,
1062 5584 1108 5660 qui
1123 5584 1258 5644 bonorum
1276 5600 1388 5663 opernm
1404 5603 1433 5644 se
1449 5586 1557 5646 exbibet
1572 5586 1740 5659 adjutorem.
