3750 6000
468 263 519 324 D}
541 260 675 326 etesiis
696 261 852 326 PONTIF.
875 264 991 326 Aaou.
1015 299 1053 311 -
1076 266 1148 329 ΗΒ.
1172 266 1195 328 1.
1605 274 1683 337 1486

70 418 72 454 ι
87 397 220 455 discussa
234 397 405 455 infirmitate
415 398 570 457 convaluit.
583 399 707 472 impigre
722 397 800 456 enim
816 400 844 467 Α
859 397 993 473 serioque
1001 403 1196 472 tractandum,
1207 404 1305 459 utrum
1317 403 1382 460 ideo
1394 403 1562 463 fidelitatem
1571 406 1681 465 terreni

74 487 374 562 inceperat,urgebat,
385 493 419 546 ut
432 488 606 546 Anselmum
620 490 650 547 in
666 490 807 561 archiopi·
861 487 979 546 Domini
993 490 1169 562 debilitaret,
1186 491 1209 548 si
1225 491 1365 550 vicarium
1381 494 1472 550 sancti
1496 494 1570 553 Petri
1586 495 1685 571 appel·

72 577 806 652 tudrmnret;missiquesuntnuntiiiuNortbman·
860 576 944 635 leret.
957 577 1072 652 Magnis
1086 597 1154 654 ergo
1170 581 1308 654 utrinque
1324 582 1463 648 motibus,
1480 584 1595 656 maguis
1615 601 1686 644 oon·

79 668 678 743 cumlitterisregisadarehiepiscopum
698 669 806 727 liotho·
860 667 1064 725 minationibus
1094 673 1216 726 actum:
1241 675 1363 744 eratque
1397 671 1580 730 ratiocinatio
1608 674 1686 748 regie

70 774 148 815 neem
165 763 193 816 et
208 759 367 816 monachos
389 760 555 829 Beruenses,
572 760 621 832 qui
637 759 757 817 liberam
780 759 807 816 ei
861 755 1046 827 hujusmodi:
1063 759 1248 817 Consuetudo
1263 761 1343 833 regni
1360 759 1417 816 mel
1432 765 1478 818 eet
1492 778 1509 818 a
1524 766 1605 834 patre
1621 778 1686 820 meo

70 864 142 905 inem
167 848 367 922 impetrarent.
388 847 431 905 lili
455 864 571 922 quoque
599 849 741 906 rationem
766 848 806 905 rei
860 844 1422 923 instituta,utnuiluspraeterlicentiam
1438 850 1515 923 regis
1525 850 1687 924 appelletur

72 937 807 1012 utebatur,diligentilanoepcnsantes,aliquantis
861 953 943 1009 pepe.
969 939 1023 1005 Qui
1045 942 1271 998 consuetudines
1299 942 1378 1013 regni
1403 942 1489 1014 tollit,
1511 947 1686 1015 potestatem

70 1026 183 1084 rversiis
200 1025 330 1099 prolatis.
343 1035 370 1084 et
381 1026 544 1084 eventilatis
555 1029 674 1085 tandem
687 1045 807 1087 conces·
862 1043 977 1100 quoque
991 1033 1020 1085 et
1034 1044 1170 1087 eoronam
1187 1030 1267 1104 regni
1282 1030 1380 1088 violet.
1393 1031 1448 1098 Oui
1459 1048 1597 1092 coronam
1613 1031 1687 1089 mibi

72 1117 93 1170 t.
108 1116 163 1171 Sed
181 1115 336 1188 suspendit
359 1116 573 1172 ordinationem
589 1119 654 1188 ojus
669 1117 807 1174 simultas
861 1115 966 1184 aulert,
983 1116 1159 1187 iuimicitias,
1176 1125 1204 1176 et
1220 1119 1422 1178 inlideiitetem
1438 1121 1467 1177 in
1485 1137 1532 1179 me
1547 1122 1615 1196 agit.
1632 1124 1688 1178 Re·

73 1204 806 1277 psumetregem,irrepenshujuscemodidecause.
861 1207 1687 1283 spondebat.rinsolmue:Dominuscontresspit,quibanc

70 1297 159 1349 inerat
173 1308 241 1349 curu
257 1309 307 1349 rex
318 1293 528 1350 favorabilibus
543 1295 805 1367 assentationibus,
862 1296 1050 1368 questionem
1072 1298 1187 1354 duobus
1204 1300 1355 1373 preceptis
1371 1298 1504 1368 absolvit,
1521 1306 1550 1357 et
1564 1300 1686 1359 enodem

70 1381 368 1439 ssessioneslleolesiae
378 1381 809 1455 Christi,quasipseabaliena·
862 1385 998 1443 reddidit.
1023 1387 1098 1454 Quid
1122 1388 1200 1445 euim
1223 1388 1372 1446 iidelitatle
1398 1389 1555 1446 debeamus
1578 1389 1687 1448 vicario

70 1471 246 1530 ‚voluntaria
260 1472 428 1544 dignatione
439 1471 469 1528 in
481 1471 620 1530 clientum
630 1489 749 1531 suorum
761 1473 808 1544 ius
861 1474 940 1533 beati
966 1476 1053 1543 Petri,
1071 1477 1134 1548 ipse
1157 1478 1260 1535 docet:
1280 1497 1291 1527 ι
1307 1480 1346 1533 lu
1371 1493 1403 1535 es
1425 1478 1537 1547 Petrus,
1551 1483 1580 1536 et
1600 1495 1689 1552 super

73 1576 124 1617 um
153 1561 372 1631 transcriberet,
397 1563 447 1636 qui
471 1561 538 1619 illas
561 1567 627 1634 post
655 1564 808 1620 decessum
863 1565 938 1622 bano
963 1574 1071 1638 petram
1093 1567 1242 1625 edilloabo
1267 1567 1424 1624 lloolesism
1445 1576 1616 1636 menmret,
1634 1567 1687 1626 tibi

72 1653 147 1722 ancl,
163 1668 213 1726 per
227 1656 293 1725 cJus
321 1654 433 1711 donum
461 1655 632 1712 invaserant
652 1671 660 1712 ι
690 1654 810 1728 negavit
863 1652 939 1711 dabo
955 1652 1050 1710 claves
1066 1655 1147 1727 regni
1163 1655 1314 1724 emiorum,
1325 1660 1354 1712 et
1366 1655 1690 1730 quacunqueligareris

73 1758 139 1799 mus
150 1742 434 1815 iniligcredamnum
450 1743 591 1816 ecclesie,
603 1745 651 1801 cui
662 1745 724 1816 ipse
736 1729 845 1801 nihttB
862 1759 947 1816 super
962 1748 1083 1815 terram,
1094 1748 1182 1801 erunt
1195 1744 1286 1820 ligata
1300 1751 1329 1803 et
1344 1745 1374 1803 in
1390 1745 1482 1815 coelis,
1498 1749 1537 1816 et,
1552 1761 1691 1819 quaecun-

73 1830 165 1889 iisset.
182 1833 333 1890 Commota
356 1851 391 1891 ex
411 1833 457 1890 bis
482 1833 624 1908 principis
647 1834 715 1905 bile,
731 1835 808 1908 quod
863 1847 919 1904 que
934 1830 1057 1889 solveris
1072 1848 1163 1906 super
1184 1837 1305 1903 terrem,
1322 1839 1408 1891 erunt
1422 1835 1528 1903 soluta,
1545 1846 1573 1891 et
1586 1833 1616 1891 ln
1632 1849 1689 1892 cte·

70 1922 99 1979 ie
114 1921 286 1995 pontificatu
301 1924 365 1994 ejus
380 1940 498 1982 summo
515 1923 681 1983 celebrabat
700 1926 808 1994 studio,
862 1921 898 1978 lis
912 1921 1018 1994 (ilottlt.
1035 1923 1104 1996 avr),
1121 1944 1135 1974 s
1162 1927 1190 1981 et
1211 1927 1408 1980 communiter
1429 1924 1587 1983 omnibus:
1604 1945 1618 1975 a
1634 1922 1689 1990 ont

70 2029 116 2078 rm.
127 2018 155 2069 et
168 2029 240 2086 pene
255 2014 397 2071 omissum
413 2030 420 2070 :
434 2016 638 2088 undeegregia
649 2032 733 2073 mens
745 2016 809 2089 ejus
864 2028 913 2068 roe
928 2013 1019 2081 audit,
1036 2029 1082 2069 me
1098 2013 1189 2080 audit,
1203 2017 1231 2070 et
1247 2014 1298 2086 qui
1313 2030 1364 2070 vos
1378 2013 1500 2085 spernit,
1516 2029 1564 2070 me
1577 2012 1690 2086 spernit

70 2104 142 2163 rexit
155 2103 266 2174 tatius,
283 2121 406 2177 sperans
421 2121 450 2162 ιι
468 2105 547 2162 omni
565 2107 742 2178 prelationis
758 2107 810 2164 rte·
864 2101 942 2169 (ιιι.
957 2100 996 2174 a).
1014 2123 1028 2152 ι
1042 2101 1078 2156 Et
1092 2102 1215 2158 iterum:
1233 2124 1247 2152 «
1263 2101 1316 2168 out
1341 2119 1393 2158 vos
1416 2102 1521 2176 tangit,
1537 2102 1622 2175 quast
1638 2099 1690 2174 qut

70 2208 118 2248 um
130 2194 340 2263 munerante
352 2192 514 2250 solitariam
526 2194 614 2250 vitam
632 2195 810 2252 transieren·
863 2189 958 2262 tangit
980 2189 1122 2263 pupillam
1146 2190 1222 2248 oculi
1245 2190 1302 2247 mel
1317 2191 1409 2262 (naar.
1426 2194 1467 2255 tri·
1485 2212 1498 2242 r
1516 2189 1604 2247 Porto
1619 2189 1689 2263 quid

75 2281 142 2338 Jam
154 2280 231 2339 enim
242 2282 366 2340 abbatie
381 2283 449 2339 dato
465 2283 567 2340 baculo
584 2284 747 2340 decesserat
762 2300 811 2357 per
863 2279 1020 2336 debeamus
1035 2280 1107 2352 regi,
1124 2279 1193 2336 alias
1207 2277 1336 2337 declaret
1349 2296 1357 2337 ι
1370 2301 1384 2331 «
1400 2279 1523 2336 Reddite
1542 2295 1606 2352 qua
1621 2285 1691 2336 sunt

70 2370 514 2444 >magensemsrebiepisoopum
527 2372 811 2432 Wiliielmumabso·
864 2369 995 2437 Gesseris,
1022 2369 1137 2439 Caesart,
1167 2373 1195 2426 et
1223 2385 1286 2441 qua
1316 2373 1386 2426 sunt
1413 2367 1476 2438 Del,
1500 2368 1558 2426 Deo
1583 2368 1689 2442 (linitis.

72 2502 79 2515 .
99 2460 271 2530 solebatque
291 2464 372 2527 tunc,
386 2465 415 2518 et
429 2477 505 2533 sape
526 2461 665 2533 profiteri,
681 2462 758 2534 quod
774 2462 810 2517 ad
864 2463 945 2530 xxrr).
963 2459 1123 2516 »Reddam
1140 2476 1207 2532 ergo
1223 2460 1285 2517 sine
1300 2460 1412 2517 oliensa
1426 2459 1457 2517 iu
1478 2459 1525 2517 his
1550 2475 1613 2532 que
1638 2457 1690 2516 Dei

71 2563 99 2603 m
112 2547 308 2620 prelationem
319 2548 436 2616 valeret,
446 2549 502 2606 nisi
513 2550 548 2606 ad
560 2549 720 2621 prioratum
732 2549 811 2608 olau-
865 2554 946 2618 sunt,
961 2549 1069 2607 vicario
1084 2549 1160 2607 beati
1176 2549 1252 2606 Petri
1266 2549 1460 2607 obedientiam
1472 2555 1515 2617 ;et
1525 2548 1554 2604 in
1568 2547 1612 2605 bie
1627 2563 1690 2620 qun

70 2636 133 2708 puta
143 2639 172 2692 et
185 2637 326 2708 gauderet
336 2637 406 2704 otio,
417 2642 446 2694 ct
455 2637 522 2694 aliis
538 2639 687 2695 laboribus
706 2639 810 2712 impar,
866 2647 985 2697 terrene
1001 2638 1138 2712 dignitati
1154 2638 1265 2695 domini
1282 2639 1338 2695 mei
1353 2640 1534 2711 competunt,
1547 2636 1633 2693 fidele
1644 2650 1691 2694 au·

71 2741 117 2782 em
132 2726 168 2782 ed
185 2725 416 2783 benedicendum
433 2731 598 2800 promptam
614 2726 742 2784 haberet.
760 2728 814 2786 Ve·
865 2727 968 2784 xillum
984 2732 1012 2785 ct
1027 2727 1182 2785 consilium
1200 2745 1251 2802 pro
1265 2743 1422 2801 possemeo
1434 2743 1491 2785 non
1507 2725 1690 2783 subtraham.

70 2829 151 2870 nmen
168 2814 260 2871 multo
276 2814 385 2872 iluente
398 2819 530 2889 tempore
543 2815 675 2874 omnium
686 2818 812 2890 querelis
902 2820 935 2875 ln
950 2817 997 2874 his
1010 2817 1204 2891 exsequendis
1227 2833 1329 2876 omnes
1352 2815 1481 2890 episcopi
1504 2815 1614 2889 Anglie
1629 2814 1691 2888 pri·

70 2903 194 2972 arbatus,
211 2905 288 2978 qnod
314 2909 447 2962 carentes
472 2911 582 2963 rectore
603 2922 719 2980 pessum
735 2908 812 2964 irent
866 2906 938 2964 meti
953 2923 1006 2965 suo
1022 2907 1192 2978 suffragium
1209 2910 1362 2981 negarunt,
1373 2914 1469 2979 partes
1484 2913 1603 2979 agentes
1619 2919 1693 2961 mer·

70 2992 125 3064 eia,
141 2994 187 3049 vix
202 2994 351 3066 persuasit
367 2995 404 3065 ei,
421 2999 453 3052 ut
475 2995 640 3068 suscipiens
662 2996 810 3070 archiepi·
867 2995 987 3065 eeuarii,
1003 3001 1032 3052 et
1052 2995 1196 3054 libertatis
1223 2995 1345 3068 prologi.
1365 2995 1401 3052 et
1425 2993 1509 3068 quasi
1536 3009 1638 3067 parum
1661 2990 1693 3050 ld

70 3087 138 3139 itum
153 3098 297 3140 consensu
311 3099 365 3140 euo
380 3088 553 3142 cunctorum
567 3086 718 3143 roboraret
732 3087 808 3145 desi·
865 3090 955 3155 esset,
971 3102 1087 3143 omnem
1102 3087 1128 3143 ei
1145 3085 1353 3155 obedientiam,
1368 3092 1396 3143 et
1412 3083 1623 3156 subjectionem
1640 3082 1692 3139 eb·
1765 3110 1773 3121 ·-

72 3172 812 3250 mlngentibusautempromissisqueipsssone·
866 3180 1055 3249 negaverunt.
1083 3176 1220 3232 incentor
1242 3180 1272 3232 et
1298 3173 1440 3231 vexillifer
1468 3172 1603 3231 lecticula
1630 3176 1692 3228 eret

70 3267 86 3320 t
101 3278 199 3332 auras,
214 3263 324 3332 ellusls,
341 3280 404 3337 quse
420 3264 568 3322 bominem
584 3266 737 3334 illicerent,
754 3272 813 3325 tar·
868 3261 1693 3336 wtttietmusuusalmensisepisccpua,bomcimportunas

70 3367 105 3408 tm
115 3351 309 3424 impellerent,
317 3353 425 3424 regalia
435 3371 485 3426 pro
498 3372 576 3412 more
586 3355 662 3412 iliius
672 3357 812 3430 temporis
868 3358 1022 3428 facundie,
1032 3361 1061 3412 et
1070 3353 1239 3413 ambitionis
1254 3353 1378 3411 infestas.
1387 3351 1442 3417 Qut
1452 3357 1582 3425 speraret
1595 3349 1693 3408 archi·

70 3457 101 3497 ns
115 3439 252 3513 principi,
263 3458 303 3497 vu
318 3441 381 3498 ttat
394 3441 537 3510 Octobris,
552 3444 715 3503 Cantuarie
730 3462 812 3503 asse·
867 3446 1046 3521 episcopatui
1062 3445 1170 3504 intrudi
1187 3444 1327 3502 Auseimo
1343 3441 1465 3516 depulso
1479 3457 1485 3496 :
1501 3442 1626 3514 ideoque
1641 3440 1694 3496 im·

70 3529 113 3585 sed
128 3527 221 3600 pridie
233 3528 267 3587 N.
279 3529 450 3586 Decembris
461 3531 497 3587 ab
513 3534 651 3591 omnibus
666 3534 814 3608 episcopis
868 3538 986 3609 probius
1002 3536 1155 3594 insistebat
1165 3534 1289 3608 negotio,
1302 3532 1531 3607 promiseratque
1542 3529 1603 3604 regi
1615 3530 1694 3587 iutu-

69 3618 101 3673 ἰι
116 3617 260 3674 solemnia
274 3618 450 3692 episcopalia
465 3622 592 3693 suscepit
604 3640 611 3679 :
624 3623 736 3695 luitque
747 3640 814 3696 pro·
869 3643 934 3682 rum
949 3642 1003 3683 sua
1018 3626 1144 3695 solertia,
1159 3629 1190 3680 ut
1205 3623 1319 3681 cederat
1333 3621 1447 3690 honori,
1463 3625 1566 3693 sponte
1581 3618 1694 3676 reddito

69 3708 147 3763 ticon
162 3709 246 3778 ejus:
264 3727 277 3760 ι
295 3708 409 3765 locavit
425 3708 544 3777 multos,
561 3715 591 3767 et
604 3712 686 3768 misit
699 3728 815 3769 servum
870 3714 979 3772 annulo
994 3719 1023 3771 et
1036 3712 1150 3771 bacuio.
1162 3711 1217 3769 Sed
1235 3711 1396 3769 ventilabat
1410 3709 1560 3782 ingenium
1574 3709 1695 3765 adverso

70 3813 79 3852 1
95 3795 168 3853 bora
187 3813 274 3852 coenrs
294 3795 389 3854 dicere
403 3796 532 3855 invitatis
547 3800 817 3874 atramentareis
872 3806 940 3872 Deo,
952 3820 1020 3861 oum
1036 3801 1135 3860 omnia
1149 3804 1224 3872 ejus,
1235 3810 1262 3858 et
1277 3807 1447 3857 ceterorum
1464 3796 1586 3854 consilia
1599 3795 1696 3870 longis

70 3893 94 3942 ta
109 3889 180 3941 suat
194 3887 301 3956 omnia,
311 3891 340 3942 et
351 3894 499 3958 caeperunt
513 3904 616 3945 omnes
628 3889 715 3946 simui
730 3905 817 3948 excu-
870 3893 1042 3966 ambagibus
1057 3892 1186 3949 volutata
1201 3907 1259 3947 uno
1270 3889 1404 3946 contudit
1414 3903 1572 3955 responso:
1583 3886 1614 3942 ei
1629 3884 1698 3958 quis

72 3978 147 4049 (Luc.
159 3977 256 4046 srvi.»
273 3994 326 4035 neo
341 3977 432 4035 multo
448 3984 514 4051 post
530 3996 578 4037 rex
593 3998 673 4038 mere
688 3981 815 4040 transiit.
870 3983 1021 4057 esset,qui
1034 3986 1155 4054 probare
1170 3983 1369 4053 presumeret,
1381 3977 1630 4050 quouideoildem
1641 3980 1698 4032 ier·
1797 4028 1800 4033 .

71 4071 82 4123 t
97 4065 142 4121 bis
157 4066 261 4123 diebus
277 4065 335 4123 dno
350 4068 554 4138 competitores
573 4069 697 4127 Romani
712 4089 818 4145 praesu·
872 4090 941 4133 reno
955 4080 1072 4146 negaret
1096 4070 1167 4144 regi,
1182 4070 1250 4143 quia
1274 4066 1433 4138 appellaret
1458 4065 1598 4122 vicarium
1619 4063 1697 4120 beati

72 4155 248 4226 ,Wibcrtue
262 4162 292 4213 et
309 4157 453 4223 Urbanus,
470 4162 577 4216 summi
599 4161 685 4217 ambo
699 4167 728 4218 et
743 4178 817 4235 pree·
871 4162 961 4230 Petri,
972 4165 1050 4220 esset
1065 4162 1127 4233 ipse
1142 4166 1245 4219 eontra
1256 4160 1387 4231 paratus,
1398 4157 1456 4225 oui,
1467 4162 1497 4212 et
1509 4154 1556 4210 ubi
1569 4153 1698 4220 deberet,

70 4262 106 4304 ;es
121 4247 174 4302 viri
179 4253 364 4321 ,neuterque
382 4249 466 4306 alteri
481 4267 534 4323 pro
550 4268 673 4325 persona
689 4254 816 4311 sedabat.
872 4249 1115 4326 responderetis
1131 4247 1223 4321 magis
1238 4246 1281 4303 illi
1295 4245 1403 4302 animis
1418 4242 1592 4308 labefactati,
1605 4240 1699 4311 majo·

70 4353 141 4394 ensu
166 4338 256 4393 dubio
279 4339 442 4396 tiuotuabat
464 4341 605 4412 Augilas
597 4359 628 4399 m
653 4341 817 4400 Wioertum
834 4355 857 4421 Β
873 4359 932 4398 rem
938 4328 1699 4414 ,quamopinabauturanimadverteruntviroinesse

70 4433 182 4484 amatu
197 4428 465 4501 regiainclinatior.
475 4432 818 4505 anselmusjamdurtnm
875 4431 1072 4505 prudentiam,
1079 4427 1251 4503 quodeciret
1263 4425 1434 4483 nondobere
1445 4420 1699 4494 archiepiscopum

70 4530 143 4571 num
158 4514 187 4569 in
205 4531 308 4586 papam
324 4521 502 4590 susceperat,
515 4519 605 4592 idque
615 4537 682 4595 rege
697 4539 755 4581 non
770 4520 820 4579 ab·
873 4521 1033 4579 Cantuarie
1054 4516 1193 4591 judicari,
1208 4515 1264 4573 nisi
1286 4514 1316 4572 in
1339 4511 1512 4572 consistorio
1536 4506 1699 4583 apostolici.

70 4607 103 4659 ‚tc
117 4607 279 4674 wiperti.
297 4620 363 4663 oum
379 4605 417 4662 ad
432 4607 714 4682 archiepiscopatum
729 4610 818 4685 elige·
876 4611 918 4668 lta
940 4613 1001 4670 toto
1026 4608 1161 4667 acumine
1184 4603 1379 4664 limatorum'
1371 4619 1401 4660 tn
1416 4599 1548 4659 consiliis
1571 4598 1700 4657 virorum

70 4707 86 4749 ,·.
100 4688 305 4749 Verumtamen
328 4709 396 4750 cum
421 4693 470 4752 ille
495 4696 618 4754 redisset
638 4698 668 4754 in
685 4715 819 4772 regnum,
876 4700 1001 4758 inaniter
1013 4699 1151 4757 adversus
1166 4710 1246 4766 eum,
1259 4692 1305 4751 cui
1318 4692 1512 4758 Deusaderat‚
1523 4688 1700 4746 certabatur.

70 4777 821 4861 ³⁸m⁰¹ifflifli⁸sl⁰⁰m0dii⁸it1⁸luetatitslrempro·
876 4791 950 4850 Nara
966 4804 1148 4866 quecunque
1162 4786 1285 4844 dicende
1296 4785 1460 4860 putassent,
1471 4780 1589 4838 inventa
1602 4778 1701 4835 statim

73 4871 241 4947 espoliare,
257 4873 330 4932 adut
342 4891 409 4934 sum
423 4877 560 4950 pontilex,
578 4878 717 4952 petatque
729 4880 820 4939 licen
878 4881 998 4951 ratione,
1024 4880 1102 4937 sicut
1128 4875 1294 4935 vehementi
1316 4878 1385 4931 flatu
1409 4886 1507 4930 casses
1527 4881 1702 4926 araneorum

84 4967 207 5026 Romam
222 4969 310 5026 eundi
323 4986 374 5044 pro
389 4969 478 5045 pallio
493 4974 637 5029 sumendo
650 4989 667 5029 a
678 4990 754 5047 papa
768 4973 820 5032 Ur·
879 4970 1081 5042 dirumpebat;
1093 4967 1165 5025 adeo
1181 4968 1321 5023 immotus
1336 4960 1445 5029 animo,
1456 4964 1485 5017 et
1495 4954 1702 5016 sollicitudinis

74 5099 81 5115 ·
878 5075 998 5128 vacuus,
1011 5070 1042 5116 ut
1057 5055 1138 5114 illrs
1130 5073 1159 5112 ιιι
1176 5060 1274 5127 partes
1288 5047 1500 5117 secedentibus,
1514 5050 1543 5104 et
1556 5043 1634 5102 dicte
1648 5058 1704 5100 sun

70 5163 90 5202 ro
113 5147 201 5218 dieto,
218 5165 278 5217 rer,
301 5153 335 5206 ut
357 5166 474 5223 semper
498 5150 586 5209 calori
613 5169 724 5226 pronus
748 5157 821 5222 erat,
878 5148 937 5205 huc
951 5155 980 5206 et
993 5146 1063 5204 rlluc
1074 5143 1316 5219 ponderantibus
1329 5140 1393 5212 ipse
1407 5152 1503 5211 sopori
1496 5134 1552 5192 ad
1563 5133 1702 5207 parietem

70 5252 88 5292 ι
104 5251 209 5293 causas
224 5238 336 5296 irarum
353 5241 482 5298 invenit·
498 5243 720 5315 excitatusque'
713 5260 742 5301 ιι
759 5259 822 5300 ma·
880 5237 1040 5295 reclinatus
1055 5233 1227 5306 indulgeret.
1245 5232 1353 5289 Eodem
1376 5227 1456 5285 vultu
1478 5229 1575 5281 mente
1596 5221 1703 5280 incon·

70 5325 280 5397 pronuntiavit,
292 5345 349 5385 non
361 5336 469 5387 rectam
481 5346 549 5387 eum
561 5331 646 5389 iidem
651 5349 755 5405 ,quem
766 5333 824 5390 sibi
880 5343 997 5396 cussus,
1009 5341 1063 5383 neo
1077 5323 1120 5380 ira
1135 5321 1332 5389 turbulentus,
1343 5334 1395 5375 neo
1407 5320 1485 5374 metu
1500 5312 1613 5380 anxius,
1626 5316 1704 5369 tren·

70 5412 185 5483 riserat,
201 5430 288 5486 posse
302 5434 426 5493 servare,
443 5421 466 5478 si
483 5438 538 5478 sua
553 5422 616 5480 sine
637 5423 753 5481 lieentia
768 5423 823 5483 Ur·
882 5416 1059 5491 quillitatem
1075 5411 1178 5480 enimi,
1193 5411 1242 5467 et
1235 5424 1297 5484 rpse
1320 5409 1473 5474 terebatur,
1489 5407 1518 5461 et
1532 5401 1613 5460 laciei
1629 5416 1706 5474 pra-

70 5519 120 5574 rm,
123 5502 621 5584 velquemlibelpapamappellaret.
626 5511 823 5571 Dillerendum
880 5505 1020 5563 tendebat
1034 5503 1178 5561 hilaritas.
1194 5501 1363 5558 Surrentum
1386 5511 1454 5570 ergo
1468 5494 1499 5551 ln
1513 5493 1658 5552 clamores
1676 5493 1707 5547 at

70 5593 489 5667 ilrequantioremeonventunr
501 5601 823 5674 respondititnselmus‚
882 5597 984 5668 turias,
999 5591 1188 5654 Dunelmensi
1209 5590 1346 5666 episcopo
1360 5586 1458 5664 palem
1473 5580 1704 5661 pronuntiante,
