3750 6000
69 237 136 293 toti

561 231 677 287 Gasaa
697 232 819 288 ababli
839 232 1043 290 anatoliani.
1061 265 1096 275 -
1114 235 1180 290 Llll.
1204 236 1225 288 Ι.

1659 235 1730 292 tota

69 361 194 430 directis,
223 357 312 430 plenis
336 358 399 414 lidei
424 365 518 424 rectae,
543 371 674 428 magnam
696 339 914 416 humilitatem‘h
930 373 978 412 eos
992 365 1018 413 et
1033 355 1207 413 infraducens
1229 357 1257 413 in
1281 365 1389 429 portum
1404 358 1508 427 salutis,
1525 365 1552 415 et
1567 359 1665 415 offerre
1679 375 1729 430 pro

70 459 190 508 vestram
218 449 405 520 reperientes,
435 446 614 518 omnipotenti
639 445 700 500 Deo
730 445 875 500 referimus

70 547 180 614 grates,
206 537 253 610 qui
277 543 396 592 vestram
422 534 662 608 prudentissimam
687 534 874 590 excellentiam

69 628 98 682 in
125 625 253 683 omnibus
287 625 393 681 ornavit
425 641 459 681 ac
488 623 646 689 decoravit,
672 638 739 695 erga
765 623 873 678 beatum

71 717 180 772 Petrum
197 714 385 786 apostolorum
397 713 560 785 principem,
576 718 601 766 et
615 711 758 766 uobiscum
770 711 874 768 habere

74 803 262 871 dilectionem,
275 811 302 858 et
315 803 341 858 in
352 803 478 858 omuibus
487 800 644 873 apostolicis
658 799 797 856 humiliter
806 816 874 857 con-

68 901 170 958 sentire
202 899 339 957 censuris.
378 902 462 957 Porro
495 899 522 955 in
558 891 639 957 125
669 916 720 957 una
751 914 786 954 cx
819 898 873 954 illis

68 998 193 1072 epistolis
208 997 362 1070 reperimus
380 999 497 1070 qualiter
520 1004 612 1074 gratia
632 1010 735 1057 nostrae
759 1005 873 1069 aposto-

67 1087 129 1145 licae
146 1086 306 1157 functionis,
323 1088 345 1142 si
357 1089 439 1157 juxta
455 1089 585 1157 fuissetis,
612 1091 730 1146 animam
752 1096 871 1143 vestiam

67 1193 119 1249 pro
136 1175 217 1232 nohis
235 1176 398 1246 posuissetis
413 1177 551 1249 benigne;
563 1180 646 1235 immo
656 1187 683 1235 et
693 1187 795 1233 nostrae
810 1191 873 1247 pro-

67 1264 192 1336 speritati
207 1264 357 1320 multumin
367 1267 481 1323 Domino
492 1267 709 1340 congaudeatis,
723 1275 749 1322 et
762 1266 870 1338 quando

46 1341 174 1409 'nostrie
190 1353 355 1410 dulcissimae
370 1356 563 1411 admonitionis
587 1357 685 1413 litterae
707 1356 743 1411 ad
768 1361 870 1410 vestrae

66 1443 250 1498 unanimitatis
265 1444 430 1513 perveniunt
446 1460 536 1511 aures,
553 1462 613 1502 cum
636 1444 711 1501 omni
736 1443 870 1500 suavitate

65 1532 158 1588 cordis
188 1539 214 1587 et
242 1531 344 1604 gaudio
371 1532 502 1603 spiritali,
532 1537 608 1604 quiesi
637 1534 695 1600 lilii,
724 1541 867 1605 paternum

65 1637 164 1675 munus
181 1621 320 1690 suscipere
337 1619 466 1675 fatemini.
493 1623 636 1678 Fatebatur
660 1638 727 1678 vero
754 1630 781 1677 et
804 1622 866 1687 hoc,

929 444 984 507 illis
1001 447 1117 502 hostiam
1133 447 1244 518 dignam
1259 455 1286 503 et
1302 447 1502 502 immaculatam
1529 448 1557 501 in
1581 456 1730 518 conspectu

929 534 1030 590 divinae
1044 535 1198 604 maiestatis
1212 536 1391 607 omnipotenti
1407 537 1474 591 Deo.
1492 537 1523 590 Et
1538 536 1601 607 quia
1614 537 1728 592 multum

927 623 1007 678 nohis
1022 624 1238 694 praenominatus
1250 626 1473 696 archiepiscopus
1488 624 1516 679 iu
1531 626 1608 680 omni
1624 624 1728 682 sancti-

928 721 983 768 tate
997 728 1047 768 sua
1065 721 1091 769 et
1107 714 1389 771 vitaeconversatione
1401 715 1474 770 ultro
1485 714 1607 787 citroque
1617 716 1728 788 placuit,

927 801 1011 856 valde
1028 802 1112 857 nimis
1142 804 1167 858 ei
1196 803 1352 870 credentes,
1368 821 1400 859 eii
1416 805 1577 860 auctoritate
1604 804 1629 860 ei
1657 803 1729 860 beati

927 890 998 945 Petri
1014 893 1200 961 apostolorum
1216 892 1359 964 principis,
1371 892 1448 961 cujus
1460 891 1503 948 vel
1513 892 1641 948 immeriti
1654 892 1731 949 vices

926 979 1062 1050 gerimus,
1079 979 1162 1035 talem
1179 981 1347 1051 praebuimus
1361 981 1552 1053 praesulatuni,
1569 989 1598 1036 ut
1612 982 1635 1036 si
1649 981 1728 1053 quis·

926 1068 999 1138 piam
1016 1084 1048 1122 ex
1064 1069 1199 1138 subjectis
1224 1070 1292 1136 suis,
1310 1080 1362 1124 tam
1378 1071 1489 1142 regibus
1514 1078 1540 1125 et
1560 1070 1727 1142 principibus

926 1171 1063 1228 quamque
1079 1159 1211 1212 universo
1222 1158 1335 1230 populo,
1346 1167 1534 1230 transgressus
1548 1158 1627 1214 luerit
1636 1158 1727 1215 Domi·

925 1245 985 1299 nica
1015 1246 1155 1312 mandata,
1173 1247 1391 1303 excommunicet
1407 1264 1471 1302 cum
1486 1264 1571 1318 usque
1585 1249 1726 1318 paeniteat,

925 1341 962 1398 et,
976 1334 998 1387 si
1015 1333 1190 1405 impoeuitens
1206 1335 1302 1400 fuerit,
1320 1336 1355 1390 sit
1369 1336 1447 1391 vobis
1470 1337 1540 1392 sicut
1561 1337 1684 1392 ethnicus
1700 1344 1728 1392 ct

924 1421 1098 1491 publicanus.
1118 1423 1158 1476 De
1173 1439 1239 1478 vero
1254 1424 1402 1479 Ethelardo
1417 1425 1474 1494 jain
1497 1423 1568 1479 iacto
1588 1424 1725 1496 archiepi-

924 1525 1008 1580 scopo
1026 1511 1247 1566 Dorovernensis
1265 1513 1399 1578 ecclesia,
1416 1513 1486 1569 sieut
1507 1527 1524 1567 s
1544 1513 1624 1568 nobis
1637 1529 1727 1585 popo-

923 1598 974 1654 scit
990 1607 1146 1656 iastrorum
1161 1600 1310 1672 praesulum
1322 1601 1498 1667 excellentia,
1510 1607 1539 1655 ut
1553 1602 1578 1657 ei
1591 1601 1727 1672 justitiam

65 1709 140 1781 quod
156 1708 349 1780 aliquantulam
375 1726 408 1764 eii
433 1718 523 1766 vestra
549 1710 676 1767 facultate
701 1689 872 1766 benedictio·
887 1709 912 1774 B
928 1686 1079 1743 s³⁰⁰st¹m¹⁸
1098 1689 1394 1760 dei1¹⁸i⁵di⁰³⁰0⁸ib¹¹⁸
1409 1691 1562 1756 ⁵¹¹i⁸i¹¹⁸m
1582 1690 1728 1762 θ(ΜΨ)

66 1814 130 1852 nem
145 1798 226 1853 nobis
241 1796 334 1852 offerri
347 1798 553 1866 demandastis,
576 1800 603 1855 id
629 1808 670 1857 est
694 1808 803 1856 centum
828 1798 872 1854 vi·

62 1886 131 1958 giuti
155 1902 299 1942 mancusas
314 1887 381 1957 (60),
398 1905 467 1959 quas
490 1905 550 1945 cuin
574 1905 675 1960 magno
696 1904 790 1944 amore
823 1903 873 1958 pro

64 1975 165 2031 animae
181 1983 280 2030 vestra.¹
297 1975 384 2030 salute
398 1978 580 2048 suscepimus.
611 1979 645 2032 Et
667 1977 812 2049 praedictus
827 1993 873 2030 ar-

67 2062 261 2134 chiepiscopus
276 2080 336 2118 cuni
352 2064 434 2119 sociis
449 2065 506 2120 suis
521 2064 670 2122 honorilice
696 2081 728 2120 ac
754 2064 873 2137 benigne

68 2168 82 2206 a
98 2151 181 2206 nobis
196 2160 340 2223 susceptus
355 2160 407 2219 est,
423 2161 449 2208 et
464 2153 588 2222 adjuvari
603 2171 664 2208 euni
689 2154 717 2208 iu
740 2154 796 2207 suis
819 2169 870 2208 ne·

68 2240 247 2296 cessitatibus
275 2240 390 2296 libenter
430 2241 558 2297 lecimus.
596 2243 703 2297 interea
731 2241 872 2297 credentes

63 2336 170 2384 vestrae
186 2328 408 2399 prudentissimae
434 2331 614 2397 excellentiae,
633 2331 679 2385 uhi
694 2331 830 2386 ferebatur
844 2331 871 2384 in

64 2417 132 2489 ipsis
149 2416 203 2472 tuis
219 2418 365 2487 regalibus
377 2418 501 2488 apicibus
513 2421 585 2490 quod
598 2419 700 2476 nostris
715 2419 872 2490 apostolicis

66 2505 256 2561 sanctionibus
271 2506 361 2560 nullus
376 2506 546 2562 Christianus
563 2508 697 2563 contraire
711 2506 870 2577 praesumit;

63 2594 127 2649 ideo
143 2594 207 2649 totis
222 2595 328 2649 nisibus
345 2595 448 2650 uostris
473 2612 504 2650 ea
526 2614 587 2667 quae
609 2606 656 2652 tuo
678 2611 764 2666 regno
780 2612 869 2665 expe·

63 2682 139 2737 diunt
154 2683 279 2737 emittere
293 2691 374 2754 atque
388 2683 538 2754 praedicare
553 2693 696 2748 conantur,
715 2691 742 2738 ut
758 2699 790 2737 ca
807 2700 869 2755 quaa

62 2770 141 2825 vohis
156 2770 284 2840 praelatus
310 2772 396 2825 irater
420 2780 513 2826 noster
539 2773 701 2826 Etlietaidns
727 2772 867 2841 archicpi-

68 2873 182 2928 scopus,
200 2875 246 2913 scu
262 2866 319 2913 tota
345 2860 465 2931 synodus
480 2860 649 2932 evangelica
664 2870 743 2931 atqiie
757 2869 869 2930 aposto·

68 2947 134 3003 licae
151 2947 283 3002 doctrina
298 2958 512 3018 sanctorumque
531 2958 646 3018 patrum,
663 2965 781 3003 necnon
797 2966 871 3019 prac-

928 1792 986 1830 rum
1015 1793 1152 1850 quamque
1178 1780 1427 1845 monasteriomm,
1454 1777 1553 1848 quibus
1576 1779 1677 1848 illicite,
1699 1789 1728 1836 ut

927 1880 977 1920 vos
990 1867 1172 1939 cognovistis,
1189 1868 1342 1939 expoliatus
1358 1877 1409 1934 est,
1426 1875 1452 1924 et
1467 1884 1482 1923 a
1496 1868 1648 1923 venerabili
1662 1869 1728 1925 sede

926 1955 994 2022 ejus,
1012 1969 1078 2025 quas
1092 1955 1195 2010 dudum
1211 1957 1306 2025 tenuit,
1322 1956 1421 2012 ablatae
1440 1964 1512 2025 sunt,
1528 1972 1588 2022 nos,
1605 1973 1656 2028 per
1670 1973 1729 2014 om·

926 2042 971 2097 nia
986 2043 1156 2099 enucleatius
1172 2046 1349 2110 trutinantes,
1366 2045 1393 2098 in
1410 2060 1489 2101 sacro
1511 2044 1613 2101 scrinio
1635 2055 1728 2102 nostro

925 2131 1082 2202 reperimus
1097 2141 1220 2187 sanctum
1236 2132 1413 2205 Gregorium,
1427 2133 1661 2204 predecessorum
1671 2136 1728 2206 (63)

924 2238 1060 2294 nostrum,
1080 2224 1160 2290 127
1189 2231 1216 2284 iu
1245 2232 1355 2302 integro
1380 2231 1466 2301 ipsam
1495 2231 1654 2302 parochiam
1675 2247 1731 2288 nu-

924 2324 1002 2364 mero
1022 2309 1167 2364 duodecim
1185 2311 1243 2381 (at)
1259 2311 1340 2365 beato
1355 2311 1509 2382 Augustino
1534 2310 1655 2381 syncello
1678 2326 1730 2367 suo

925 2397 1135 2468 archiepiscopo
1160 2398 1318 2465 tradidisse,
1335 2406 1362 2453 et
1382 2397 1560 2454 confirmasse
1584 2399 1730 2470 episcopos

924 2487 1119 2541 consecrandi.
1140 2487 1223 2542 Unde
1247 2496 1273 2542 et
1297 2502 1348 2543 nos
1373 2487 1497 2546 (veritate
1522 2487 1583 2558 ipsa
1606 2487 1730 2558 reperta)

924 2575 1094 2629 ordinatione
1121 2591 1170 2630 scu
1201 2574 1410 2631 confirmatione
1447 2587 1543 2631 nostra
1579 2575 1728 2646 apostolica

924 2663 1085 2718 auctoritate
1099 2679 1147 2718 eas
1162 2663 1202 2718 illi
1226 2663 1253 2718 in
1277 2664 1395 2735 integro,
1412 2663 1481 2719 sicut
1495 2664 1647 2735 antiquitus
1663 2663 1724 2719 iue-

924 2759 996 2820 runt,
1012 2752 1208 2807 constituentes
1223 2752 1405 2818 reddidimus,
1422 2760 1448 2808 et
1463 2752 1636 2824 privilegium
1660 2766 1724 2807 con·

923 2838 1095 2906 firmationis,
1122 2842 1270 2896 secundum
1295 2856 1436 2897 sacrorum
1464 2856 1600 2897 canonum
1624 2856 1725 2897 censu·

923 2945 993 2994 ram,
1010 2930 1132 2985 ecclesiae
1147 2945 1205 2985 suae
1219 2930 1422 2985 observandum
1439 2929 1609 2984 tradidimus.
1628 2953 1639 2978 i

62 3037 241 3092 decessorum
265 3048 422 3093 sanctorum
446 3046 602 3092 nostrornm
629 3038 797 3108 pontiticum,
819 3055 909 3120 ca-(g
959 3028 1037 3097 3⁰⁰·
1056 3026 1116 3081 0ff³
1133 3027 1251 3092 imma·
1266 3043 1300 3081 ¹¹0
1315 3027 1366 3081 Sibi
1390 3026 1478 3081 flandi
1497 3026 1587 3082 s⁰l²¹¹²
1608 3026 1678 3083 dure
1697 3027 1725 3082 5¹¹

62 3127 162 3180 nonica
177 3140 293 3180 consina
307 3127 487 3197 praedicante,
506 3135 600 3180 vestrm
623 3126 709 3198 regali
729 3126 868 3182 excellen-

67 3213 121 3281 tiae,
138 3231 188 3268 seu
202 3216 310 3269 cunctis
338 3215 508 3284 principibus
530 3214 621 3284 gentis
636 3225 746 3283 restrae,
763 3224 788 3269 et
807 3214 868 3269 uni·

66 3317 150 3357 verso
176 3303 276 3373 populo
292 3303 351 3367 Ilei,
370 3303 507 3368 edisserit,
524 3318 698 3374 nequaquam
721 3304 749 3357 in
772 3302 870 3359 ortho-

64 3389 140 3444 doxa
155 3406 249 3445 eorum
270 3391 390 3445 doctrina
414 3392 551 3462 quippiam
580 3392 709 3446 resistere
734 3391 867 3458 debeatis,

62 3476 180 3534 Domino
195 3494 227 3534 ac
242 3479 426 3548 Rodeinptore
443 3489 536 3534 nostro
547 3480 572 3532 in
584 3480 731 3549 evangelio
747 3480 865 3543 dicente,

63 3567 108 3620 ubi
123 3567 170 3621 ait.
189 3566 246 3634 (61)
263 3568 315 3633 Qui
334 3584 379 3622 aiis
395 3568 509 3640 recipit,
521 3586 566 3623 nic
579 3569 678 3639 recipit
690 3588 696 3633 ;
709 3569 869 3638 etqiiircci·

60 3658 107 3727 pit
121 3655 288 3727 proplietam
301 3659 332 3711 in
342 3658 459 3711 noniinc
472 3658 789 3728 perspicacissimam
801 3674 868 3729 pre·

60 3745 156 3816 phetoe
170 3746 304 3815 accipiet.
322 3743 431 3813 Quanto
447 3746 535 3814 magis
564 3761 612 3815 pro
636 3746 696 3816 ipso
720 3746 868 3815 saepedicto

60 3843 281 3912 archiepiscopo,
307 3859 387 3911 quem
410 3843 490 3897 nohis
515 3842 595 3898 valde
621 3837 702 3903 126
727 3843 863 3914 nimisque

62 3939 252 4006 collaudastis,
265 3941 347 3996 sicuti
362 3949 386 3996 et
401 3948 443 3994 est
459 3941 587 3995 videlicet
602 3941 774 3995 clarissimus
788 3950 869 4013 atque

60 4029 242 4098 peritissimus
266 4030 334 4098 (aa),
366 4037 393 4082 ct
409 4030 472 4099 quia
496 4029 572 4083 illuni
597 4030 671 4084 scitis
696 4029 867 4100 prudentem,

62 4115 144 4172 bonis
159 4126 285 4171 ornatum
303 4118 435 4182 moribus,
452 4118 510 4172 Deo
525 4126 550 4171 et
567 4118 721 4172 hominibus
734 4119 845 4190 dignum
860 4134 866 4186 ;

64 4219 129 4259 ecce
149 4202 197 4272 (fili
213 4204 369 4259 dulcissimo
392 4209 418 4259 ct
439 4206 624 4260 amantissime
639 4215 719 4276 atque
734 4215 867 4275 pirestan-

64 4293 182 4355 tissime,
200 4309 245 4347 rer
263 4292 357 4358 bonel
373 4294 398 4346 iii
417 4294 460 4346 liis
474 4297 525 4347 tuis
542 4295 736 4349 assertionibus
759 4295 867 4349 collau-

924 3115 1107 3185 pioiincialcs
1123 3115 1251 3180 admissa,
1265 3116 1385 3186 undique
1399 3115 1501 3170 amicos
1515 3131 1597 3186 reges
1607 3131 1724 3184 venans,

922 3220 1071 3274 pacemque
1085 3205 1245 3271 concilians,
1257 3208 1317 3275 (66)
1330 3204 1462 3259 Brithrico
1476 3204 1534 3276 regi
1547 3204 1724 3261 west-Saxo-

923 3309 988 3347 num
1006 3291 1090 3346 sitiam
1111 3292 1296 3364 Edelburgam
1321 3301 1434 3362 nuptum
1459 3293 1724 3362 certitudines).

924 3381 1056 3437 Karolom
1071 3397 1200 3453 maguum
1227 3397 1323 3452 regem
1348 3382 1513 3437 Francorum
1536 3380 1725 3454 frequentibus

922 3469 1106 3542 legationibus
1130 3471 1244 3525 amicum
1273 3470 1396 3540 paravit,
1419 3469 1543 3542 quamvis
1566 3486 1622 3526 non
1644 3468 1725 3525 facile

922 3558 995 3628 quod
1011 3559 1069 3612 suis
1085 3559 1190 3612 artibus
1210 3559 1377 3613 conduceret
1401 3557 1428 3613 in
1456 3558 1549 3613 Karoli
1572 3557 1664 3613 animo
1684 3557 1726 3612 in·

922 3646 1030 3700 venerit
1057 3646 1311 3701 :discordaverant
1339 3655 1435 3721 antea,
1465 3647 1535 3702 adeo
1562 3655 1592 3701 ut
1618 3647 1725 3719 maguis

922 3735 1040 3788 motibus
1063 3734 1207 3805 utrobique
1231 3736 1479 3799 concurrentibus,
1502 3735 1582 3790 etiam
1598 3735 1724 3806 negotia·

923 3833 1010 3878 torum
1035 3831 1204 3878 commeatus
1227 3823 1451 3892 prohiberentur.
1481 3823 1530 3878 Est
1549 3822 1666 3893 epistola
1680 3823 1725 3878 hl-

924 3912 979 3966 bini
992 3914 1062 3981 (66),
1072 3910 1187 3979 hujusce
1202 3912 1243 3965 rei
1258 3910 1352 3975 index,
1365 3911 1442 3979 cujus
1457 3919 1564 3982 partein
1579 3912 1623 3968 hic
1636 3927 1723 3983 appo·

922 4016 996 4066 nam,
1014 4000 1211 4055 ilocumentum
1227 4000 1324 4070 ingens
1336 4000 1569 4072 magnanimitatis
1584 4008 1610 4056 et
1622 4000 1725 4056 fortitu·

923 4089 996 4144 dinis
1012 4088 1116 4153 heroli,
1132 4088 1177 4159 qui
1201 4104 1310 4144 omnem
1334 4095 1441 4144 aetatem
1465 4089 1570 4144 triverit
1592 4089 1620 4143 iu
1642 4089 1722 4145 hellis

923 4187 1019 4233 contra
1034 4192 1160 4248 paganos
1177 4177 1237 4233 Deo
1252 4177 1382 4232 rebelles.

958 4284 971 4355 ξ
985 4285 1029 4339 si.
1047 4286 1106 4353 (67)
1118 4283 1241 4354 Antiqui,
1256 4283 1353 4355 inquit,
1366 4283 1531 4353 Saxones,et
1542 4299 1639 4339 omnes
1656 4284 1721 4339 Fre-

63 4381 162 4434 damus
180 4381 265 4435 Deum
281 4381 492 4451 omnipotentem
510 4382 556 4453 qui
572 4384 653 4436 taleni
664 4383 741 4437 vohis
752 4383 864 4438 demon·
879 4410 906 4470 D
923 4389 1018 4428 ⁵⁰¹¹¹¹¹¹¹
1035 4372 1139 4443 ll⁰l>¹¹¹li
1156 4373 1273 4426 instante
1288 4388 1357 4444 Γθίζθ
1372 4371 1482 4438 ΚθΙὌῙΟι
1507 4372 1576 4427 8¹l⁰⁸
1599 4372 1720 4442 Pffl’mllss

63 4469 162 4523 stravit
183 4469 340 4535 antistitem,
358 4468 416 4539 qui,
434 4470 502 4523 sicut
524 4486 604 4524 veinis
626 4479 728 4540 pastor,
745 4471 865 4527 indicere

65 4558 159 4612 verbis
171 4558 324 4613 secundum
339 4557 493 4612 doctrinam
505 4567 658 4612 sanctarum
670 4560 865 4629 scripturarum

63 4645 175 4718 dignam
199 4646 384 4716 paenitentiam
401 4647 482 4721 votet,
497 4653 523 4699 et
537 4662 649 4712 eructu,
675 4649 723 4718 qui
747 4650 797 4703 sub
820 4649 865 4704 di·

64 4734 138 4790 tione
156 4735 324 4791 sacerdotali
349 4737 407 4802 ejus
434 4736 562 4799 existunt,
588 4736 693 4789 animus
717 4751 809 4791 eorum
832 4754 864 4792 cx

65 4821 172 4880 interno
187 4822 330 4889 interiore,
344 4830 368 4877 ct
384 4823 417 4878 ab
432 4823 497 4893 igno
512 4823 709 4895 inextinguibili
726 4825 865 4881 deduceris

99 5005 155 5071 (aa)
171 5001 329 5057 nancisei.
347 5016 371 5053 a.
387 5015 412 5055 c.
428 5015 463 5064 e..
480 5002 639 5062 miraculus,
656 5018 683 5054 a.
703 5000 731 5056 d.
747 5000 765 5055 l.

64 5076 158 5195 Η(61)
177 5073 229 5140 Qui
252 5089 330 5128 cos...
353 5072 497 5143 prophetie
516 5075 647 5143 accipiet.
667 5074 757 5126 lluttli.
774 5090 801 5132 x,
819 5074 862 5139 lb,

98 5232 155 5296 (til)
172 5232 353 5286 Clarissimus
376 5236 459 5302 ntqiic
481 5233 680 5302 peritissimis.
700 5248 722 5284 s.
739 5246 763 5286 c.
781 5232 807 5285 d.
826 5248 862 5295 e.;

65 5302 255 5368 clarissimas,
272 5304 464 5373 dignissimus,
485 5305 659 5369 caiissiiiina,
683 5310 765 5373 utque
787 5306 864 5375 peri-

67 5375 202 5428 tissimus.
220 5388 246 5426 a.
265 5374 283 5426 l.

104 5471 160 5535 (63)
176 5469 320 5523 Nostinim.
335 5486 358 5522 s.
374 5486 398 5523 c.
415 5486 451 5524 e:
470 5479 529 5537 post
544 5474 686 5529 nostiam.
703 5486 728 5523 a.
741 5469 760 5524 l.
773 5470 866 5541 legunt

67 5539 98 5593 in
114 5541 177 5610 ipse
192 5545 293 5594 coiecto
308 5541 382 5605 aede,
396 5543 502 5595 oinnie.
526 5541 552 5595 d.
570 5560 605 5594 in.
623 5542 747 5595 siiiiil'iter
763 5542 866 5613 legunt,

70 5609 172 5665 amiam
186 5613 332 5664 nestram.

920 4470 946 4517 et
957 4462 1025 4517 alios
1040 4461 1121 4515 minis
1136 4461 1304 4529 solicitante,
1320 4460 1355 4516 nd
1369 4459 1450 4516 iidem
1474 4461 1570 4516 Christi
1592 4462 1718 4517 conversi

921 4561 1001 4617 sunt;
1019 4552 1066 4606 scd
1082 4567 1155 4606 anno
1182 4559 1323 4606 transacto
1347 4548 1420 4605 idem
1443 4567 1490 4605 rex
1514 4566 1576 4606 cum
1598 4551 1719 4606 exercitu

919 4638 997 4693 irruit
1021 4656 1103 4709 sapei·
1126 4640 1253 4703 Sclavos,
1280 4655 1382 4710 eosque
1401 4639 1509 4711 subegit
1532 4655 1588 4694 siiae
1611 4639 1717 4696 ditioni.

919 4729 1034 4791 Avares,
1060 4743 1129 4799 quos
1157 4744 1208 4783 nos
1231 4729 1325 4782 llunos
1343 4727 1477 4793 dicimus,
1502 4738 1667 4783 exarserunt
1691 4728 1718 4782 in

919 4816 1034 4882 ltaliam,
1051 4824 1088 4882 et,
1104 4830 1121 4869 a
1135 4816 1249 4871 ducibus
1273 4815 1378 4888 praelati
1394 4815 1467 4890 regis
1482 4815 1640 4872 Christianis
1662 4832 1714 4872 su-

954 4996 1007 5061 ttitt
1023 4994 1183 5050 Duodecim.
1204 5009 1230 5047 a.
1245 5010 1268 5048 s.
1285 5009 1312 5050 c.
1333 5009 1360 5048 e.
1380 4993 1406 5061 l,
1435 4993 1582 5050 daoeectm
1604 4994 1714 5066 episco-

919 5080 1028 5136 poietin,
1045 5069 1072 5118 d.
1091 5082 1127 5118 m.

955 5155 1010 5220 (63)
1027 5153 1172 5208 lii-itliriro
1193 5154 1253 5224 reqi
1280 5153 1503 5209 liert-Saxonum
1522 5153 1614 5223 filiam
1628 5154 1712 5211 adet-

920 5225 1035 5293 carpam
1053 5229 1174 5295 nuptum
1189 5223 1277 5279 derit.
1296 5224 1362 5278 viae
1376 5225 1389 5295 ξ
1403 5225 1436 5279 ld
1451 5232 1508 5279 not.
1525 5227 1586 5280 loa.

957 5313 1008 5378 (66)
1024 5312 1149 5382 Epistola
1164 5312 1272 5367 Albini.
1298 5312 1362 5367 llaec
1387 5313 1502 5382 epistola
1522 5311 1630 5385 integre
1644 5314 1714 5370 edita

921 5390 962 5437 est
977 5383 1011 5433 nh
1024 5383 1163 5484 ίίεείιίποὲ
1179 5384 1188 5446 (
1197 5384 1323 5464 Valeriam
1343 5384 1528 5484 epistolarum
1544 5386 1714 5444 Hiberniae·

920 5469 986 5508 rnm
1001 5453 1118 5526 Splquc,
1134 5453 1149 5505 l
1167 5493 1173 5515 ,
1191 5453 1281 5518 Paris,
1304 5456 1385 5519 thio)
1408 5463 1487 5526 epist.
1512 5459 1556 5524 ia,
1583 5476 1613 5530 p.
1633 5462 1667 5515 36
1689 5467 1714 5515 ct

922 5523 1030 5578 itlcuin.
1048 5523 1103 5593 Op.
1124 5532 1192 5577 tom.
1212 5525 1233 5589 l,
1249 5540 1276 5595 p.
1291 5527 1318 5591 a,
1334 5541 1380 5598 ep.
1400 5527 1430 5580 3.

959 5609 1013 5677 tait
1029 5609 1147 5684 Antiqui
1160 5611 1300 5670 Saxones.
1319 5611 1338 5668 l.
1355 5626 1380 5669 e.
1395 5610 1643 5688 Weitphaiianiea.
