3750 6000
158 202 226 262 1331
629 195 810 255 WILLELlll
825 194 1151 253 hatttasutttttttttsts
1165 190 1333 251 blONdClll.
1743 188 1809 247 idid

160 328 244 386 altum
258 322 320 400 plus
329 324 406 397 jactu
421 323 527 397 sagittae
539 323 745 397 processissent,
758 323 795 379 ita
814 321 956 397 navigium
971 323 999 386 A
1013 328 1168 396 negaverat,
1184 337 1261 394 spem
1290 317 1437 391 provinciae
1465 317 1549 375 sterili
1577 324 1713 390 proventu
1734 316 1809 372 deei-

160 417 280 474 remiset
294 414 356 472 totis
374 413 530 488 pectoribus
557 413 643 469 innixi
668 412 864 486 propellebant,
881 412 957 483 quasi
1011 413 1097 486 piens.
1115 413 1208 483 ltaque
1230 418 1359 466 montana
1388 408 1620 479 conscenditque
1648 405 1811 462 habitatores

161 506 287 564 manibm
300 503 564 560 adversariorumad
584 510 684 559 terram
702 501 804 558 retrahi
832 506 957 572 possent.
1013 508 1094 558 terrm
1107 499 1190 556 Turci
1204 498 1307 556 relictis
1322 498 1393 554 villis
1407 504 1606 565 concesserant,
1623 495 1706 567 Syros
1721 510 1810 550 secum

161 597 197 653 Et
210 604 240 652 ut
259 594 420 650 miraculum
444 608 499 648 non
527 592 597 648 sieut
618 592 755 664 opinabile
776 592 894 661 dubites,
911 591 959 647 scd
1014 590 1042 645 in
1058 590 1163 662 penitus
1177 589 1284 644 abditos
1297 603 1396 658 specus
1421 587 1632 658 immergentes:
1661 584 1709 639 sed
1736 582 1812 638 inre·

163 683 347 742 sicutvisibile
361 682 561 756 quodammodo
582 681 688 753 palpes,
705 682 877 737 solummodo
896 696 962 754 qua-
1016 695 1079 735 nere
1091 679 1174 749 585
1189 677 1282 733 Franci
1301 690 1354 749 quo
1368 684 1523 732 commenta
1538 674 1714 747 fugitivorum
1737 671 1814 726 falle-

161 782 229 831 tuor
243 772 389 829 Christiani
403 771 503 828 milites
527 770 579 826 susi
605 770 746 826 victoriam
774 769 880 827 eoeteris
904 786 963 825 san·
1018 776 1086 834 rent,
1103 765 1177 823 fumo
1201 767 1229 821 in
1252 782 1298 822 ora
1319 780 1497 822 cavernarum
1525 763 1664 829 immisso,
1682 777 1738 834 quo
1761 764 1814 830 (87)

162 864 246 936 guine
260 875 391 934 peperere
405 875 464 916 suo.
482 859 654 930 Quapropter
664 858 796 916 confirmo
812 859 882 930 quod
892 875 964 914 nun·
1019 857 1139 912 latrones
1170 855 1255 929 fugati
1295 853 1468 926 pertinaciam
1497 855 1625 918 amisere,
1647 850 1694 906 uni
1723 857 1750 905 et
1772 849 1816 903 uni

164 967 246 1024 quam
260 948 588 1021 Christicolaeapoganis
603 949 778 1004 vincerentur
791 949 813 1003 si
828 956 891 1005 ante
907 949 964 1003 bel·
1021 946 1204 1018 egredientes.
1220 947 1260 999 lta
1275 943 1353 1000 Turci
1382 943 1416 998 ad
1445 958 1526 998 unum
1551 957 1647 997 omnes
1670 938 1814 1004 interfecti,

163 1046 226 1105 lum
252 1039 418 1096 fortudinem
441 1054 518 1094 suam
537 1037 694 1094 caelestibus
719 1036 844 1095 fulcirent
871 1039 968 1108 praesi·
1022 1036 1083 1108 Syri
1099 1033 1237 1090 reservati.
1254 1033 1321 1089 lnde
1335 1032 1475 1105 digressus
1489 1031 1622 1087 exercitus
1636 1028 1816 1097 Arabiamque

165 1131 227 1200 diis,
243 1138 270 1186 et
283 1130 310 1184 in
327 1128 399 1184 bello
415 1128 500 1184 armis
515 1128 571 1183 suis
585 1127 689 1184 amicas
703 1143 864 1199 superorum
879 1128 969 1199 appli·
1022 1126 1162 1197 petitnms,
1178 1124 1258 1178 busta
1289 1122 1420 1194 praeteriit
1448 1120 1662 1193 patriarcharum
1691 1117 1815 1183 annae,

166 1227 258 1278 carent
272 1218 400 1286 virtutes3
416 1217 464 1274 sed
475 1217 538 1291 quia
552 1219 579 1273 in
593 1233 663 1290 pace
678 1218 803 1273 omnibus
825 1233 855 1274 se
870 1218 969 1290 ingar-
1024 1223 1114 1286 lsaac,
1162 1226 1188 1274 ct
1226 1218 1320 1287 Jacob,
1355 1226 1381 1272 et
1417 1215 1497 1270 trium
1524 1223 1710 1270 matronarum
1739 1212 1817 1277 Sara,

165 1310 252 1383 gitant
265 1306 386 1381 flagitiis,
403 1316 429 1363 et
445 1307 473 1362 in
487 1323 583 1379 pugna
610 1307 671 1362 sola
698 1307 817 1362 nituntur
846 1307 969 1374 audacia,
1024 1309 1167 1374 Rebeccae,
1194 1306 1365 1376 Liae;locus
1394 1313 1433 1361 est
1458 1306 1487 1360 iu
1520 1303 1639 1370 Hebron,
1659 1302 1766 1357 distans
1789 1300 1820 1355 nb

165 1399 237 1468 ideo,
252 1397 462 1464 necimmerito,
478 1394 639 1451 multotiens
663 1396 792 1452 fortitudo
807 1411 905 1453 eorum
926 1395 972 1451 de·
1026 1397 1198 1469 lerosolymis
1217 1395 1346 1452 tredecim
1370 1395 1497 1449 milibus:
1515 1410 1576 1448 narn
1598 1407 1699 1464 corpus
1724 1390 1821 1460 loseph

165 1488 221 1546 viat
235 1504 250 1542 a
265 1486 337 1542 bona
352 1485 468 1541 fortuna.
485 1485 583 1540 Comes
602 1499 669 1557 ergo
693 1485 808 1555 pulchro
834 1484 972 1556 triumpho
1024 1488 1100 1559 jacet
1113 1487 1140 1542 in
1155 1485 1279 1557 Neapoli,
1294 1501 1354 1556 quae
1368 1484 1432 1540 olim
1448 1484 1559 1540 sichem
1570 1481 1642 1539 dicta
1670 1488 1723 1549 est,
1754 1496 1823 1534 mar·

168 1576 304 1642 exultans,
333 1590 394 1630 curn
422 1589 548 1630 reversus
575 1581 648 1630 esset
666 1573 702 1629 ad
728 1574 815 1646 spolia
840 1589 973 1630 caescrum
1028 1592 1103 1632 more
1127 1575 1246 1632 candido
1272 1582 1382 1641 tectum,
1416 1573 1597 1643 omnibusque
1627 1568 1824 1626 transeuntibus

170 1663 346 1730 detrahenda,
358 1678 412 1718 non
427 1677 531 1735 paucos
549 1664 651 1719 'furcos
664 1661 778 1719 offendit
792 1663 882 1733 rivos;
900 1679 969 1736 quos
984 1696 1011 1757 B
1029 1666 1203 1737 perspicuum
1221 1682 1227 1727 ;
1244 1663 1290 1718 ubi
1306 1678 1413 1734 quoque
1429 1663 1541 1717 fratrum
1559 1660 1685 1718 visuntur
1715 1673 1823 1713 mauso-

173 1753 267 1811 damni
295 1768 444 1824 corporum
471 1752 617 1818 immunes,
646 1751 695 1808 sed
718 1753 839 1824 pecuniis
861 1752 969 1821 inanes,
1026 1757 1069 1812 lea
1088 1755 1155 1827 (88),
1171 1752 1354 1809 sedinleriori
1377 1752 1475 1824 gloria.
1492 1751 1572 1806 Venit
1595 1765 1663 1823 ergo
1692 1748 1823 1804 exercitus

174 1843 285 1901 dimisit.
302 1844 364 1913 lpse
379 1857 441 1898 cum
457 1842 523 1910 suis,
541 1858 575 1898 ne
590 1841 679 1911 eliqua
694 1841 768 1897 fraus
782 1842 887 1910 lateret,
904 1849 975 1898 retro
1027 1844 1166 1901 invallem
1182 1843 1228 1898 ubi
1244 1843 1380 1915 quondam
1394 1843 1467 1898 Deus
1482 1841 1627 1897 Sodomam
1653 1848 1679 1894 ct
1709 1839 1824 1894 Gomor-

174 1933 316 2001 secedens,
330 1939 411 1988 notite
422 1929 470 1986 illa
481 1931 531 1986 sub
546 1931 679 1988 olivarum
689 1931 814 2003 virgultis
825 1931 974 2001 requievit:
1028 1950 1088 1990 rcrn
1107 1933 1248 2001 subvertit,
1264 1932 1400 1988 coelestem
1415 1931 1550 1985 flammam
1565 1931 1592 1984 in
1608 1929 1742 1985 scelestos
1755 1928 1825 1995 iarn·

175 2021 226 2079 sed
240 2037 304 2077 mox
317 2019 437 2077 diluculo
450 2036 512 2075 cum
527 2020 659 2092 expeditis
672 2020 706 2075 ad
720 2020 860 2092 angustias
881 2035 976 2076 ncces·
1029 2023 1108 2080 latus.
1125 2023 1165 2079 lbi
1197 2023 1273 2079 lacus
1296 2037 1346 2092 per
1371 2021 1523 2077 octodecim
1550 2019 1634 2074 millia
1656 2016 1823 2080 diffunditur,

177 2112 222 2176 sit,
238 2110 292 2166 lide
306 2108 411 2166 oculata
427 2110 534 2165 risurus
556 2107 611 2165 loci
637 2116 780 2177 naturam
810 2109 978 2179 intuitusque
1030 2113 1131 2168 nullius
1172 2111 1288 2169 virentis
1309 2124 1416 2182 capax;
1439 2116 1571 2181 praeterca
1609 2110 1728 2162 tractatu
1761 2105 1825 2160 adeo

178 2199 271 2258 omnia
281 2206 337 2254 tuta
352 2214 426 2266 esse,
444 2200 518 2269 (narn
528 2197 609 2255 Turci
623 2190 669 2272 qui
683 2198 770 2271 pridie
792 2198 863 2255 circa
892 2214 976 2254 mon·
1031 2201 1178 2268 horribilis,
1195 2209 1223 2255 ut
1237 2200 1386 2271 potantium
1402 2215 1448 2256 ora
1462 2204 1632 2268 torqueat,et
1642 2204 1724 2269 gustu
1734 2208 1825 2250 amaro

180 2299 236 2346 tem
251 2287 418 2344 discursibus
428 2286 611 2353 lascivierant,
626 2296 705 2344 nocte
720 2287 893 2359 intempesta,
902 2287 978 2343 caede
1032 2291 1115 2348 rictus
1151 2289 1296 2346 distendat.
1326 2287 1397 2345 Valli
1425 2303 1504 2343 mons
1528 2285 1674 2358 prominet,
1700 2300 1751 2357 per
1769 2282 1826 2338 loca

181 2393 292 2436 suorum
304 2377 375 2444 visa,
391 2392 488 2433 omnes
498 2376 689 2450 diffugerant),
698 2376 898 2450 significatione
910 2375 980 2432 fumi
1033 2379 1146 2436 scrobes
1175 2379 1261 2434 salsas
1289 2385 1422 2442 eructans,
1436 2383 1462 2431 et
1483 2374 1558 2446 quasi
1587 2372 1737 2447 congelato
1759 2371 1825 2428 vitro

182 2466 265 2536 facta,
294 2465 366 2522 sicut
386 2471 561 2533 convenerat,
585 2464 668 2521 sociis
690 2464 838 2522 discessum
861 2465 979 2521 bostium
1034 2477 1106 2524 totus
1120 2467 1276 2539 perlucidus
1289 2485 1296 2533 ;
1311 2466 1357 2521 ubi
1365 2465 1503 2538 colligitur
1513 2463 1587 2536 quod
1597 2463 1707 2533 quidam
1721 2461 1825 2525 nitmm,

183 2554 330 2612 intimavit.
345 2552 397 2621 llli,
422 2569 560 2610 moramm
583 2553 702 2610 vinculis
722 2553 861 2622 absolutis,
883 2554 981 2611 ducem
1034 2557 1145 2628 quidam
1160 2556 1225 2612 salis
1236 2572 1385 2629 gemmam,
1401 2561 1511 2611 vocant.
1531 2552 1686 2608 Erndentes
1706 2566 1776 2623 ergo
1788 2549 1827 2603 la·

185 2644 314 2701 continuo
342 2643 443 2699 secuti.
476 2644 551 2699 Tunc
584 2643 667 2699 Betiti
698 2644 846 2699 admiratus
878 2643 981 2699 victum
1034 2663 1097 2703 cum
1111 2653 1242 2702 venerunt
1261 2645 1296 2700 ad
1315 2645 1405 2700 villam
1439 2658 1506 2699 sane
1534 2641 1790 2713 locupletissimam,
1806 2645 1830 2692 et

186 2733 270 2803 584
280 2730 506 2802 praetereuntibus
518 2730 574 2802 (88)
586 2731 669 2798 misit,
673 2746 721 2804 pro
732 2731 830 2788 rirtute
839 2736 891 2786 tam
903 2731 981 2804 pauci
1036 2735 1145 2791 mellitis
1158 2735 1245 2807 pomis
1260 2750 1320 2806 quae
1334 2733 1456 2805 dactylos
1470 2733 1563 2788 dicunt
1573 2732 1629 2801 (89)
1656 2728 1828 2792 loecundam3

185 2819 244 2893 (il)
258 2819 394 2876 exercitus
410 2818 591 2890 stupefactus.
613 2820 688 2875 ldem
703 2829 730 2876 et
753 2819 836 2892 Tyrii,
845 2828 872 2876 ct
899 2820 983 2878 Sido·
1037 2839 1212 2896 quommesu
1227 2840 1259 2879 se
1286 2823 1462 2879 infarcientes
1482 2820 1526 2877 vir
1557 2820 1669 2875 lacunas
1699 2817 1831 2874 ventrium

184 2907 231 2976 nii,
243 2915 271 2964 et
283 2908 457 2965 acharonitae
471 2908 517 2979 qui
532 2916 559 2964 et
572 2909 768 2977 Ptholomaitae,
786 2909 886 2978 fecere,
902 2909 983 2983 tacito
1037 2913 1161 2986 implere,
1195 2913 1243 2968 vix
1278 2912 1427 2984 ingluviem
1458 2911 1575 2966 faucium
1607 2924 1664 2979 prae
1691 2905 1832 2962 dulcedine

181 3003 257 3053 metu
290 2997 457 3053 Francorum
484 2996 669 3054 fortitudinem
705 2997 894 3069 suscipientes.
927 3001 984 3055 Nec
1038 3011 1195 3074 temperare
1225 3002 1365 3058 valebant.
1411 3001 1517 3057 Caetera
1550 2999 1647 3053 timore
1684 2996 1833 3051 incolarum

183 3087 407 3143 minushomines
421 3086 565 3155 Tanoredi,
582 3087 629 3158 qui
652 3087 680 3142 in
695 3087 818 3160 chaipha
845 3096 931 3155 erant,
946 3087 982 3143 li·
998 3060 1022 3126 C
1037 3092 1147 3161 abrasa,
1172 3099 1271 3164 praeter
1291 3091 1444 3162 aliquantos
1471 3088 1620 3158 AEtbiopes,
1651 3085 1833 3159 ferrugineam

183 3176 289 3233 berales
326 3175 413 3244 fuere,
435 3175 559 3249 quamvis
586 3176 644 3248 ipse
672 3177 770 3234 absens
793 3185 877 3234 esset.
898 3176 983 3233 casnt
1036 3181 1200 3252 capillorum
1214 3180 1342 3253 lanugine
1358 3178 1500 3252 fuliginem
1523 3175 1744 3249 pretendentem
1772 3188 1834 3244 quo-

183 3265 256 3322 iffiffl
270 3281 370 3322 000000
384 3265 528 3338 “miluum
544 3266 668 3338 0000000
678 3281 795 3338 00800οι
811 3267 876 3337 (luia
887 3282 983 3324 000003
1036 3295 1096 3335 rum
1107 3279 1211 3336 caedem
1226 3279 1310 3335 nostri
1325 3278 1489 3335 aestimantes
1503 3276 1573 3330 infra
1597 3274 1724 3331 virtutem
1751 3287 1833 3339 suam,

183 3353 389 3411 000οῑ000ΐο0000
401 3353 536 3419 00100008
567 3370 628 3425 8003
655 3355 824 3427 0100500ῧο
853 3354 983 3426 lilinumr
1037 3383 1090 3423 non
1107 3384 1156 3425 eos
1166 3369 1214 3436 ira,
1232 3368 1280 3424 sed
1296 3368 1352 3423 risu
1367 3367 1471 3439 dignati
1486 3372 1560 3420 sunt.
1584 3364 1654 3418 Huic
1676 3361 1751 3419 rillae
1771 3360 1833 3415 sub-

185 3443 412 3516 qu⁰¹¹d⁸fflf⁰i⁸⁸0
426 3444 494 3515 (85),
509 3442 645 3501 ¹1¹⁰d⁰i⁰l
659 3460 714 3500 000
738 3449 811 3513 uiui·
827 3444 880 3514 rel,
896 3446 925 3499 iu
945 3445 985 3503 li·
1036 3458 1112 3530 jacet
1125 3457 1203 3512 vallis
1214 3457 1242 3512 in
1258 3473 1311 3529 qua
1320 3455 1456 3527 hodieque
1467 3454 1533 3509 silex
1556 3451 1673 3508 cernitur
1701 3466 1756 3521 quc
1779 3465 1834 3521 pcr-

187 3541 264 3599 eulcs
279 3547 396 3609 mutatae,
411 3541 521 3598 nomina
540 3542 731 3614 perdiderunt:
750 3543 894 3600 maritimae
918 3543 987 3600 inte·
1039 3563 1120 3603 cusso
1138 3548 1219 3616 586
1237 3547 1345 3617 lloyses
1355 3543 1511 3600 mussitanti
1525 3540 1627 3614 populo
1643 3556 1731 3613 aquas
1743 3537 1834 3593 infudit

187 3647 245 3704 grae
258 3638 381 3686 manent.
400 3630 986 3702 ltaperCaesareamPalestinaeethzotum
1039 3635 1110 3690 later
1127 3636 1216 3692 adhuc
1230 3642 1286 3690 tani
1301 3634 1379 3690 uberi
1390 3641 1417 3688 et
1448 3632 1579 3704 praecipiti
1608 3630 1667 3686 riro
1696 3629 1792 3693 influit,
1807 3633 1833 3681 ut

187 3722 215 3777 in
229 3721 343 3792 Joppem
355 3728 476 3790 ventum,
493 3720 541 3776 ubi
560 3720 648 3793 prima
675 3720 715 3776 illi
737 3722 882 3795 gratulatio
908 3721 987 3794 regni
1041 3724 1258 3781 molendinorum
1273 3723 1422 3795 vertigines
1436 3721 1538 3792 impetu
1557 3736 1606 3776 suo
1622 3722 1705 3774 rotet.
1727 3720 1794 3773 Tum
1810 3716 1835 3769 in

189 3809 249 3878 fuit,
264 3810 370 3867 civibus
384 3810 488 3883 ingenti
502 3809 603 3884 gaudio
618 3817 708 3881 portas
722 3811 921 3880 aperientibus.
1041 3814 1141 3871 declivi
1159 3814 1259 3869 montis
1286 3820 1363 3868 extat
1385 3811 1507 3876 ecclesia,
1539 3809 1566 3864 in
1595 3811 1700 3864 honore
1734 3803 1835 3879 legiferi

225 3909 317 3980 5³77.
338 3908 453 3981 lgitura
479 3908 596 3981 loppitis
619 3908 816 3981 lerosolymam
845 3909 987 3976 deductus,
1042 3911 1278 3968 taronaedittcnrs
1294 3929 1300 3974 ;
1318 3910 1363 3965 ubi
1378 3909 1447 3980 ipse,
1464 3907 1599 3965 mediante
1620 3915 1645 3961 et
1674 3911 1834 3976 cooperante

189 4005 216 4053 et
231 3996 270 4052 ibi
284 3996 470 4055 favorabiliter
485 4006 623 4069 exceptus,
649 3998 756 4054 dierum
782 4014 828 4054 sex
854 3999 911 4068 (88)
932 4012 990 4069 spe·
1042 4000 1134 4068 fratre,
1162 4001 1269 4056 serebat
1289 4015 1350 4055 curn
1380 4000 1437 4055 Deo
1464 3995 1648 4066 alloquia.lbi
1676 4008 1692 4048 a
1722 3992 1833 4065 praeriis,

189 4085 227 4142 tio
244 4085 328 4161 quieti
342 4084 480 4142 satisfecit.
496 4087 573 4154 lude,
588 4102 624 4142 ne
637 4086 717 4142 Tucci
730 4086 882 4161 dubitarent
909 4086 989 4142 indo·
1042 4090 1145 4145 riamm
1158 4090 1262 4163 guaris,
1280 4088 1326 4160 qui
1337 4105 1370 4143 ex
1400 4085 1544 4143 Saracenis
1568 4083 1714 4139 Christiani
1739 4088 1833 4145 essent,

190 4176 244 4232 lem
276 4174 354 4248 regni
381 4175 441 4246 cius
469 4190 571 4248 magno
599 4190 693 4232 eorum
721 4175 793 4232 malo
820 4175 988 4243 adolescere,
1043 4179 1213 4236 addiscentes
1227 4178 1290 4233 inde
1304 4193 1388 4248 usque
1404 4176 1438 4232 ad
1454 4173 1618 4246 Babylonem
1630 4172 1697 4227 nihil
1716 4188 1776 4228 esse
1789 4168 1835 4226 nisi

191 4280 286 4321 versus
322 4265 486 4321 Ascalonem
511 4263 713 4337 expeditionem
741 4265 837 4323 movit.
868 4267 990 4337 Cumque
1041 4268 1165 4339 jejunum
1202 4266 1288 4323 solum
1317 4273 1344 4322 et
1376 4265 1497 4323 omnium
1530 4264 1664 4318 bonorum
1706 4261 1834 4332 indigum,

191 4368 249 4410 non
259 4352 343 4426 longe
356 4353 392 4408 ab
408 4354 475 4409 urbe
484 4352 556 4411 vires
570 4368 634 4410 suas
648 4359 806 4423 ostentaret,
827 4355 989 4427 impetentes
1043 4358 1241 4429 ierosolymam
1252 4355 1353 4413 rerersi
1366 4363 1436 4420 sunt,
1449 4352 1582 4424 primitias
1597 4350 1678 4424 regni
1702 4357 1743 4407 tot
1758 4348 1836 4405 bosti-

191 4442 362 4499 Ascalonitas
379 4442 450 4498 facili
471 4457 557 4514 opera
570 4441 689 4514 depulit;
719 4451 900 4515 opportunum
925 4455 991 4500 tem·
1004 4425 1030 4488 Ῑ)
1044 4447 1109 4502 lium
1129 4447 1272 4520 regionum
1291 4445 1459 4515 subjectione
1473 4445 1531 4498 Deo
1546 4441 1742 4498 consecraturi.

192 4548 243 4602 pus
256 4530 291 4586 ad
306 4530 333 4586 id
348 4531 423 4604 quod
438 4539 528 4587 mente
543 4531 700 4587 intendebat
707 4533 990 4606 opperiensllenique
1077 4545 1092 4618 g
1108 4547 1170 4602 378.
1187 4545 1293 4600 Paratis
1308 4544 1390 4617 igitur
1403 4542 1489 4616 regiis
1512 4539 1667 4611 insignibus
1696 4539 1765 4608 (90),
1781 4553 1836 4592 ma.

191 4625 377 4698 repulsionem
386 4624 494 4683 illorum
508 4624 604 4699 gloriae
618 4641 673 4682 suae
684 4633 745 4684 tune
759 4626 884 4684 sufficere
911 4629 989 4684 arbi·
1043 4652 1097 4707 gna
1112 4635 1197 4708 gloria
1210 4634 1237 4688 in
1254 4635 1396 4688 Bethleem
1423 4632 1466 4687 die
1478 4628 1627 4685 Dominieae
1656 4627 1837 4683 Nativitatisa

190 4722 274 4771 ‘salus
288 4715 316 4771 5¹¹
334 4724 466 4772 m⁰⁰²⁸⁰³
479 4715 601 4788 melini
618 4715 726 4783 00οῑοῙοι
741 4723 770 4771 00
783 4718 874 4772 003000
892 4733 990 4789 pulsu·
1044 4725 1173 4781 Daiberto
1198 4723 1351 4795 patriarcha
1364 4729 1510 4777 coronatus
1534 4727 1574 4774 est
1601 4717 1775 4773 baldewinus
1796 4716 1837 4787 (25

190 4813 337 4877 queretur;
355 4813 505 4862 necnonet
519 4804 691 4860 inimicorum
711 4804 812 4862 damno
835 4806 990 4863 necessaria
1043 4814 1153 4870 neca.
1173 4814 1207 4868 Ι),
1230 4812 1320 4882 flou),
1343 4810 1429 4867 fausta
1457 4808 1584 4864 omnibus
1612 4805 1836 4870 acclamantibus;

190 4895 244 4951 suis
266 4894 477 4969 conquisiturus,
506 4895 552 4967 qui
588 4908 639 4966 pru
667 4893 781 4967 penuria
807 4902 884 4951 iettae
917 4895 990 4952 sume
1043 4919 1106 4958 nam
1116 4919 1149 4959 ex
1165 4910 1228 4958 tunc
1243 4909 1269 4957 et
1283 4900 1414 4971 deinceps
1427 4898 1493 4953 nibil
1508 4913 1562 4952 non
1587 4896 1775 4952 venerationis
1798 4909 1836 4948 re·

191 4985 397 5061 singultiebant,
412 4984 476 5058 quia
495 4983 543 5040 illc
569 4999 641 5042 anno
668 4982 766 5040 messis
786 4999 863 5054 aegra
889 4983 989 5041 victum
1043 4992 1096 5066 giae
1111 5000 1137 5049 et
1148 4992 1208 5063 ipse
1222 4991 1315 5047 labore
1328 5005 1378 5046 suc
1393 4996 1432 5045 cst
1447 4988 1567 5055 meritus,
1583 4985 1734 5041 etaliornm
1751 4983 1838 5040 favore

226 5247 284 5320 (⁸3)
299 5244 552 5304 Praelssfftiulifut·
569 5242 629 5299 00·
639 5241 948 5315 0·¹·›lit'oeuuuilb¹tt.8·
962 5256 988 5299 u·
1080 5251 1136 5320 (88)
1150 5251 1196 5308 ilbi
1210 5264 1318 5323 quoque
1332 5247 1599 5318 fretrurnvisuntur
1609 5245 1765 5300 mausoleo.
1778 5259 1801 5298 c.
1812 5240 1837 5295 d.

227 5320 284 5459 (88)
302 5321 368 5375 lom
383 5316 514 5391 paucid.
531 5332 556 5372 e.
572 5314 603 5381 l.,
620 5315 738 5381 tantis.
750 5330 786 5399 ᾳ,
800 5314 988 5386 temperata.
1045 5338 1082 5388 e.,
1098 5324 1284 5393 visunturqec
1295 5321 1333 5376 iii
1346 5322 1471 5391 fratrum
1491 5320 1551 5388 ejus
1576 5317 1731 5384 mausoleo,
1746 5330 1773 5369 a.
1788 5312 1836 5368 s.l.

240 5391 272 5443 85
301 5389 400 5456 oure...
418 5388 553 5460 leguntur
567 5386 709 5460 qnondam
719 5388 818 5456 suessa
831 5403 859 5442 a.
878 5401 903 5441 o.
919 5385 949 5442 d.
962 5401 988 5442 a.
1080 5395 1137 5455 (88)
1154 5394 1270 5448 Dicunt.
1290 5408 1312 5444 s.
1328 5390 1355 5444 d.
1368 5392 1525 5455 amoenat.
1543 5389 1560 5443 l.

192 5459 229 5526 l.,
246 5476 348 5531 quos...
365 5460 483 5530 legimus
498 5457 639 5533 quondam
653 5457 751 5528 [aitte.
769 5474 793 5513 s·
1079 5464 1137 5536 (90)
1145 5464 1236 5536 lteqiis
1246 5461 1453 5535 iasiqnihusa.
1467 5461 1493 5514 d.
1505 5458 1691 5529 e.,rcqaliius
1698 5457 1836 5530 insigniis,

226 5548 273 5687 (88
299 5546 368 5603 San.
385 5562 420 5628 a.¹
432 5564 459 5628 ⁰:
478 5565 502 5603 e.
520 5549 556 5616 l.,
572 5552 690 5629 εςριριῃ,
702 5564 724 5601 s.
740 5546 771 5602 d.
833 5616 838 5627 Ι
1044 5552 1068 5592 s.
1084 5533 1364 5608 reqisinsignibes,l.
1379 5532 1522 5604 regalibus
1536 5531 1745 5604 insignitivae.

239 5619 273 5677 at
300 5616 369 5689 Quo.
387 5618 439 5676 ibe
452 5634 481 5676 ιιι
493 5617 525 5676 d.
544 5634 572 5676 e.
585 5626 760 5692 mcrprtnora
773 5624 868 5676 sectio.
