3750 6000
79 209 134 266 9113
496 209 611 266 casta
629 208 711 266 ΒΕΘ.
732 207 836 265 ANGL.
858 209 902 265 ET
921 210 1010 267 mss.
1030 209 1114 267 Nov.
1130 210 1321 268 Panemo.
1680 207 1732 265 att

79 331 176 391 acilo.
195 336 259 400 stc,
274 330 323 386 sed
337 331 487 414 praesertim
504 350 536 386 ex
553 332 651 399 verbis,
668 333 777 389 incerto
791 338 916 399 oucbrc,
946 333 1141 390 Columelinunr
1157 351 1267 404 prorsus
1281 336 1420 407 ignorasse
1434 335 1535 391 sontem
1550 351 1585 392 ex
1598 350 1652 407 quo
1667 351 1721 390 ms.

82 402 249 473 corripilator
264 405 398 457 lraasrsset
414 420 468 460 non
483 404 564 458 alium
580 420 734 475 essequam
751 404 990 460 malmesburiense
1004 421 1080 475 opus,
1098 405 1185 462 Gesta
1201 423 1297 479 repam
1314 407 1392 478 (18²).

113 475 175 529 Post
191 472 293 528 editam
321 475 485 530 Commelini
500 475 636 538 volumen,
652 491 723 529 anno
744 492 826 540 nono,
850 476 982 531 Hearicus
1002 477 1118 533 Sacilius
1133 479 1290 546 praeclsram
1306 479 1427 551 syllogcn
1452 476 1495 532 cui
1518 476 1609 530 titulus
1626 496 1632 531 :
1650 476 1729 533 Scri·

72 549 240 617 ptorcapcrt
255 545 357 600 Bcdom
388 549 506 618 recipiat
522 548 548 599 in
565 548 651 601 lucem
667 547 761 605 edidit.
782 563 842 615 qua·
855 548 975 602 continet
992 549 1241 603 blalmesbun'ensis
1257 551 1339 605 Gesta
1351 565 1448 620 recum
1462 548 1730 619 Anqloramdlictc-

76 618 153 671 riam
168 617 310 672 novellam
320 625 346 671 et
361 564 449 672 gesto
463 618 643 689 pontificum.
664 620 693 672 ln
708 618 749 671 sui
764 615 828 671 libri
844 619 879 672 ad
894 618 1017 689 reginam
1033 619 1169 673 Elizabeth
1187 619 1387 688 nuncupatione
1400 619 1533 673 ilenricas
1544 618 1729 687 Sarilinsjus·

77 693 134 741 tum
148 687 201 741 boc
215 687 368 742 encomium
385 688 617 742 malmesburiensi
631 687 767 759 impertit:
782 712 793 736 «ι
807 691 879 744 Inter
889 704 1026 760 quoscum
1038 697 1065 744 et
1080 690 1243 745 narrationis
1258 690 1320 756 lide,
1336 698 1363 745 et
1374 688 1468 760 judicii
1484 689 1647 753 maturitate,
1655 688 1728 757 pria·

74 757 163 827 cipem
180 757 268 812 locum
284 767 372 813 teneat
388 760 549 813 Guilielmus
564 759 824 818 llalmesburiensis.
842 761 934 822 lromo,
960 768 989 813 ut
1003 769 1083 815 crant
1098 759 1144 815 illa
1158 769 1292 830 tempora,
1308 761 1422 816 litterate
1437 761 1542 831 doctus,
1559 761 1602 829 qui
1623 759 1728 828 septin-

76 837 221 900 gentorum
251 829 312 898 plus
341 830 429 883 minus
455 846 586 884 annorum
614 846 657 884 res
683 838 757 885 tanta
783 830 1032 902 lidectdiligentia
1059 833 1190 902 pertexuit
1214 840 1272 888 ute
1300 833 1398 887 nostris
1423 846 1507 904 prope
1521 831 1594 888 solus
1609 829 1729 886 historici

76 915 176 954 munus
190 900 313 968 explesse
326 901 449 956 rideatur
468 925 478 947 s
494 901 560 971 (19).

112 969 311 1038 manuscriptus
325 971 414 1027 codex
426 971 507 1040 jurata
522 988 602 1041 quem
618 971 711 1026 Sarilii
738 970 865 1026 solamen
880 970 988 1043 prodiit,
1017 979 1063 1027 aut
1090 972 1224 1029 incuriose
1251 972 1411 1042 descriptus,
1426 981 1472 1027 arat
1486 973 1637 1028 incorrecte
1650 971 1729 1027 volu·

75 1057 138 1095 men
167 1040 267 1096 editum
283 1050 345 1106 est;
366 1042 536 1113 gravissimis
565 1050 652 1097 textus
679 1043 895 1108 smtctmcadis,
923 1043 1021 1114 quibus
1048 1053 1198 1099 erratorum
1213 1043 1304 1111 index,
1329 1044 1363 1098 ad
1377 1046 1480 1100 calcem
1509 1044 1601 1114 operis
1616 1043 1728 1114 positus,

76 1110 325 1181 inadequaussinre
340 1113 473 1169 medetur.
494 1115 535 1168 lix
550 1113 632 1168 raris
647 1112 673 1166 in
689 1113 813 1185 margine
827 1114 915 1168 allatis
937 1114 1035 1168 notulis
1049 1115 1188 1169 evidenter
1205 1122 1279 1186 patet
1305 1114 1437 1171 Sarilium
1466 1130 1519 1170 non
1534 1114 1612 1169 unius
1627 1121 1731 1168 matum

76 1181 178 1238 codicis
191 1183 361 1254 manuscripti
377 1184 499 1239 subsidio
511 1184 658 1239 editionem
674 1200 750 1238 snam
762 1184 943 1240 constituisse.
963 1186 1105 1241 l‘raesentis
1128 1185 1188 1239 libri
1204 1184 1299 1241 editori
1314 1186 1404 1241 nullus
1429 1186 1544 1242 occurrit
1573 1185 1725 1241 naannscri-

75 1261 141 1325 ptus
156 1254 202 1323 qui
218 1253 310 1310 Savilii
327 1262 409 1309 textor
424 1257 536 1311 omuino
551 1264 701 1327 congruam
718 1255 809 1325 regins
824 1271 874 1310 ms.
903 1255 930 1309 ia
945 1257 1097 1312 Britannico
1111 1258 1215 1323 lluseo,
1233 1260 1275 1311 13.
1296 1258 1327 1311 Β.
1342 1274 1389 1311 xix
1413 1256 1524 1327 propior
1544 1257 1657 1325 accedit,
1678 1255 1727 1311 sed

75 1340 131 1379 noa
145 1324 256 1380 omnino
284 1326 421 1381 convenit.
441 1326 521 1381 Nulla
536 1326 619 1380 fretas
633 1325 804 1390 atrctoritate,
821 1325 938 1382 Sarilias
965 1342 1033 1398 opus
1048 1327 1166 1382 suumin
1180 1327 1298 1397 capitula
1323 1327 1427 1393 dividit,
1457 1344 1473 1382 a
1498 1343 1613 1397 quorum
1638 1335 1728 1382 tamea

76 1394 173 1450 ordine
200 1393 318 1450 melioris
334 1405 402 1451 notae
430 1397 538 1452 codices
552 1413 604 1451 non
621 1397 760 1452 recedunt.
787 1396 876 1453 Editio
890 1397 973 1468 vulgo
988 1397 1059 1453 dicta
1076 1397 1257 1454 Londinonsis
1270 1413 1332 1453 cum
1348 1398 1435 1453 rarius
1450 1397 1623 1463 inveniretur,
1640 1397 1729 1452 denuo

77 1464 156 1538 prelo
183 1466 306 1535 subjecta
334 1466 392 1531 luit,
425 1483 495 1523 anuo
517 1470 594 1532 teat,
630 1467 806 1532 Francolurti,
827 1467 907 1523 calda
939 1468 1035 1540 majori
1067 1484 1189 1524 erromm
1207 1485 1321 1525 numero
1339 1485 1421 1539 quam
1440 1469 1521 1524 editio
1553 1467 1730 1524 londinensis

78 1551 225 1606 conspersa
244 1544 301 1600 est;
322 1538 373 1593 etsi
392 1537 622 1595 Francolurtensis
640 1539 727 1595 editor
745 1538 904 1608 profiteatur
922 1554 951 1593 se
978 1540 1006 1594 in
1022 1547 1095 1595 textu
1111 1540 1289 1596 correctiones
1316 1540 1459 1596 inseruisse
1487 1556 1547 1610 quae
1575 1539 1603 1594 in
1629 1537 1729 1595 Lond-

79 1607 173 1663 aensis
186 1615 339 1663 erratorum
355 1609 445 1664 indice
459 1610 608 1681 signantur.

115 1678 257 1733 Praesentis
284 1678 363 1748 bajus
391 1680 515 1735 editionis
541 1687 661 1734 textuse
685 1680 866 1750 manuscripto
888 1679 959 1735 circa
980 1679 1068 1735 <lande
1090 1680 1244 1737 cimisaeculi
1267 1680 1348 1736 finem
1369 1689 1479 1737 exarato
1507 1681 1665 1745 desumitur,
1684 1677 1730 1750 qui

78 1758 156 1803 actea
172 1749 205 1804 ad
220 1751 279 1804 ltlar
299 1766 399 1804 anense
427 1752 579 1820 pertinebat
593 1752 796 1816 monasterium,
810 1767 825 1805 a
840 1751 957 1807 lieberto
973 1751 1130 1808 Glocestriae
1157 1753 1254 1808 comite
1270 1753 1420 1811 fundatam.
1437 1753 1495 1807 viro
1515 1753 1561 1807 illo
1589 1750 1673 1806 nobili
1686 1751 1730 1805 cni

79 1835 149 1888 opus
176 1836 253 1874 suum
295 1821 668 1877 almesburiensisdedicarit.
689 1822 863 1876 Praestantem
880 1821 1092 1885 hunccodiccm,
1122 1824 1335 1893 quinunointer
1360 1824 1451 1895 regios
1479 1823 1675 1892 manuscriptos
1703 1821 1731 1876 in
1758 1873 1761 1878 .

78 1891 231 1945 Britannico
245 1893 337 1946 Museo
351 1893 431 1962 (bibl.
448 1893 516 1965 lieg.
539 1896 581 1947 13.
599 1894 630 1947 l).
649 1895 683 1963 ll)
698 1900 829 1949 servatur.
843 1900 906 1962 post
919 1903 1053 1947 matorum
1068 1910 1194 1958 eramen,
1211 1901 1238 1948 et
1251 1912 1310 1950 oum
1328 1895 1388 1949 aliis
1408 1894 1597 1965 manuscriptis
1611 1893 1655 1947 dili
1679 1908 1730 1946 en-

79 1969 134 2016 tem
148 1962 328 2025 collationem,
357 1964 498 2034 elegimus,
515 1978 571 2018 tum
587 1964 649 2033 qaia
664 1963 774 2032 reliquis
787 1963 961 2028 emendatior,
978 1972 1033 2018 tum
1050 1965 1113 2034 quia
1127 1980 1262 2035 supr-omar
1275 1966 1309 2020 ab
1324 1973 1432 2020 auctore
1446 1965 1522 2034 operi
1536 1981 1588 2020 suo
1604 1964 1666 2018 edlu
1687 1963 1731 2018 itae

78 2032 269 2088 collimationis
284 2035 399 2106 vestigia
414 2035 544 2089 exhibere
558 2034 630 2088 visos
644 2042 695 2088 est.
716 2036 789 2090 Unus
803 2035 872 2090 alter
888 2051 950 2101 ms,
967 2035 1012 2105 qui
1028 2036 1103 2107 regio
1117 2037 1299 2106 manuscripto
1320 2037 1454 2106 congmit.
1471 2036 1593 2105 quamvis
1608 2035 1730 2106 pluribus

78 2104 185 2159 saeculis
213 2105 355 2167 recentior,
377 2105 402 2158 in
424 2105 459 2159 D.
483 2106 596 2161 Tlromae
615 2106 756 2176 Pbillipps,
777 2107 866 2170 liert..
893 2105 1051 2161 collectione
1070 2115 1203 2161 servatur.
1227 2108 1269 2162 Ex
1293 2107 1375 2162 variis
1393 2107 1562 2170 lectionibus,
1584 2106 1728 2174 multisque

79 2174 171 2246 rnaqni
200 2176 328 2230 momenti
358 2176 550 2231 mutationibus
575 2176 675 2245 ubique
703 2176 914 2240 occurrentibus,
939 2184 1046 2232 constat
1070 2193 1123 2232 noa
1147 2193 1200 2233 una
1221 2178 1413 2246 viceopusad
1430 2177 1553 2232 incudem
1570 2177 1603 2231 ab
1619 2183 1728 2231 auctore

79 2253 246 2312 revocatum,
277 2254 443 2316 quatuorque
473 2248 506 2301 ad
536 2248 625 2300 minus
654 2247 744 2316 operis
769 2247 889 2319 inseripti
912 2248 1279 2319 Geatcrcqamdnqloram
1303 2257 1330 2303 et
1342 2248 1459 2302 duarum
1475 2248 1564 2316 operis
1577 2247 1620 2301 cui
1635 2247 1729 2301 titulus

79 2318 331 2373 Historicnovello
358 2317 483 2373 codicum
500 2317 682 2372 distinctarum
698 2318 822 2372 classium
838 2319 1070 2390 vestiginexstare
1086 2319 1209 2374 creditur.
1239 2319 1326 2374 Nemo
1349 2321 1436 2373 varias
1463 2319 1601 2379 lectiones,
1617 2317 1730 2372 innotis

77 2388 112 2441 ad
128 2388 232 2442 calcem
262 2389 391 2458 cujusque
407 2389 517 2461 paginae
533 2389 612 2458 liujus
625 2388 751 2444 editionis
778 2388 886 2460 positis,
912 2390 1007 2445 allatas
1033 2391 1075 2445 ius
1096 2390 1166 2444 icere
1181 2390 1287 2460 poterit.
1308 2391 1373 2460 quia
1400 2398 1535 2446 auctorem
1563 2396 1729 2444 constantem

75 2458 103 2513 in
118 2458 282 2531 corrigendo
299 2458 573 2530 amplificandoqueo
611 2475 639 2513 re
654 2474 703 2514 sno
717 2475 808 2514 curam
824 2459 989 2529 impendisse
1015 2407 1166 2515 conciudar.
1190 2461 1314 2516 Plurima
1338 2462 1433 2516 barum
1463 2461 1639 2514 mutationum
1662 2474 1729 2529 prc-

77 2529 149 2585 lccto
165 2529 192 2584 iu
207 2529 272 2586 salis
288 2530 377 2584 verbis
391 2538 521 2592 constant,
539 2548 567 2584 se
615 2530 732 2584 niaximc
747 2530 780 2584 ad
796 2530 919 2585 dictionis
933 2531 1095 2600 elegantiam
1109 2533 1260 2586 conlemut.
1290 2531 1455 2600 Quibusdam
1471 2531 1496 2584 iu
1512 2530 1580 2585 locis
1595 2529 1730 2585 severiora

77 2599 212 2656 vocabula
240 2608 428 2672 temperantur
456 2602 675 2671 molliunturque,
704 2601 817 2726 iateqrae
851 2601 1041 2657 seutentiamm
1069 2603 1155 2657 series
1181 2602 1323 2666 adduntur,
1353 2603 1466 2671 alisque
1494 2601 1526 2655 iis
1554 2617 1614 2668 quse
1656 2600 1730 2670 prins

76 2687 137 2726 rece
174 2679 214 2726 rat
239 2672 443 2727 substituuntur.
475 2675 535 2727 Non
552 2673 612 2726 inde
628 2680 717 2727 tamen
733 2671 759 2726 in
773 2672 905 2727 erendum
919 2673 1112 2728 hancomncm
1136 2673 1269 2730 vanarum
1298 2672 1442 2729 lectionum
1470 2672 1633 2744 farraginem
1660 2670 1729 2725 tlat-

76 2758 135 2797 mes
156 2742 254 2797 ariensi
269 2743 470 2809 ascribendam
487 2760 535 2812 per
555 2743 659 2798 lurimae
673 2743 743 2796 enirn
758 2743 962 2798 amanuensium
978 2751 1048 2798 sunt.

112 2813 263 2868 l'olnminis
290 2761 564 2882 liujustestusa'alrfe
592 2814 626 2868 ab
642 2813 866 2869 editioneSarilii
883 2814 1035 2885 discrepare
1052 2813 1196 2881 videbitur,
1226 2812 1433 2869 sedlectionum
1462 2814 1576 2868 varietas
1603 2813 1630 2866 in
1659 2812 1730 2867 notis

76 2883 110 2939 ad
124 2883 227 2939 calcem
256 2884 386 2954 cujusque
400 2886 508 2955 pagine
523 2885 662 2944 indicatur,
679 2885 728 2938 sub
756 2884 948 2956 designatione
968 2886 1062 2940 litterae
1082 2887 1113 2941 S.
1133 2885 1224 2939 Prima
1240 2885 1313 2940 fonte
1333 2884 1492 3008 quibusdam
1513 2884 1582 2939 sorte
1598 2884 1623 2937 ia
1649 2899 1729 2938 mea-

76 2961 130 3009 tem
147 2954 238 3010 reniet
252 2956 332 3009 nimis
346 2956 483 3011 multasin
499 2956 612 3010 diversis
625 2971 690 3009 mss.
704 2962 824 3011 ostensas
838 2955 920 3010 luisse
935 2956 1176 3024 variationes3sed
1203 2956 1321 3010 satisest
1354 2957 1424 3011 icere
1453 2954 1523 3025 quod
1547 2954 1651 3009 illarum
1680 2969 1726 3010 sa-

77 3023 218 3081 lummodo
233 3027 409 3081 variationem
425 3029 493 3082 ratio
507 3027 541 3081 sit
568 3025 669 3092 habita,
685 3043 746 3096 quae
761 3027 973 3098 manuscriptum
989 3028 1023 3082 de
1037 3042 1090 3096 qno
1120 3027 1210 3098 agitur
1233 3028 1308 3097 quasi
1336 3026 1370 3080 ad
1398 3027 1585 3095 particularem
1613 3025 1727 3081 classem

76 3096 255 3152 addicendum
271 3097 430 3168 designant,
448 3106 475 3151 at
488 3098 532 3152 nbi
549 3097 669 3152 lectionis
684 3096 799 3151 varietas
813 3106 855 3151 est
882 3099 1030 3152 oscitantiae
1049 3098 1121 3151 illins
1149 3098 1193 3167 qui
1223 3115 1277 3153 ms.
1309 3097 1450 3166 descripsit
1477 3096 1644 3162 ascribenda,
1677 3112 1728 3152 aec

76 3167 124 3223 ulli
139 3167 297 3237 particulari
312 3168 392 3224 classi
420 3169 562 3237 peculiaris
589 3176 626 3223 est
656 3169 752 3233 codex,
783 3167 1009 3223 tuneomisimus.
1034 3169 1120 3225 Unam
1136 3174 1226 3222 nmen
1240 3168 1331 3237 regula
1347 3169 1404 3224 lraec
1416 3167 1514 3237 patitur
1527 3168 1725 3236 exceptionem.

76 3239 140 3293 tiss.
156 3238 264 3293 codices
293 3255 405 3308 quorum
421 3239 539 3293 subsidio
567 3246 668 3293 textum
693 3245 813 3294 nostrum
841 3239 1035 3304 constituimus,
1065 3239 1097 3293 ad
1121 3238 1233 3294 verbnm
1261 3237 1374 3294 fideliter
1398 3238 1729 3309 expressimus;quodsi

77 3324 131 3364 rex
146 3309 270 3379 quaedam
287 3310 429 3364 manifesto
443 3309 616 3380 descriptoris
629 3325 720 3364 errore
735 3309 840 3363 videtur
854 3308 964 3370 inausa.
995 3325 1086 3363 veram
1116 3309 1258 3364 lectionem
1273 3325 1307 3364 ex
1322 3311 1382 3363 aliis
1409 3326 1472 3364 mss.
1491 3316 1652 3374 mutuamur,
1683 3324 1728 3362 er-

75 3394 136 3435 rore
150 3387 243 3435 notato
257 3381 468 3449 auctoritateque
482 3380 620 3445 indicata3
641 3380 687 3434 sed
703 3388 832 3450 prestans
845 3380 914 3436 adeo
929 3388 967 3435 est
983 3382 1179 3452 manuscriptus
1193 3389 1284 3436 noster
1311 3388 1337 3435 et
1353 3381 1390 3435 ita
1415 3389 1538 3435 accurate
1566 3378 1725 3451 descriptus,

75 3457 105 3505 ut
118 3451 257 3507 musalms
271 3452 324 3505 siat
338 3452 473 3518 eiusmodi
487 3453 680 3506 correctionum
696 3452 852 3521 specimina.

110 3521 154 3576 Ea
168 3521 292 3588 diligenti
307 3523 442 3578 rariorum
458 3538 522 3576 mss.
552 3522 696 3577 collatione
723 3531 797 3576 certo
825 3521 995 3576 concluditur
1010 3521 1144 3578 'diversas
1171 3537 1231 3577 esse
1256 3521 1500 3592 manuscriptorum
1528 3520 1660 3576 editiones
1686 3520 1731 3577 vel

76 3593 185 3659 classes,
201 3592 364 3674 adnquamm
380 3593 505 3648 classiani
522 3593 639 3662 aliquem
655 3595 767 3662 quisque
782 3592 862 3660 liujus
873 3593 990 3647 auctoris
1004 3593 1201 3663 manuscriptus
1215 3594 1309 3648 referri
1325 3600 1420 3665 potest.

81 3663 251 3790 ¹1Plrzarcliapnhr¹
272 3664 458 3736 manuscripti,
479 3679 593 3734 quoram
608 3664 679 3719 lacta
697 3671 738 3718 est
751 3663 869 3732 collatio,
898 3664 1039 3736 signantur
1066 3665 1092 3719 in
1121 3665 1191 3720 uotis
1217 3681 1267 3737 per
1291 3663 1393 3720 litteras
1406 3666 1438 3719 lt.
1455 3664 1485 3720 S.
1500 3662 1534 3719 C.
1552 3663 1585 3719 D.
1600 3660 1633 3720 ll.
1648 3662 1678 3718 F.
1695 3660 1728 3718 G.

111 3906 142 3959 Α.
159 3903 329 3961 llorlclonas
342 3906 555 3974 morrcscriptas
565 3912 595 3957 no
604 3906 672 3969 161;
690 3903 874 3960 cottonianae
882 3902 1106 3974 manuscriptas,
1114 3900 1242 3957 Claudias
1252 3902 1281 3956 C.
1292 3914 1333 3971 ur;
1346 3901 1426 3958 ambo
1434 3901 1468 3957 in
1485 3899 1653 3958 Britannico
1667 3898 1729 3956 lla·

75 3990 122 4032 acc
132 3989 140 4043 ;
149 3981 178 4033 ct
188 3976 220 4031 la
235 3975 343 4031 Tbomoe
353 3976 492 4046 Plrtllippc
503 3977 718 4047 manuscriptas
729 3983 761 4030 n⁰
768 3978 838 4032 2717
843 4016 848 4028 .

110 4044 144 4101 S.
161 4046 261 4105 snotttt
276 4051 384 4109 tectus,
403 4048 522 4102 Londtni
536 4048 623 4102 simul
637 4051 665 4101 ct
678 4047 861 4114 troesenen
874 4046 1020 4102 editiones.

110 4118 141 4173 C.
158 4119 257 4189 chr'as
272 4121 486 4203 manuscriptas
504 4119 545 4171 ts.
561 4118 589 4171 B.
607 4132 668 4186 sarm
684 4119 855 4174 llorlcianac
869 4117 1085 4185 manuscriptus
1099 4123 1129 4168 ιι1
1142 4114 1214 4179 ttr;
1230 4113 1310 4169 curlo
1325 4116 1356 4168 in
1372 4113 1538 4196 Britannico
1555 4112 1653 4167 lluaco.

111 4186 144 4243 D.
163 4189 262 4259 tteqiats
276 4192 491 4256 manarcrrptna
504 4192 547 4244 ta.
563 4189 595 4242 l).
613 4190 633 4242 V
647 4203 652 4255 ;
667 4190 760 4258 reptas
775 4189 986 4256 manuscriptus
1002 4189 1045 4241 13.
1064 4187 1091 4241 ll.
1108 4185 1319 4252 xv113amlroin
1334 4185 1503 4238 Britannico
1519 4183 1618 4238 dccco.

110 4258 143 4313 Ε.
158 4260 257 4330 lleqias
272 4259 484 4331 nroncscn‘ptnc
500 4261 542 4313 ta.
560 4259 592 4314 D.
609 4276 639 4320 u,
654 4263 686 4314 ic
701 4261 866 4314 Britannico
883 4260 992 4327 linem
1007 4258 1048 4312 alr
1063 4257 1171 4314 Tbomoe
1186 4256 1324 4326 Phidippo
1338 4253 1551 4324 manuscriptas
1564 4261 1594 4305 η0
1610 4253 1689 4336 81111.

92 4329 368 4457 ιᾞαηυὲενὶρῑω
382 4330 413 4384 in
424 4329 713 4402 bibliotlccocolleqii
729 4331 862 4388 amatam
874 4331 1042 4385 Anirncrum
1055 4328 1108 4396 (dl.
1136 4328 1235 4395 Souis),
1253 4326 1365 4392 oxonii,
1391 4325 1516 4396 ejusdcm
1543 4321 1728 4396 procurater

73 4413 136 4455 cac
189 4417 222 4455 ac
262 4440 268 4452 .

110 4471 145 4525 G.
162 4471 332 4527 bodleianae
348 4471 571 4542 manuscriptus,
590 4473 677 4528 Laudi
689 4473 751 4537 ets,
770 4471 883 4539 ticonii,
899 4471 1034 4543 ejusdcm,
1051 4473 1114 4525 uta
1134 4471 1227 4542 paret,
1240 4469 1339 4523 classis
1354 4485 1387 4523 cc
1402 4467 1431 4522 L.

110 4541 145 4596 H.
162 4541 332 4598 Bodleianur
346 4544 572 4614 manuscriptus,
589 4544 694 4598 llotton
708 4545 741 4596 5l
756 4549 789 4599 at
804 4543 958 4598 versantis
973 4545 1023 4607 cal,
1040 4541 1100 4612 ejus
1122 4556 1166 4596 cm
1180 4541 1279 4596 classis
1293 4556 1326 4594 ac
1341 4542 1371 4593 t.

110 4612 144 4668 K.
163 4613 332 4668 bodleianae
346 4615 575 4683 manuscriptus.
592 4614 693 4685 Bodley
708 4617 770 4677 rte,
786 4614 871 4669 classi
885 4614 914 4667 C.
931 4627 1100 4682 conpressas.

93 4684 143 4810 bk.
157 4682 300 4809 1{residet
321 4684 536 4754 rnoncscriplac
551 4697 580 4737 a⁰
596 4687 640 4750 35,
660 4687 693 4739 in
707 4685 873 4740 Britannico
890 4684 998 4749 dasem
1015 4687 1043 4737 ct
1058 4681 1275 4753 manuscriptus
1299 4681 1410 4751 cellapii
1427 4679 1584 4746 Trinitatis,
1601 4677 1728 4735 caraeca-

75 4770 91 4811 r
121 4796 140 4815 ..
182 4757 218 4809 .l
244 4794 250 4808 .

109 4825 147 4880 11.
165 4825 312 4882 Arundcl.
332 4825 559 4897 manuscriptus,
574 4837 603 4877 a·
618 4824 679 4893 tat,
696 4823 835 4881 verbatim
851 4823 1095 4894 transcriptores
1110 4822 1186 4892 reolo
1203 4821 1399 4894 manuscripto
1414 4824 1456 4877 13.
1472 4821 1505 4876 D.
1523 4821 1555 4875 V.

114 4991 192 5047 Alios
206 4989 490 5047 codicesexenssimus
505 4992 549 5060 qni
566 4990 674 5055 Oxoaii
691 4991 851 5058 Cantuariae,
867 4991 895 5046 in
909 4992 1062 5048 Britannico
1077 4993 1178 5063 Museo,
1197 4998 1224 5047 ct
1244 4992 1270 5047 ia
1285 4991 1449 5049 bibliotheca
1470 4991 1503 5046 D.
1520 4990 1631 5046 'llromae
1653 4988 1728 5044 Phil-

110 5114 182 5185 (ts)
197 5114 259 5170 Tria
275 5123 363 5169 tamen
390 5113 484 5170 ultima
499 5115 587 5182 capita
603 5114 764 5170 Conrrnelini
779 5114 926 5171 voluminis
941 5116 967 5170 in
997 5116 1070 5172 nullo
1085 5114 1333 5172 Malnresburiensis
1355 5132 1427 5171 nnnc
1449 5115 1551 5170 extanti
1566 5113 1659 5170 codice
1686 5129 1732 5168 re-

74 5185 165 5256 perire
180 5194 237 5252 est,·
253 5185 342 5255 itaque
356 5186 420 5240 satis
435 5185 577 5257 probabile
593 5187 700 5241 virletnr
714 5188 785 5256 quod
802 5204 854 5242 ma.
874 5187 1044 5268 compilator,
1060 5202 1094 5241 ex
1118 5203 1171 5257 quo
1186 5186 1369 5242 Commelinus
1397 5187 1496 5242 librum
1525 5201 1603 5240 sunm
1617 5199 1732 5254 compo·

74 5255 140 5319 suit,
168 5257 249 5311 aliern
264 5257 403 5312 materiam
420 5257 446 5310 in
461 5271 621 5327 opussunm
638 5258 830 5326 introduxerat,
845 5274 879 5313 ex
907 5258 961 5312 alro
989 5257 1063 5313 toute
1092 5258 1228 5312 haustam.
1259 5258 1386 5328 Exceptis
1411 5258 1496 5313 tribus
1520 5257 1563 5312 bis
1589 5255 1732 5326 capitibus,

74 5326 187 5382 Thomas
204 5327 316 5397 Plrillips
331 5329 365 5383 n.
382 5327 422 5389 S.‚
438 5327 488 5381 N¹⁰
502 5331 565 5388 237.
581 5343 641 5382 cum
657 5327 704 5382 illo
718 5345 750 5382 ex
763 5345 817 5397 quo
832 5329 1015 5384 Commelinus
1028 5328 1124 5383 librum
1140 5344 1218 5383 suum
1234 5328 1387 5398 composuit
1398 5328 1479 5397 plane
1492 5328 1626 5400 congruit.

110 5397 168 5467 (19)
184 5398 432 5453 ttalrnesauriensts
444 5398 543 5452 librum
560 5415 593 5452 cx
608 5399 703 5453 Latino
718 5398 744 5452 in
760 5400 901 5470 dnqlicum
917 5414 1068 5454 sermonem
1098 5398 1228 5454 transtulit
1254 5399 1287 5455 D.
1304 5398 1434 5454 Simonds
1448 5399 1574 5464 d'Ewes;
1595 5398 1642 5454 sed
1660 5415 1734 5454 nua-

80 5468 217 5547 qnamsai
248 5468 477 5524 laborissructnm
494 5469 520 5521 in
538 5470 623 5523 lacem
652 5471 779 5540 protulit;
797 5471 872 5525 alli.
891 5471 1008 5525 loannes
1026 5469 1156 5540 Sharpius
1183 5484 1254 5525 anno
1281 5472 1350 5524 l8l5
1367 5470 1448 5540 hujus
1472 5470 1589 5525 auctoris
1617 5471 1732 5525 transla-

78 5547 181 5595 tionem
196 5539 292 5595 edidit.
317 5540 427 5611 Slrarpii
447 5540 635 5596 adnotationes
658 5556 766 5611 semper
789 5541 940 5597 eruditione
957 5548 1020 5595 sunt
1044 5540 1164 5597 selenae.
1186 5539 1323 5609 Quantum
1343 5539 1431 5597 editor
1447 5540 1525 5614 periti
1542 5539 1623 5609 buius
1644 5541 1731 5597 inter-

75 5608 160 5679 pretis
173 5611 284 5667 scicntia
299 5626 410 5681 pemeus
426 5611 517 5679 luerit,
531 5627 563 5665 ex
578 5611 651 5666 notis
663 5611 697 5666 ad
712 5612 816 5668 calcem
832 5613 962 5682 cujusque
976 5611 1085 5684 pagirm
1098 5612 1233 5684 inscriptis
1246 5618 1375 5684 patescet.
