3750 6000
103 221 137 277 63

100 431 294 488 monasterium
323 431 572 501 impraesentiarum
593 433 671 503 juste.
711 441 740 489 et
777 432 899 506 legitime

102 519 233 593 possidet,
248 520 305 576 sive
319 519 479 576 infuturum
503 521 703 594 (concessione)
730 523 898 595 pontificum,

102 609 266 666 liberalitate
278 609 441 682 principum,
458 610 501 666 vel
516 610 654 666 oblatione
669 610 799 679 fidelium,
825 612 900 683 juste

103 707 129 755 ct
139 698 270 756 canonice
285 700 383 770 poterit
397 698 524 770 adipisci,
543 697 618 754 firme
634 699 681 754 tibi
697 700 804 773 tuisque
839 713 901 756 suo

105 787 263 845 censoribus
278 795 304 843 et
318 787 421 843 illibata
435 796 622 859 permaneant.
643 789 716 844 Nulli
744 804 811 860 ergo
842 803 902 844 om·

104 876 169 932 aino
184 876 322 933 homiuum
348 876 429 933 liceat
461 876 604 949 praeiatnm
632 878 831 934 monasterium
857 884 920 932 te··

103 980 179 1021 mere
193 965 354 1036 perturbare
369 973 413 1020 aut
423 966 485 1036 ejus
500 966 690 1036 possessiones
718 965 838 1033 auferre,
857 964 901 1022 vei

103 1053 211 1127 ablatas
226 1053 354 1119 retinere,
370 1054 506 1122 minuare,
528 1054 568 1110 rcl
592 1054 744 1111 temerariis
774 1053 901 1111 uexatio-

103 1141 224 1198 tionibus
238 1141 352 1214 fatigare
369 1158 376 1210 ;
393 1142 441 1198 aed
457 1143 545 1198 omniu
565 1143 673 1217 integra
702 1148 902 1201 conserventur

104 1253 210 1308 eorum,
231 1255 281 1310 pro
309 1255 427 1310 quorum
443 1241 638 1296 sustentatione
652 1250 679 1296 et
704 1241 901 1314 gubernatione

103 1342 237 1384 concessa
251 1337 324 1398 suut,
340 1329 437 1384 usibus
449 1329 613 1385 omnimodis
627 1328 780 1399 profutura.
797 1330 901 1384 conse·

102 1416 373 1475 crationaaaltarium
403 1419 460 1473 sire
489 1418 677 1484 basilicarum,
715 1417 902 1475 ordinationes

102 1505 553 1572 monachorum,cbrisma,otcnm
580 1515 714 1573 sanctum,
745 1510 774 1562 et
802 1515 902 1563 caetera

103 1594 140 1651 ad
154 1594 309 1666 episcopale
318 1592 436 1651 officium
452 1595 622 1665 pertinentia,
652 1611 667 1650 a
696 1594 903 1651 constantiensi

739 216 948 274 lNNOCENTff
969 215 995 272 li
1015 214 1119 273 PAPAE

7 344 19 352 ”
100 344 274 402 roboramus.
301 341 450 399 Statuimus
472 343 544 399 enirn
572 352 600 399 ut
629 360 799 416 quaecunque
825 343 899 400 idem
913 344 940 404 A
956 342 1021 399 tiam
1035 342 1124 415 ipsam
1141 343 1209 399 bene
1225 341 1326 399 habere
1340 340 1444 412 cupiat,
1461 349 1488 400 et
1511 347 1627 398 tractare
1642 338 1679 395 :si
1703 355 1753 396 au-

1719 212 1752 268 tit

953 440 1006 488 tem
1029 431 1207 488 calumniator
1235 429 1430 504 potiusquam
1456 430 1606 487 advocatus
1632 428 1752 486 existens

955 527 1116 584 monasterii
1130 527 1202 583 bona
1216 527 1376 598 pervaserit,
1392 535 1418 583 et
1446 542 1501 582 non
1527 525 1615 598 magis
1637 539 1670 581 aa
1699 523 1752 580 de·

953 625 1079 691 fonderit,
1095 624 1181 680 abbas
1191 624 1291 680 babeat
1310 623 1465 681 facultatem
1480 639 1541 681 cum
1556 621 1665 677 fratrum
1681 636 1750 679 con·

953 714 1015 771 sitio
1030 714 1112 770 alium
1125 713 1177 769 sibi
1192 722 1313 770 statuere
1328 713 1490 769 advocatum
1512 711 1660 778 utiliorem,
1687 724 1754 781 qua-

954 812 1034 860 tenus
1049 803 1144 860 sicuts
1159 802 1314 874 supradicto
1337 802 1455 858 ilenrico
1483 800 1659 873 imperatore,
1686 808 1713 854 et
1737 813 1754 854 a

955 893 1069 964 praefato
1084 892 1140 948 tilio
1152 901 1244 948 nostro
1258 891 1388 948 lothario
1402 906 1469 961 rega
1480 888 1585 960 judicio
1609 885 1754 945 definitum

955 990 1005 1051 est,
1022 981 1139 1038 coenobii
1151 981 1236 1036 nestri
1251 980 1363 1037 libertas
1377 979 1466 1036 modis
1480 976 1607 1034 omnibns
1617 975 1703 1047 ajurc
1718 973 1754 1030 sit

954 1071 1046 1127 aliena
1069 1069 1248 1127 basileenssis
1255 1069 1397 1126 Ecclesia.
1411 1068 1451 1125 ild
1461 1067 1591 1124 indicium
1602 1073 1694 1122 autem
1706 1079 1756 1121 no·

955 1171 1017 1216 strae
1032 1159 1156 1215 tuitionis
1172 1167 1199 1216 et
1213 1174 1353 1216 concesse
1367 1166 1461 1213 vestro
1479 1154 1643 1212 monasterio
1669 1153 1756 1208 liber-

954 1248 1017 1303 tatis
1029 1264 1142 1304 aureum
1165 1264 1249 1302 uuum
1276 1245 1422 1317 quotannis
1450 1243 1628 1300 lateranensi
1653 1240 1756 1315 palatio

955 1335 1127 1409 persolvetis.
1146 1336 1174 1392 Si
1190 1350 1241 1407 tyna
1256 1335 1338 1408 igitur
1350 1335 1377 1389 in
1407 1333 1537 1390 Futurum
1567 1329 1757 1388 ecclesiastica

955 1418 1132 1476 secularisve
1143 1433 1273 1490 persona,
1291 1419 1362 1473 hauc
1376 1423 1478 1472 nostrae
1491 1411 1692 1471 constitutionis
1705 1424 1756 1483 pa·

954 1509 1045 1582 giuam
1060 1509 1161 1575 sciens,
1177 1510 1269 1563 contra
1284 1521 1343 1561 eam
1359 1513 1460 1562 temere
1476 1502 1569 1560 venire
1594 1499 1752 1567 tentaverit,

956 1597 1077 1654 secundo
1099 1596 1214 1653 tertiove
1240 1595 1414 1656 commonita.
1441 1593 1540 1649 si‘non
1566 1589 1753 1648 satisfactione

103 1693 244 1764 episcopo,
260 1692 288 1748 in
301 1694 377 1762 cujus
392 1693 503 1751 dioecesi
518 1693 595 1761 ostis,
606 1694 758 1766 accipietis,
772 1692 795 1749 si
810 1701 900 1748 mmcn
915 1704 942 1764 Β
956 1702 1076 1758 congrua
1092 1683 1287 1748 emendaverit,
1303 1681 1444 1756 potestatis
1458 1680 1630 1752 honorisque
1643 1678 1686 1734 sui
1706 1676 1753 1733 di·

104 1780 262 1837 Catholicus
277 1779 365 1850 fuerit,
382 1789 409 1838 et
423 1783 537 1854 gratiam
552 1782 817 1839 ac‘communioncm
832 1795 902 1853 apo·

103 1869 208 1928 stolicae
222 1870 296 1926 aedis
309 1871 445 1937 habuerit,
458 1880 485 1926 et
503 1872 527 1926 si
543 1887 575 1928 ea
595 1871 679 1944 gratis
709 1886 741 1926 ac
764 1871 823 1927 siue
838 1885 902 1941 pra·

105 1957 185 2014 vitate
199 1959 315 2016 voluerit
329 1959 471 2016 exhibere.
488 1960 615 2033 Alioquin
644 1960 723 2016 liceat
747 1959 824 2016 vobis
854 1959 903 2014 ca-

102 2046 237 2104 tholicum
252 2064 330 2121 quem
349 2048 499 2104 malueritis
514 2048 590 2104 adire
614 2048 783 2121 episcopum,
819 2058 844 2104 et
867 2046 903 2102 ab

105 2160 139 2200 eo
151 2145 386 2202 consecrationum
406 2155 572 2203 sacramenta
596 2147 751 2218 percipere,
779 2145 825 2218 qui
839 2160 905 2217 apo·

105 2242 209 2299 scotice
221 2242 295 2299 sedis
310 2242 391 2299 fultus
405 2243 575 2310 auctoritate,
602 2260 633 2300 ea
647 2261 708 2317 quae
733 2244 904 2314 postulantur

105 2330 256 2403 indulgeat.
272 2331 444 2404 Sepulturam
466 2348 575 2405 quoquc
594 2333 683 2389 eidem
703 2333 764 2389 ioco
793 2332 922 2398 omnino,

105 2419 220 2477 liberam
231 2436 290 2478 esse
308 2421 491 2488 decernimus,
503 2430 532 2477 ut
546 2437 640 2478 eorum
656 2422 701 2495 qui
717 2421 773 2477 iilic
792 2419 905 2492 sepeliri

105 2517 329 2585 deliberaverint,
339 2519 482 2575 deuotioni
497 2527 522 2575 et
537 2528 668 2577 extremae
683 2517 825 2584 voluntati,
852 2516 905 2573 uisi

106 2605 178 2663 forte
201 2608 427 2664 excommunicati
456 2609 519 2672 sint,
549 2608 641 2663 nullus
667 2608 791 2663 obsistat.
821 2607 905 2662 Porro

106 2693 192 2751 laicos
205 2695 263 2752 sire
278 2694 393 2752 clericos
409 2695 575 2754 seculariter
591 2696 714 2752 viventes
728 2696 762 2751 ad
785 2711 904 2752 conver-

107 2783 212 2840 sionem
236 2783 377 2855 suacipere
407 2784 506 2840 nultius
535 2786 655 2856 episcopi
680 2792 726 2842 aut
767 2783 905 2858 praepositi

107 2871 288 2929 contradictio
317 2887 367 2928 vos
385 2873 515 2929 inhibeat.
540 2873 666 2931 Obeunte
696 2890 762 2930 vero
792 2882 817 2930 tc
833 2888 905 2931 nuno

107 2960 229 3032 ejusdem
245 2961 298 3018 ioci
314 2963 422 3027 abbate,
439 2965 600 3019 veltuorum
614 2963 737 3036 quolibet
756 2978 905 3019 successo·

106 3066 177 3117 rum,
192 3050 283 3107 nullus
297 3051 335 3106 ibi
364 3051 483 3122 qualibet
511 3053 694 3124 subreptionis
726 3052 825 3107 astutia
855 3053 944 3118 senc
980 3103 985 3113 ,

107 3139 235 3196 uiolentia
250 3141 499 3212 praeponatur,uisi
525 3157 607 3214 quem
635 3141 736 3197 iratres
766 3139 906 3198 communi

107 3245 245 3287 consensu
260 3230 303 3287 rel
318 3229 432 3286 fratrum
448 3247 513 3302 pars
532 3231 650 3286 sanioris
665 3230 774 3288 consilii
803 3245 904 3286 secuu-

106 3325 904 3399 dnmlleitimorsmetbeatiBenedictiRegulumclegeriut.

107 3417 149 3473 Ad
159 3418 219 3474 haec
224 3416 301 3473 salva
308 3417 509 3474 constantiensi
516 3416 637 3488 episcopi
648 3415 798 3473 reverentia
808 3413 907 3471 coufir-

108 3506 605 3562 mamusvestromonasteriocellam
629 3506 663 3560 dc
692 3504 764 3560 Silvo
791 3505 906 3560 Sueazc·

107 3593 180 3661 walt,
197 3595 396 3667 aiieginberto
415 3603 598 3651 constructam
615 3610 676 3651 cum
692 3593 819 3651 omnibus
844 3602 908 3663 post

107 3691 284 3760 sessionibus,
302 3692 411 3764 praediis
428 3699 454 3748 et
468 3693 549 3747 terris
564 3690 598 3747 ad
615 3708 674 3747 eam
697 3690 905 3763 pertinentibus.

109 3778 311 3835 confirmamus
330 3781 409 3835 etiam
424 3781 629 3853 dispositionem
646 3778 908 3851 illamquambonae

108 3877 306 3933 recordationis
320 3878 454 3934 chricus
466 3880 499 3933 tv
510 3879 662 3947 imperator
685 3878 719 3933 de
748 3875 908 3932 monasterii

109 3967 194 4021 vestri
212 3964 337 4023 libertate
352 3979 378 4024 et
407 3967 549 4024 advocatia
577 3967 724 4033 constitnit,
753 3974 781 4021 et
804 3965 907 4036 praedc·

111 4070 206 4112 cesaor
220 4065 311 4112 noster
325 4055 414 4113 felicis
430 4058 571 4113 memoriae
584 4056 703 4112 calixtus
737 4052 909 4110 auctoritatis

111 4170 167 4222 suae
180 4154 325 4226 privilegio
341 4155 482 4212 roboravit
494 4171 501 4224 3
516 4163 597 4227 atque
607 4155 722 4210 dilectus
734 4153 805 4207 filins
815 4159 908 4207 noster

111 4242 252 4298 lotharius
274 4260 323 4300 rex
351 4245 477 4316 praecepti
505 4244 546 4298 sui
574 4242 702 4297 firmitate
730 4238 853 4305 munivit,
883 4247 910 4293 et

112 4339 212 4386 sanctae
222 4332 424 4388 recordationis
439 4348 509 4402 papa
527 4331 662 4387 lionorius
676 4330 868 4401 episcoporum
883 4335 910 4383 et

957 1774 1059 1847 gnitate
1072 1780 1173 1837 careat,
1191 1787 1319 1844 reamque
1340 1787 1371 1827 se
1392 1769 1486 1826 divino
1506 1768 1610 1839 judicio
1634 1767 1754 1824 existere

955 1861 989 1916 de
1004 1866 1159 1931 perpetrata
1180 1856 1321 1929 iniquitate
1345 1861 1504 1927 cognoscat,
1533 1860 1559 1909 ct
1583 1851 1754 1908 asacratia-

957 1949 1149 2018 simncorpore
1163 1955 1191 2002 et
1204 1945 1337 2020 sanguine
1352 1943 1401 2001 Dei
1415 1951 1443 2000 et
1457 1942 1570 1999 Domini
1582 1941 1670 1998 nostri
1687 1940 1754 1996 lesu

956 2036 1056 2092 Christi
1071 2036 1162 2091 aliena
1182 2033 1237 2103 liat,
1266 2044 1347 2106 atque
1370 2034 1398 2088 in
1417 2040 1542 2089 extremo
1569 2029 1696 2086 examine
1708 2028 1754 2084 di·

957 2126 1056 2183 strictae
1068 2125 1161 2181 ultioni
1173 2123 1326 2196 subjaceat.
1343 2121 1453 2178 cunctis
1467 2128 1559 2177 autem
1572 2118 1661 2175 eidem
1691 2117 1755 2174 loco

956 2215 1027 2284 juste
1043 2213 1216 2269 servantibus
1232 2211 1266 2267 sit
1280 2228 1332 2282 pax
1350 2209 1459 2266 Domini
1473 2208 1561 2266 nostri
1588 2208 1653 2264 lesu
1678 2207 1756 2263 Cirri-

958 2304 1002 2373 sti,
1020 2311 1153 2376 quatenus
1168 2310 1194 2357 et
1208 2302 1252 2358 hic
1281 2299 1399 2357 fructum
1424 2300 1504 2354 bonae
1530 2295 1646 2353 actionis
1660 2295 1756 2367 perci·

957 2389 1041 2460 piant,
1055 2395 1080 2444 et
1089 2387 1162 2458 apud
1177 2385 1330 2442 districtum
1357 2383 1482 2439 iudicem
1504 2380 1615 2452 praemia
1643 2388 1755 2436 laternae

958 2477 1035 2551 pacis
1048 2475 1197 2532 inveniant.
1214 2477 1311 2539 Amen,
1331 2488 1423 2539 amau,
1437 2486 1529 2526 amen.

994 2566 1056 2639 ligo
1071 2564 1245 2620 innocentius
1256 2561 1402 2618 catholicae
1417 2558 1550 2616 Ecclesia
1571 2556 1735 2630 episcopus.

995 2656 1053 2728 Ego
1068 2653 1239 2711 Guitlielmua
1254 2650 1437 2706 Praenestinus
1447 2648 1603 2719 episcopus.

994 2742 1055 2812 Ego
1067 2740 1185 2795 loannes
1200 2734 1335 2794 Ostiensis
1346 2735 1503 2805 episcopua.

994 2831 1055 2900 Ego
1070 2826 1159 2883 Guido
1174 2824 1329 2881 Tiburtinus
1344 2823 1502 2894 episcopua.

995 2928 1054 3000 Ego
1068 2925 1208 2980 lfattbaeus
1222 2920 1385 2978 bibonensis
1399 2919 1558 2990 episcopus.

994 3016 1055 3088 Ego
1067 3016 1187 3069 loannes
1202 3010 1272 3066 tituli
1299 3010 1327 3064 S.
1356 3008 1520 3080 chrisogoni
1533 3005 1679 3079 presbyter
1693 3019 1759 3061 car·

960 3101 1166 3259 dmgiiii'etrus
1181 3180 1325 3252 presbyter
1339 3176 1485 3234 cardinalis
1499 3175 1566 3232 tituli
1582 3174 1693 3247 Equitii.

996 3285 1056 3362 ligo
1070 3281 1186 3338 Ubartus
1210 3278 1354 3351 presbyter
1368 3273 1519 3333 cardinalis
1531 3273 1602 3329 tituli
1630 3272 1659 3329 S.
1689 3270 1758 3327 Cia-

961 3383 1069 3527 meligos
1086 3454 1182 3507 Petrus
1208 3449 1354 3521 presbyter
1374 3445 1519 3503 cardinalis
1542 3443 1614 3500 tituli
1625 3443 1653 3500 S.
1684 3446 1760 3500 Ana·

961 3555 1217 3706 SlaEsiyaiitioselmus
1232 3626 1376 3700 presbyter
1388 3624 1537 3682 cardinalis
1554 3622 1625 3679 tituli
1640 3621 1670 3678 S.
1699 3621 1763 3677 cte·

961 3722 1057 3883 cssiiego
1070 3807 1223 3881 Gregorius
1238 3805 1369 3862 diaconus
1383 3802 1532 3861 cardinalis
1546 3802 1599 3858 SS.
1621 3798 1712 3872 Sergii
1731 3805 1760 3855 et

962 3901 1160 4060 Baliegiifluirio
1174 3983 1306 4040 diaconus
1321 3982 1465 4040 cardinalis
1483 3982 1513 4039 S.
1536 3979 1629 4037 liaris
1654 3977 1682 4034 iu
1708 3976 1760 4034 Via

962 4079 1037 4133 Lata.

998 4167 1098 4221 Datum
1113 4162 1236 4219 cluniaci
1252 4163 1309 4232 (ld)
1324 4177 1374 4234 per
1389 4176 1498 4218 manum
1514 4156 1644 4215 himerici
1658 4160 1761 4212 sancte

963 4257 1091 4312 Romanae
1106 4251 1236 4308 Ecclesiae
1251 4250 1360 4307 diaconi
1380 4249 1526 4307 cardinalis
1542 4257 1570 4303 et
1592 4241 1760 4311 cancellarii,

963 4361 991 4401 tv
1005 4339 1280 4405 NonasNovcmbris,
1304 4339 1453 4396 indictione
1475 4353 1534 4403 retr,
1564 4332 1762 4391 lucamationia

112 4419 289 4475 cardinalium
305 4420 501 4476 deliberatione
516 4418 645 4485 firmauit,
668 4429 697 4475 ut
726 4418 853 4474 videlicet
880 4417 1112 4488 iquominigae
1137 4445 1209 4484 ,nno
1239 4429 1325 4493 1130;
1354 4426 1526 4500 ponyyfiffiyug
1548 4433 1638 4480 aurem
1667 4419 1764 4477 domni

113 4508 236 4564 advocati
250 4507 384 4564 electione
398 4509 484 4564 abbas
499 4509 615 4564 liberam
629 4509 728 4563 babeat
746 4513 908 4580 potestatem

111 4611 172 4652 cum
189 4596 304 4653 fratrum
318 4613 431 4653 suorum
445 4597 653 4653 cousiliotalem
682 4597 798 4668 eligere,
827 4611 909 4668 quem

112 4685 148 4741 ad
159 4685 346 4742 defensionem
359 4686 492 4742 libertatis
507 4686 669 4741 monasterii
684 4687 784 4740 bonum
800 4693 827 4741 et
854 4685 909 4739 uti-

112 4772 166 4830 lem
181 4789 243 4831 asse
253 4775 422 4847 cognoverit,
440 4775 485 4844 qni
501 4790 556 4830 non
572 4790 620 4846 pro
637 4774 908 4841 terrenocommodo,

116 4862 165 4918 sed
180 4879 229 4935 pro
244 4863 293 4919 Dei
317 4879 408 4919 amore
432 4873 457 4916 et
482 4871 658 4934 pcccatorum
685 4878 796 4917 suorum
821 4863 909 4930 venia,

113 4966 221 5007 necnon
235 4961 262 5008 ct
275 4960 385 5008 aetaruae
409 4951 610 5008 benedictionis
632 4951 760 5009 mercede
791 4950 910 5006 advoca·

151 5101 447 5172 (intumescenti,
467 5102 512 5159 die
529 5104 561 5157 iti
576 5103 655 5158 Febr.
672 5117 717 5156 au.
741 5102 810 5156 1130
840 5115 913 5172 papa

116 5173 230 5238 electus,
246 5172 283 5227 ob
301 5174 421 5228 schisma
436 5176 509 5229 Petri
524 5174 635 5238 Leonis,
651 5174 693 5228 cui
703 5171 914 5228 llnmaniadhei-

115 5244 223 5310 rebant,
240 5243 267 5297 iu
291 5242 395 5298 Gallias
421 5246 548 5309 secessit,
564 5246 667 5316 ibique,
684 5252 827 5314 antequam
852 5243 915 5298 cla·

117 5323 307 5371 romontanum
329 5313 472 5376 concilium
502 5316 663 5380 celebraret,
694 5314 854 5370 cluniacum
875 5313 917 5368 di·

118 5394 239 5451 rertcna,
259 5384 333 5440 iilius
364 5387 524 5439 monasterii
554 5388 698 5441 ecclesiam
726 5385 870 5450 dedicavit,
890 5393 916 5439 et

117 5457 237 5530 quidem,
252 5465 280 5511 ut
296 5457 389 5527 probat
404 5457 503 5525 l'agius
518 5457 611 5526 (Brev.
636 5457 714 5512 11001.
736 5457 815 5511 Pont.
836 5463 855 5510 t.
880 5457 915 5524 11,

117 5545 146 5600 p.
163 5529 226 5592 118)
240 5527 352 5584 circad.
371 5528 404 5582 18
432 5528 493 5584 Oct.
516 5534 562 5582 aut
590 5526 692 5599 aliquot
705 5526 803 5582 diebus
824 5534 917 5597 postc-

118 5598 185 5670 rins,
202 5599 225 5657 ai
240 5599 349 5676 quidem
362 5597 441 5670 jutta
470 5597 632 5655 Ordaricum
663 5597 777 5653 Vitalem
805 5596 918 5654 nonnisi

963 4519 1114 4577 innocentii
1128 4519 1152 4573 ll
1167 4533 1246 4591 papae
1260 4532 1333 4573 anno
1347 4534 1366 4571 1.

1326 4609 1390 4664 XV.

964 4709 1157 4778 AdSaqerinm
1168 4706 1195 4762 S.
1206 4706 1331 4778 Dionysii
1338 4705 1476 4761 abbatem.
1484 4733 1518 4744 -
1525 4701 1638 4759 lionorii
1645 4699 1755 4771 ffpapoe

982 4779 1126 4836 decretam
1135 4777 1171 4832 de
1180 4777 1390 4846 Arpcntoftensi
1399 4775 1569 4832 monasterio
1581 4771 1744 4841 confirmat.

1071 4847 1115 4922 [u.
1131 4849 1273 4910 Bouounr,
1291 4846 1515 4913 1100001111111,
1536 4861 1564 4917 p.
1582 4841 1655 4917 aba]

966 4948 1155 5002 innocencius
1170 4944 1325 5016 episcopus,
1344 4959 1440 5000 servus
1454 4956 1594 4998 seruorum
1622 4937 1684 5005 bai,
1718 4937 1764 4992 di·

966 5097 1155 5157 xrdiebusihi
1185 5104 1367 5152 commoratus
1396 5099 1439 5165 sit,
1469 5112 1532 5151 cum
1553 5091 1591 5149 ibi
1619 5099 1765 5162 antequam

967 5171 1131 5233 discederet,
1149 5169 1253 5223 nnllam
1261 5168 1408 5224 haeredici
1422 5168 1495 5224 Nov.
1511 5163 1629 5221 dederit.
1643 5162 1764 5218 liabillo·

968 5244 1027 5298 nius
1043 5240 1137 5297 hunsl.
1154 5249 1174 5293 t.
1192 5240 1236 5303 Vl,
1253 5256 1279 5309 p.
1298 5236 1611 5307 106,<110011500101>,
1628 5234 1692 5289 huic
1720 5233 1766 5314 de-

970 5312 1099 5368 dicationi
1113 5310 1166 5365 assi
1190 5319 1248 5373 nat,
1264 5326 1326 5380 quae
1340 5327 1483 5380 perperam
1502 5310 1536 5364 ad
1565 5323 1611 5361 an.
1642 5305 1709 5360 1131
1739 5320 1767 5359 nn

972 5384 1137 5439 bibliotheca
1153 5327 1325 5438 Cinnincensi
1340 5382 1466 5445 refertur,
1480 5396 1542 5437 cum
1557 5394 1590 5433 eo
1619 5391 1692 5431 anno
1707 5376 1766 5447 ipso

972 5456 1018 5510 illo
1032 5455 1076 5509 die
1088 5457 1122 5509 25
1136 5453 1234 5509 Octob.
1248 5452 1411 5507 Ludnricuur
1420 5453 1559 5510 iuniorem
1570 5450 1662 5505 llemts
1672 5462 1767 5520 regem

971 5525 1176 5583 consecraverit
1188 5523 1369 5581 innocentius.
