3750 6000
24 206 28 213 Ι
107 252 159 311 tls

747 254 954 312 INNOCENTll
973 256 996 311 11
1017 256 1113 312 Pars

1699 248 1750 307 120

99 376 253 435 devotionis
266 376 363 434 intuitu
378 378 477 435 collata
492 385 565 447 suut,
582 379 707 436 nituntur
721 379 842 448 auferre,
867 388 894 438 ct
908 384 936 444 A
951 380 1010 438 nice
1027 380 1233 448 substituendis,
1249 381 1405 438 salutemet
1429 376 1605 452 apostolicam
1632 373 1749 431 benedi·

100 469 170 524 hauc
186 466 238 523 sibi
264 466 392 523 subtilem
415 467 571 538 rapacitatis
598 469 778 541 capacitatem
814 486 896 525 assu-

101 573 188 632 munt,
207 564 271 638 quia
286 580 410 636 personae
424 582 516 621 earum
534 565 761 637 inconcessum,
771 576 798 623 et
808 584 898 635 neque

100 668 151 723 per
164 652 273 709 ferrum
286 653 403 725 ignitum
419 654 462 709 vel
478 654 579 709 bellum
588 656 727 728 (quoniam
738 656 898 712 canonicum

101 757 156 797 non
170 749 222 811 est,
232 750 258 798 et
272 757 288 797 a
302 741 434 811 magistro
450 760 500 797 suo
515 743 593 800 bonae
608 745 748 800 inemoriae
762 745 894 813 Roberto,

101 828 188 901 ipsius
202 829 256 886 loci
266 828 422 897 fundatore,
437 831 615 902 prohibitum)
636 849 682 889 res
710 849 773 888 snas
801 832 898 889 delen-

100 918 165 974 dcre
179 916 284 974 nolunt.
301 919 403 974 Verum
433 935 512 990 quam
528 919 650 992 iniquum
684 930 711 975 et
739 921 901 977 detestabile

102 1007 146 1072 sit,
163 1006 416 1078 quoddiviuijuris
431 1007 556 1063 eflectum
579 1019 620 1065 est
641 1009 758 1082 aliquem
784 1011 811 1065 in
836 1025 901 1079 pro·

103 1092 257 1162 priosusus
276 1092 415 1165 redigere,
442 1100 469 1148 et
496 1090 617 1149 fidelium
642 1103 704 1149 vota
738 1095 764 1149 in
793 1094 899 1149 irritum

105 1195 250 1245 revocare,
267 1188 364 1236 vestra
388 1180 550 1238 universitas
578 1183 762 1253 recognoscit.
793 1181 900 1252 Quram-

952 470 1080 527 ctionem.

988 583 1099 653 Quoties
1127 584 1192 639 illud
1208 600 1224 639 a
1239 585 1317 640 nobis
1348 586 1449 656 petitur
1463 582 1535 655 quod
1546 581 1644 637 raboni
1660 587 1688 635 et
1702 578 1752 634 bo·

952 673 1051 728 nestati
1064 672 1185 729 noscitur
1196 675 1351 739 convenire,
1367 674 1457 728 animo
1484 687 1535 726 nos
1549 670 1628 726 decet
1656 666 1753 723 libenti

952 761 1106 817 concedere
1120 768 1146 816 et
1158 762 1307 832 petentium
1322 759 1635 832 desideriislcongruum
1650 756 1754 826 imper·

954 848 996 903 tiri
1007 847 1177 923 suffragium.
1195 850 1328 914 Proinde,
1345 850 1443 905 dilecte
1458 849 1486 903 in
1501 846 1619 903 Domino
1634 843 1671 899 lili
1683 844 1753 899 llar-

954 937 1035 992 twice
1049 938 1205 1009 praeposite,
1227 938 1279 994 tuis
1290 938 1372 1007 justis
1381 946 1407 993 et
1415 934 1620 992 rationabilibus
1635 930 1754 1004 postula·

954 1021 1073 1077 tionibus
1087 1021 1237 1079 clementer
1252 1023 1405 1083 urrnuirnus,
1421 1030 1448 1076 ct
1463 1018 1659 1075 venerabiiium
1688 1015 1748 1072 ira-

953 1119 1026 1165 trum
1041 1121 1192 1166 nostrorum
1215 1111 1354 1166 Chunradi
1383 1107 1591 1180 saltzburgensi
1620 1103 1755 1176 archiepi-

954 1199 1031 1270 scopi
1046 1209 1073 1255 et
1088 1200 1236 1255 Hermanni
1262 1199 1446 1272 augustensis
1474 1196 1598 1268 episcopi
1627 1193 1755 1265 precibus

105 1267 211 1337 Obsems
241 1267 413 1325 Venerabile-‘³
440 1270 550 1338 flbiles,
577 1271 738 1327 “liniamus
767 1279 902 1344 ‘lu‘steflus
953 1289 1088 1355 inclinati,
1103 1288 1247 1344 eeclesiam
1264 1287 1355 1343 Sancti
1366 1285 1507 1358 Stephani,
1525 1282 1708 1340 aBercbtullo
1729 1289 1754 1336 et

106 1364 217 1419 easdem
230 1365 360 1420 mulieres
375 1366 502 1421 attentius
527 1369 724 1424 manuteneatis
751 1377 777 1423 et
804 1368 901 1424 defen·
957 1376 1055 1433 ottone
1071 1377 1224 1443 comitibus,
1242 1385 1267 1431 et
1282 1377 1382 1447 Sopbir
1396 1383 1423 1431 et
1444 1374 1555 1430 Lam-ira
1575 1386 1670 1428 eorum
1691 1384 1757 1425 uxo.

107 1453 186 1519 datis,
204 1462 230 1508 θῑ
244 1453 278 1508 de
294 1454 513 1524 P⁰⁵⁸088101¹ib118
528 1471 598 1543 quas
620 1472 670 1527 per
698 1473 747 1513 VOS
777 1457 820 1512 vel
848 1465 903 1512 ires
956 1466 1042 1531 ribus,
1060 1474 1086 1520 et
1100 1465 1173 1531 tiliis,
1190 1481 1239 1536 per
1254 1481 1363 1519 manum
1378 1463 1490 1519 illustris
1505 1461 1553 1516 riri
1579 1457 1755 1533 Degenhardi

107 1550 222 1606 idoneos
237 1558 321 1606 testes
334 1551 386 1606 sihi
402 1550 523 1624 legitimo
538 1552 651 1608 donatas
666 1562 693 1609 et
707 1554 742 1608 ab
757 1554 823 1624 ipsis
836 1569 902 1622 pos·
958 1555 1037 1611 heato
1052 1554 1132 1608 Petro
1147 1553 1276 1616 oblatam,
1293 1553 1337 1608 cui
1353 1554 1410 1607 Deo
1430 1560 1544 1606 auctore
1564 1563 1686 1621 praeesse
1715 1545 1754 1626 di·

107 1654 198 1694 50³⁵„
212 1640 330 1710 probare
345 1647 480 1711 pomum,
494 1640 594 1696 nugam
611 1642 650 1697 eps
666 1641 903 1710 inperpepnjurigm
958 1625 1089 1687 nosceris,
1106 1624 1156 1679 sub
1172 1624 1242 1679 beati
1258 1625 1328 1678 Petri
1345 1624 1454 1678 tutelam
1470 1632 1496 1676 et
1510 1616 1757 1691 apostolicaesedis

108 1726 152 1781 vel
167 1726 321 1782 molestiam
335 1727 500 1797 permittatis
527 1728 605 1798 Quod
620 1731 643 1785 si
658 1729 719 1803 quis
738 1731 792 1785 boc
820 1737 905 1784 atten-
919 1734 946 1793 Β
959 1714 1155 1807 Ρξθῑθθῑῑθῃθῐῦ
1172 1712 1336 1805 simillimus
1352 1719 1380 1806 el
1392 1710 1535 1782 llllsemis
1549 1707 1642 1778 ⁵0¹l'lJli
1661 1713 1756 1777 patro-

108 1824 168 1872 tare
182 1810 396 1887 praesumpserit,
411 1832 462 1888 pro
477 1817 640 1890 episcopalis
651 1816 732 1874 officii
746 1818 838 1874 peppo
852 1818 909 1890 ple,
963 1799 1036 1855 crnic
1060 1811 1256 1852 communimus
1278 1803 1498 1866 ;statu1musque
1525 1801 1553 1849 ut
1581 1804 1758 1864 quascunque

111 1927 175 1967 uam
191 1913 225 1967 de
241 1927 274 1967 eo
284 1911 418 1981 justitiam
433 1913 552 1970 faciatis.

148 2009 246 2063 Datum
260 2007 363 2077 AEduae,
380 2024 414 2064 xv
429 2007 488 2063 Kal.
505 2009 655 2065 Februarii.

441 2128 568 2184 LXXIX.

113 2223 161 2280 Art
177 2224 348 2281 Laconicam
367 2224 398 2281 l'l
411 2225 585 2282 Francorum
600 2241 740 2298 repena—
756 2226 865 2283 Scribit
882 2242 910 2283 sc

257 2315 390 2386 sospitem
407 2312 577 2370 Cluuiarum
589 2317 764 2386 peruenisse.

342 2412 432 2480 (Anno
447 2412 527 2478 itan,
543 2411 622 2467 Febr.
639 2416 684 2479 ι.)

298 2498 411 2572 thirsi,
429 2498 545 2566 Cornell,
561 2498 639 2569 xxt,
655 2499 728 2572 bill]

150 2591 340 2645 innocencius
355 2586 512 2659 episcopus,
522 2603 765 2644 servusservorurn
775 2589 835 2655 Dei,
846 2590 912 2646 cha-

114 2685 224 2742 rissimo
238 2685 267 2740 in
281 2684 389 2740 Christo
405 2684 462 2740 ulio
477 2687 619 2742 buoovrco
634 2686 732 2743 illustri
746 2696 771 2743 et
789 2687 911 2761 glorioso

114 2786 281 2843 Francorum
296 2783 366 2857 regi,
382 2782 499 2840 salutem
515 2789 544 2841 et
559 2785 738 2856 apostolicam
746 2787 912 2843 benedictio·

117 2896 194 2941 nem·
205 2941 207 2944 ,

154 2969 230 3036 Saul,
246 2971 303 3026 Deo
318 2969 430 3043 gratias,
447 2978 474 3027 et
488 2935 639 3027 incolumes
654 2972 783 3028 Kalendis
792 2973 908 3027 Februa-

963 1885 1166 1957 possessiones,
1187 1899 1357 1955 quaecuuque
1373 1884 1441 1938 bona
1451 1881 1547 1937 eadem
1562 1879 1687 1935 Ecclesia
1714 1876 1759 1930 in-

963 1973 1176 2046 praescutiarum
1189 1974 1261 2042 juste
1277 1979 1303 2026 et
1319 1971 1439 2044 legitime
1454 1969 1584 2041 possidet,
1596 1967 1680 2022 autin
1691 1964 1761 2020 sutu-

964 2077 1025 2117 rum
1038 2060 1217 2117 concessione
1232 2059 1400 2132 pontificum,
1417 2057 1576 2114 liberalitate
1591 2070 1688 2128 regum
1717 2052 1759 2109 vel

964 2159 1127 2232 principum,
1143 2157 1280 2214 oblatione
1294 2155 1425 2222 fidelium,
1442 2172 1490 2211 seu
1500 2155 1559 2210 aliis
1571 2152 1653 2226 justis
1671 2150 1761 2207 modis

965 2264 1110 2329 praestante
1125 2256 1251 2324 Domino,
1268 2257 1366 2327 poterit
1380 2253 1503 2324 adipisci,
1521 2251 1600 2307 firma
1627 2248 1707 2305 vobis
1733 2254 1761 2303 et

964 2354 1065 2409 illibata
1080 2361 1265 2424 permaneant.
1282 2351 1362 2422 Quod
1379 2357 1468 2406 autem
1480 2347 1581 2421 prefati
1603 2345 1695 2402 fratris
1714 2359 1762 2400 no·

965 2444 1015 2499 stri
1030 2442 1175 2497 llermunui
1185 2442 1365 2513 augustensis
1375 2437 1508 2512 episcopi,
1517 2444 1651 2492 annuente
1660 2433 1760 2503 studio,

966 2533 999 2587 de
1020 2531 1142 2588 Ecclesia
1157 2531 1227 2586 beati
1243 2530 1355 2603 Georgii
1370 2530 1397 2583 in
1412 2543 1468 2600 qua
1485 2527 1561 2598 prius
1571 2524 1670 2580 divinis
1681 2521 1763 2579 eratis

966 2619 1124 2692 mancipati,
1142 2634 1188 2675 ros
1204 2620 1238 2675 ad
1255 2619 1398 2675 ecclesiam
1409 2616 1498 2673 Sancti
1509 2613 1638 2686 Stephani
1648 2618 1764 2668 transtu·

968 2716 1047 2783 listis,
1069 2716 1196 2788 quoniam
1206 2715 1283 2772 locus
1297 2716 1355 2788 ipse
1370 2730 1431 2771 eam
1447 2713 1479 2768 ad
1491 2709 1707 2768 conservandam
1724 2723 1764 2763 re·

966 2800 1108 2874 ligionem,
1125 2817 1206 2873 quam
1222 2800 1303 2857 etiam
1318 2800 1431 2855 fratrum
1454 2796 1548 2852 usibus
1571 2794 1660 2866 aptior
1688 2791 1763 2849 visus

967 2900 1018 2960 est,
1034 2891 1177 2947 laudamus
1193 2899 1320 2947 ctuostra
1337 2891 1495 2946 auctoritate
1524 2886 1676 2959 apostolica
1703 2898 1766 2941 con·

967 2991 1117 3046 lirmamus.
1133 2990 1310 3045 hecernimus
1326 2989 1406 3045 etiam
1427 2996 1455 3043 ut
1470 2983 1643 3057 capellaquae
1657 2982 1709 3038 sita
1724 2990 1767 3037 est

119 3066 154 3123 rii
169 3065 328 3124 cluniacum
343 3068 532 3138 pervenimus,
544 3068 909 3125 ubicumlratribusncstris
930 3076 997 3152 cin
1012 3075 1072 3131 loco
1087 3075 1189 3131 Werde
1207 3074 1330 3131 ecclesiae
1359 3073 1432 3129 beati
1453 3069 1583 3143 Stephani
1610 3068 1643 3123 de
1663 3075 1765 3124 caetero

118 3155 269 3229 episcopia,
282 3155 427 3212 abbatibus
441 3164 468 3213 et
480 3156 542 3212 aliis
557 3157 726 3228 sapientibus
740 3166 767 3212 et
777 3157 914 3228 religiosis

116 3251 191 3321 viris,
209 3250 405 3308 l'uriticationis
433 3251 519 3307 beatae
542 3253 636 3307 blesim
651 3252 825 3308 festivitatem
841 3253 915 3309 sole-

119 3347 218 3405 mniter
236 3357 262 3404 et
277 3347 425 3405 honorilice
440 3348 619 3414 celebrantes,
636 3363 651 3404 a
664 3348 791 3404 iratribus
814 3348 916 3403 nostris

118 3435 266 3492 Gnillelmo
281 3437 434 3508 patriarcha
454 3437 691 3510 ierosolymitano,
707 3445 734 3491 et
760 3440 791 3491 Α.
805 3436 918 3508 [Asuui-

118 3523 187 3597 tillo]
204 3525 565 3588 bethlehemiticaecivitatis
580 3526 719 3597 episcopo,
736 3525 843 3581 litteras
856 3525 919 3580 obe·

120 3612 232 3668 dientiae
246 3620 273 3668 et
287 3613 464 3682 subjectionis
472 3613 657 3684 suscepimus.
675 3613 743 3682 Quia
752 3613 836 3686 igitur
846 3629 916 3669 eau-

120 3717 177 3757 sam
194 3701 325 3758 Ecclesiae
338 3718 401 3759 oum
426 3703 500 3758 omni
528 3703 680 3758 constantin
707 3710 733 3757 et
762 3700 917 3756 fortitudine

122 3791 204 3847 certis
217 3792 416 3861 experimentis
429 3799 456 3846 te
471 3791 611 3847 nobiscum
633 3800 751 3862 portare,
766 3796 793 3846 et
817 3790 918 3845 nostris

122 3887 536 3961 prosperitatibuscongaudere
562 3887 713 3955 jauduilum
742 3888 916 3960 agnouimus,

123 3975 283 4031 earumdem
299 3975 447 4032 litterarum
457 3976 621 4046 transcripta
632 3976 771 4031 serenitati
787 3984 838 4030 ture
864 3975 917 4029 du-

124 4069 215 4126 ximus
230 4070 446 4137 transmitteuda,
463 4079 490 4125 ut
506 4086 573 4143 quos
585 4070 712 4124 nimirum
741 4078 793 4124 tuae
827 4069 915 4125 chari-

125 4169 188 4223 tutis
202 4167 345 4224 sinceritas
355 4166 590 4225 sociabiliioedere
601 4167 722 4238 copulat,
733 4166 766 4220 de
779 4166 918 4236 prosperis

123 4256 595 4330 quoqucsuccessibusnihilominus
606 4254 787 4326 gratulentur.
806 4254 920 4310 Noverit

125 4361 191 4401 sane
206 4347 372 4417 strenuptatis
387 4352 440 4400 tuae
455 4343 590 4407 nobilitas,
607 4342 737 4414 quoniam
752 4344 785 4397 Α.
801 4342 920 4398 delion·

969 3163 1114 3222 cumomni
1127 3163 1190 3235 jure
1208 3164 1359 3235 subjaceat.
1378 3163 1409 3217 Et
1423 3160 1554 3233 quidquid
1579 3157 1657 3228 juris,
1684 3155 1766 3229 quid-

970 3252 1186 3325 quiddignitatis
1201 3252 1398 3324 ipsahactenus
1417 3250 1538 3305 noscitur
1566 3245 1695 3302 habuisse
1722 3252 1765 3299 to-

970 3351 1069 3406 lumin
1087 3350 1232 3407 ecclesium
1247 3351 1340 3406 Sancti
1369 3347 1497 3420 Stephani
1526 3342 1730 3401 transfundatur
1758 3359 1765 3396 ι

971 3441 1022 3495 hoc
1046 3447 1137 3494 tamen
1159 3439 1269 3494 rationis
1295 3448 1399 3505 tenore,
1427 3444 1455 3492 ut
1481 3433 1616 3508 praedictae
1643 3430 1768 3488 ecclesias

972 3528 1066 3584 Sancti
1081 3526 1193 3600 Georgii
1201 3535 1304 3583 attenta
1316 3521 1645 3594 sollicitudineprovidere
1655 3520 1767 3585 curetis,

972 3626 1103 3688 quatenus
1118 3616 1239 3671 divinum
1252 3616 1289 3670 ihi
1304 3614 1423 3671 odicium
1442 3612 1551 3668 assidue
1578 3608 1694 3666 Dourino
1718 3607 1768 3663 im·

972 3706 1121 3775 pendatur.
1142 3706 1225 3760 Porro
1242 3705 1355 3761 decimae
1370 3719 1438 3776 qrtas
1463 3698 1661 3774 praenominata
1681 3695 1756 3753 ecclc

973 3803 1011 3856 siu
1024 3802 1115 3858 Sancti
1142 3803 1281 3874 Stephani,
1310 3801 1487 3858 concessione
1510 3793 1669 3870 poutilicum
1694 3794 1767 3864 juste

973 3891 1102 3946 lructenus
1117 3891 1218 3960 habuit,
1235 3891 1322 3946 eidem
1338 3889 1437 3946 loeoin
1453 3898 1612 3960 perpetuum
1643 3886 1769 3947 concedi·

973 3996 1043 4034 mus.
1061 3980 1133 4034 Sane
1148 3980 1171 4033 si
1187 3980 1246 4050 quis
1265 3979 1377 4033 fratrum
1391 3979 1434 4034 vel
1450 3994 1575 4034 sororum
1591 3989 1653 4052 post
1669 3979 1768 4033 laetam

972 4073 1073 4128 ibidem
1085 4072 1292 4144 professionem,
1310 4073 1496 4145 persuadente
1512 4073 1631 4141 diabolo,
1656 4071 1716 4126 sine
1743 4070 1771 4124 li·

973 4171 1060 4226 centia
1073 4171 1210 4242 praepositi
1220 4171 1342 4241 ejusdem
1358 4170 1418 4237 loci,
1436 4171 1470 4225 ad
1485 4171 1537 4226 ilia
1552 4171 1610 4226 loca
1635 4169 1770 4240 coniuge-

974 4261 1018 4324 rit,
1039 4260 1249 4329 prohibemnset
1265 4258 1452 4315 interdicimus
1465 4267 1492 4313 ut
1516 4260 1607 4314 nullus
1623 4274 1671 4313 cos
1686 4258 1772 4313 susci·

974 4365 1039 4420 pere
1051 4358 1208 4421 prasumat,
1225 4350 1273 4403 sed
1288 4357 1425 4421 tamquam
1440 4349 1493 4404 voti
1509 4347 1614 4420 proprii
1625 4354 1772 4402 temerato·

124 4433 194 4490 lorte
208 4450 259 4490 uec
270 4433 439 4488 absoluinrus
454 4447 505 4488 nec
520 4431 624 4486 absolvi
640 4431 821 4502 precipimus.
849 4429 919 4487 Dile·
934 4445 959 4505 D
975 4455 1020 4493 res
1034 4438 1066 4492 ud
1081 4438 1205 4494 eamdem
1221 4438 1366 4494 ecclesiam
1391 4437 1478 4493 redire
1504 4436 1711 4507 compellantur.
1729 4435 1770 4490 nd

123 4530 174 4578 ⁰1ae
188 4520 250 4577 filib*
261 4520 494 4577 ¹10⁵ll'aebdelbidi
511 4521 622 4593 fegiflae·
639 4519 717 4575 ¹¹¹⁰st
732 4527 794 4586 tuae,
811 4536 861 4592 ΡΓΟ
876 4536 923 4575 xe·
976 4529 1033 4583 lruec
1048 4527 1207 4596 adjicientes
1222 4527 1363 4581 statuimus
1376 4534 1403 4580 ut
1419 4526 1485 4581 ordo
1508 4525 1654 4581 canonieus
1670 4538 1769 4580 secun-

123 4610 175 4667 niis
189 4609 448 4666 nobistransmissis
462 4608 635 4665 multimodas
650 4608 752 4681 gratias
763 4608 918 4676 referimus,
974 4617 1128 4672 dumhcnti
1152 4617 1294 4688 Augustini
1324 4616 1449 4687 regulam
1475 4615 1503 4668 in
1528 4615 1622 4670 endem
1652 4612 1770 4670 ecclesia

123 4716 212 4765 attam
225 4707 313 4779 ipsam
327 4722 408 4780 quam
438 4706 656 4762 cruentissimum
683 4704 768 4761 liiium
797 4715 919 4761 nostrum
973 4705 1067 4760 suturis
1083 4707 1248 4774 temporibus
1274 4712 1467 4760 conservetur.
1497 4703 1623 4760 Obeuute
1652 4717 1715 4758 vero
1744 4710 1770 4757 te

124 4797 291 4855 hudovicum
304 4811 399 4870 regern
414 4802 441 4852 et
453 4794 522 4851 ahos
536 4793 609 4851 illios
623 4803 684 4851 tuos
699 4811 749 4866 per
767 4803 793 4850 te
808 4794 834 4848 iu
863 4795 917 4850 Do·
972 4811 1044 4851 nuuc
1070 4795 1192 4863 ejusdem
1225 4793 1275 4849 loci
1296 4793 1452 4864 preposito,
1483 4791 1572 4847 nudus
1587 4790 1623 4846 ibi
1650 4789 1770 4864 quislibet

122 4896 196 4952 mino
211 4895 378 4952 salutamus.
970 4892 1153 4964 subreptionis
1169 4891 1266 4946 astutia
1279 4907 1327 4946 seu
1343 4889 1472 4945 violentia
1500 4896 1686 4960 praeponatur,
1714 4886 1772 4943 nisi

156 4994 255 5049 Datum
269 4991 390 5049 cluniaci
405 5006 433 5046 nr
448 4991 544 5047 Nonas
559 4989 709 5047 Februarii.
971 4998 1052 5055 quem
1072 4981 1169 5039 iratres
1184 4980 1321 5038 communi
1337 4994 1482 5047 consensu,
1496 4986 1542 5033 aut
1563 4976 1676 5032 lratrum
1700 4992 1766 5047 pars

442 5080 570 5144 'Lxxpp
973 5071 1081 5127 consilii
1095 5070 1223 5135 sanioris,
1240 5068 1390 5124 secundum
1414 5067 1538 5123 timorem
1566 5066 1616 5122 Dei
1644 5074 1671 5121 et
1697 5064 1770 5121 beati

119 5174 916 5251 rtutteqtumproeocusaannmseptantotessensu.
973 5159 1117 5235 augustini
1132 5158 1254 5231 regulam
1271 5156 1437 5227 providerint
1455 5153 1623 5228 eligendum.
1639 5153 1680 5210 td
1699 5153 1770 5209 indi·

338 5268 430 5335 (hnno
447 5267 526 5332 ttsa,
542 5266 629 5322 Eehr.
649 5268 689 5336 6.)
971 5262 1043 5317 cium
1058 5267 1146 5314 autem
1162 5255 1317 5329 hujusmodi
1332 5263 1468 5327 percepta
1478 5254 1625 5310 aRomana
1639 5250 1769 5310 Ecclesia

234 5364 428 5436 lllouumcnic
444 5365 536 5432 lloicn,
557 5370 576 5419 t.
593 5363 664 5430 Vlll,
681 5379 710 5435 p.
741 5360 814 5435 ish]
971 5356 1091 5413 tuitionis
1101 5363 1127 5411 et
1143 5354 1285 5419 libertatis,
1305 5368 1415 5408 arrreuin
1444 5367 1528 5407 unum
1543 5349 1622 5405 annis
1650 5348 1767 5422 singulis

151 5463 339 5518 {uuonan-nus
354 5461 510 5533 episeopus,
526 5476 622 5515 servus
638 5475 778 5516 servorum
793 5459 851 5525 nei,
871 5457 915 5514 di.
970 5443 1148 5502 lateranensi
1160 5443 1261 5514 palatio
1276 5439 1532 5512 persolvetisNulli
1545 5438 1764 5507 ergoltumiuum

113 5550 187 5609 lecto
200 5546 256 5607 filio
270 5558 363 5606 nostro
377 5551 529 5607 Hpnnwrco
537 5549 687 5622 praeposito
698 5548 821 5605 ecclesi-,p
841 5549 913 5605 san.
969 5534 1079 5592 omnino
1094 5532 1173 5589 liceat
1188 5530 1407 5603 prenominatam
1420 5527 1564 5584 ecclesium
1581 5534 1687 5583 temere
1701 5542 1764 5597 per-

113 5642 148 5700 cti
165 5638 294 5715 Stephani
314 5638 341 5694 iu
356 5637 912 5712 hiessen,ejusquesuccessoribuscauo-
967 5634 1088 5704 turbare,
1100 5640 1146 5689 aut
1156 5630 1214 5701 ejus
1229 5627 1420 5702 possessiones
1432 5626 1550 5692 auferre,
1582 5624 1623 5682 vel
1656 5622 1763 5680 ablatas
