3772 6006
181 246 237 304 lli
810 230 1019 290 tttttocattrtt
1037 230 1061 287 il
1080 231 1190 288 PAPAE.
1267 302 1274 319 ἱ
1781 226 1833 283 ttt

182 374 329 440 Armatam,
343 374 424 440 etque
438 379 456 420 a
478 359 680 436 predecessore
703 364 797 415 nostro
811 365 914 413 sanetae
934 372 976 410 rc·
992 362 1021 424 ,q
1035 354 1133 408 vestro
1152 352 1232 426 igitur
1245 353 1362 408 interest
1374 351 1416 408 sie
1428 350 1457 407 in
1471 350 1627 408 obedientia
1638 349 1713 408 sedis
1726 361 1835 423 aposto

182 464 352 531 cordationis
365 477 438 535 papa
452 461 523 526 lion,
539 458 694 514 roboratam
708 455 789 512 vobis
805 451 981 509 nibilominus
1036 449 1095 506 lica
1111 457 1138 506 et
1152 450 1211 519 ejus
1225 465 1320 505 amore
1335 449 1483 521 persistere
1497 457 1631 521 quatenns
1646 450 1705 518 ejus
1719 448 1836 521 qratiam

183 555 385 618 coufirmamus.
401 547 578 607 Deeemimus
600 560 668 618 ergo
692 550 721 600 ut
748 543 816 600 nulli
840 540 981 598 bominum
1035 539 1197 595 mereamini
1220 535 1336 593 fideliter
1364 538 1493 605 retinere,
1523 545 1551 592 ut
1579 537 1683 593 eaedem
1711 536 1836 594 ecclesie

181 648 327 705 liceetvos
342 656 425 712 super
441 639 494 706 bis,
511 652 571 709 quae
587 632 758 691 universitati
785 639 883 688 vestrae
908 645 982 701 prae·
1036 643 1209 699 nequaquam
1246 626 1296 681 sub
1333 634 1425 682 vestre
1461 624 1587 683 custodia
1623 624 1833 694 deteriorentur,

182 735 272 795 sentis
287 729 381 802 scripti
403 726 509 799 pagine
535 722 735 787 roboravimus,
765 719 906 783 infestare,
935 722 982 772 aut

180 824 303 897 aliquem
321 816 399 875 vobis
422 812 594 872 temerariam
619 809 838 865 imminutionem
867 804 978 869 inlerre,

183 922 234 980 sed
248 918 339 977 omnia
353 931 416 972 curn
431 911 585 985 integritate
598 916 742 966 seruentur
766 905 863 964 vestris
887 903 981 959 usibus

182 1009 334 1086 protutura.
351 1005 448 1075 Siqua
464 1002 549 1076 igitur
573 1000 600 1055 in
627 1007 765 1069 posterum
796 992 981 1051 ecclesiastica

183 1097 503 1166 saecularisvepersona,
520 1088 592 1144 benc
607 1095 707 1143 nostrae
721 1082 919 1142 constitutionis
929 1097 980 1153 pa-

184 1190 275 1265 ginam
287 1185 386 1250 sciens,
399 1189 496 1237 contra
507 1194 568 1234 cam
579 1184 682 1233 temere
693 1174 787 1230 venire
797 1170 942 1229 tentaverit
956 1174 983 1225 et

186 1284 308 1345 secundo
324 1279 438 1338 tertioue
459 1274 623 1333 commonita
646 1269 829 1328 satisfactione
857 1281 981 1339 congrua

185 1392 241 1433 uon
254 1367 485 1430 emendatoriae
505 1361 693 1419 sacratissimo
716 1372 833 1428 corpore
860 1371 892 1412 ac
915 1370 981 1410 san-

183 1466 266 1539 quine
285 1462 336 1517 Dei
356 1465 382 1514 et
414 1453 522 1510 Domini
559 1450 647 1508 nostri
690 1444 879 1517 Redemptoris
916 1444 981 1499 lesu

184 1550 282 1611 Christi
296 1544 551 1613 alieneliet‚atque
574 1540 601 1594 in
629 1550 753 1594 extremo
779 1533 907 1591 examine
935 1532 981 1587 di-

183 1644 283 1701 strictae
298 1634 395 1694 ultioni
409 1632 562 1703 subjaceat.
582 1627 697 1685 Cunctis
710 1634 800 1681 sutem
815 1622 893 1679 vobis
905 1621 980 1695 justa

183 1728 355 1791 servantibus
383 1723 418 1778 sit
444 1736 495 1793 pax
525 1716 633 1773 Domini
660 1713 745 1771 nostri
773 1715 838 1769 lesu

183 1836 319 1905 quatenus
333 1830 360 1879 et
374 1822 419 1876 hic
434 1818 549 1873 linctum
570 1815 651 1877 bouae
674 1810 792 1869 actionis
817 1807 978 1881 percipiant,

182 1928 209 1978 et
223 1915 295 1989 apud
310 1909 461 1969 districtum
475 1904 599 1961 indicem
610 1900 724 1974 premia
737 1908 846 1956 aeternae
857 1896 980 1953 retribu-

183 2008 266 2066 tionis
280 1999 433 2059 inveniant.

219 2095 347 2168 Signata,
363 2095 390 2145 et
404 2082 559 2154 subscripta
574 2081 626 2136 hoc
640 2078 732 2144 modo,
746 2075 873 2134 videlicet
890 2092 897 2130 :

218 2186 279 2257 Ego
296 2174 469 2238 innocentius
497 2168 646 2228 Catholicae
674 2165 805 2224 Ecclesiae
834 2164 980 2236 episcopus

184 2275 283 2436 ωὲῗιι
307 2358 428 2417 tibertus
454 2349 546 2424 presb.
575 2347 651 2405 card.
683 2345 727 2401 tit.
767 2345 796 2399 S.
833 2340 980 2399 Clementis

185 2454 281 2622 ωὲῗιι
295 2541 439 2600 Anselmus
454 2534 545 2608 presb.
561 2532 635 2590 card.
657 2530 700 2585 tit.
729 2530 759 2585 S.
784 2527 921 2583 Laurentii
950 2525 977 2580 in

184 2638 285 2698 Lucina
299 2632 394 2689 subsc.

218 2727 280 2799 Ego
303 2752 522 2777 .......
542 2709 636 2783 presb.
652 2707 726 2765 card.
743 2704 772 2763 S.
789 2702 979 2762 Ceciliaesub·

184 2812 296 2885 scripsi.

219 2904 280 2977 Ego
304 2927 700 2955 ············

220 2994 280 3066 Ego
298 2980 506 3044 Romuusdioc.
532 2978 607 3035 card.
642 2975 670 3031 S.
698 2972 792 3029 llario
820 2971 847 3027 in
874 2969 982 3027 Portica

184 3093 277 3152 subsc.

221 3182 278 3254 Ego
294 3171 445 3248 &sewius
459 3167 530 3225 dm·
546 3163 622 3222 Μ·
640 3161 689 3219 ss·
715 3159 806 3233 sergii
830 3166 857 3216 ³¹
879 3155 982 3214 ⁸³⁰⁰}st
1038 3186 1153 3247 auctore
1168 3190 1226 3247 Deo
1242 3206 1362 3261 praeesse
1377 3190 1558 3264 dignosceris,
1571 3198 1734 3261 potestatem
1752 3203 1835 3259 super

185 3266 351 3339 subscripsi.

218 3345 538 3433 quStephannsdiac.
554 3343 630 3400 card.
660 3341 692 3396 S.
722 3338 817 3396 Luciae
843 3338 872 3392 in
900 3333 986 3392 Orlee

149 3577 150 3580 ι
187 3450 283 3611 ωέἓζ
296 3532 367 3589 Otho
381 3527 453 3583 diac.
470 3522 546 3581 card.
562 3517 653 3577 Sancti
669 3515 783 3590 Georgii
799 3515 891 3571 subsc.

220 3628 280 3698 ago
295 3617 385 3678 Guido
399 3617 471 3672 diae.
487 3611 568 3670 eard.
588 3608 643 3665 SS.
671 3606 778 3664 Cosmae
804 3611 831 3661 et
859 3601 987 3659 Damianr

186 3717 319 3860 ⁸nllbsaptbm
334 3791 481 3851 Placentiae
502 3804 550 3861 per
578 3799 689 3841 manum
714 3780 851 3854 Aymerici
879 3770 987 3836 diaconi

184 3893 266 3954 card.
284 3879 479 3946 etcaneellarii
508 3877 537 3933 S.
569 3877 602 3933 ll.
628 3875 674 3938 E„
704 3887 742 3927 ιιι
766 3869 882 3927 Kalend.
911 3867 986 3944 tulii,

185 3982 284 4041 indict.
302 3975 468 4042 sulacem.
496 3966 577 4022 oon.
606 3977 679 4019 anno
705 3962 783 4027 1133,
815 3955 989 4030 pontificatus

186 4079 277 4132 antem
294 4068 327 4123 b.
344 4056 494 4119 innocentii
509 4069 587 4127 pepae
609 4053 633 4108 ll
649 4065 721 4107 anno
736 4063 780 4104 ιιι.
806 4126 809 4145 Ι

563 4171 620 4228 CV.

192 4278 382 4348 CanonicisS.
393 4269 552 4331 Alexandri
560 4264 736 4337 Berqomotis
749 4261 886 4334 quasdem
901 4259 990 4344 cocle·

229 4360 285 4415 stoa
292 4352 329 4409 cd
339 4347 433 4407 sedem
444 4338 630 4414 apostolicam
640 4337 802 4408 spectantes
812 4331 953 4389 concedat.

421 4442 515 4511 (Anno
530 4436 609 4502 ttae,
626 4434 688 4488 lun.
703 4432 762 4502 28.)

278 4548 390 4621 iturus,
408 4537 473 4595 Coti.
487 4534 605 4606 diplom.
626 4532 761 4602 beroem..
778 4527 812 4595 ll,
830 4522 905 4595 966]

230 4650 420 4705 transcurras
436 4633 592 4705 episcopus,
608 4642 708 4683 serras
723 4639 864 4680 sorvorum
879 4620 940 4687 Dei,
952 4618 992 4675 di·

1035 716 1126 771 sedin
1142 715 1283 772 meliorem
1298 722 1408 783 statum,
1424 715 1574 771 auxiliante
1593 714 1722 786 Domino,
1745 713 1833 771 redu·

1036 812 1142 861 cantur.

1072 895 1133 950 llat.
1151 892 1302 964 Placentiae,
1320 910 1347 948 ιι
1362 892 1500 950 Kalendas
1514 891 1588 949 tutti.

1397 1018 1464 1074 CVI.

1035 1116 1190 1172 Ecclesium
1205 1115 1416 1186 Aquitetenrem
1429 1114 1771 1187 sedecimepiaeoputoum
1779 1127 1833 1168 mc·

1072 1188 1203 1258 tropotim
1224 1186 1385 1256 confirmat,
1416 1187 1622 1256 Pereprtnoque
1663 1183 1836 1258 potrtereltoe

1071 1273 1154 1313 asam
1166 1258 1259 1330 pollii,
1273 1258 1438 1323 rationalis,
1453 1259 1545 1324 cccci,
1558 1256 1654 1313 erucis
1667 1256 1806 1313 concedit.

1264 1353 1356 1420 (Anno
1372 1354 1450 1420 ttsa,
1465 1352 1528 1406 lun.
1547 1355 1601 1418 29.)

1142 1448 1288 1522 [Uasacen
1304 1451 1390 1506 ltalia
1405 1465 1498 1516 suero,
1514 1458 1533 1506 t.
1547 1449 1580 1519 tt,
1595 1448 1649 1505 col.
1665 1447 1723 1521 62]

1069 1576 1257 1631 lunocanrrus
1272 1575 1427 1647 episcopus,
1443 1591 1540 1632 servus
1555 1591 1697 1631 servorum
1712 1574 1773 1641 Dei,
1784 1588 1832 1630 ve·

1034 1663 1147 1720 nerabili
1170 1662 1247 1719 fratri
1275 1665 1436 1720 Panaenum
1464 1663 1628 1736 Aquileiensi
1657 1663 1830 1735 patriarches,

866 1711 976 1778 Chmsu'
992 1730 1020 1794 Β
1034 1751 1146 1824 ejusque
1161 1753 1368 1810 successoribus
1378 1754 1511 1809 canonice
1520 1752 1717 1809 substituendis
1727 1751 1753 1806 io
1764 1765 1831 1822 per-

1033 1851 1155 1912 potuum.

1070 1938 1173 1993 Domus
1187 1936 1295 1993 Domini
1324 1939 1434 2007 decore,
1464 1936 1664 1996 circumamicta
1691 1936 1831 2004 varietate,

1033 2025 1174 2082 columnas
1189 2026 1279 2095 babet,
1296 2026 1365 2084 alias
1380 2027 1408 2083 in
1423 2043 1530 2084 surnmo
1545 2026 1692 2099 splendore
1715 2027 1832 2097 positas,

1033 2114 1099 2170 alias
1114 2114 1141 2170 in
1162 2115 1262 2182 medio,
1277 2115 1345 2171 alies
1373 2117 1400 2171 in
1428 2117 1522 2173 ultimo
1551 2117 1708 2173 collocatas.
1734 2114 1833 2170 Sancta

1033 2220 1149 2276 namque
1164 2204 1286 2261 Romana
1301 2205 1437 2274 Ecclesia,
1453 2223 1514 2278 quae
1534 2206 1569 2260 alr
1599 2204 1660 2277 ipso
1689 2204 1833 2261 Salvatore

1033 2309 1083 2367 pcr
1098 2292 1206 2348 beatum
1224 2294 1334 2349 Petrum
1350 2294 1534 2366 principatum
1564 2292 1689 2360 obtinuit,
1718 2290 1833 2364 opifices

1033 2398 1099 2438 suos
1113 2381 1184 2438 elios
1199 2382 1345 2454 episcopos
1359 2381 1485 2449 institnit,
1506 2382 1552 2456 qui
1572 2381 1648 2439 clero
1668 2389 1831 2455 praeessent,

1034 2489 1062 2537 et
1078 2480 1242 2552 populorum
1258 2496 1348 2538 curam
1365 2482 1517 2537 animarum
1539 2488 1678 2555 gererent,
1694 2479 1763 2536 alios
1781 2495 1829 2535 ar-

1034 2569 1234 2641 chiepiscopos,
1251 2571 1296 2642 qui
1323 2570 1462 2641 episcopis
1484 2585 1594 2626 manum
1617 2567 1831 2627 consecrationis

1034 2656 1215 2729 imponerent,
1230 2666 1258 2713 et
1272 2658 1333 2726 jura
1357 2665 1454 2716 dantes
1475 2667 1609 2730 potestate
1632 2656 1833 2728 metropolitica

1034 2746 1146 2802 eoncilia
1159 2746 1341 2814 celebrarent,
1358 2748 1427 2803 elios
1456 2749 1594 2819 primates,
1625 2747 1670 2818 qui
1699 2745 1751 2802 soli
1779 2745 1832 2803 llo·

1034 2851 1116 2891 mano
1132 2835 1277 2892 subessent
1287 2834 1420 2906 pontifici,
1437 2845 1465 2892 et
1480 2853 1563 2908 super
1573 2834 1797 2907 archiepiscopos
1807 2840 1834 2890 et

1035 2923 1188 2995 provincias
1202 2923 1348 2995 primatum
1379 2924 1521 2981 baberent.
1551 2924 1717 2995 Eapropter,
1736 2922 1835 2978 dilecte

1035 3010 1120 3068 irater
1134 3013 1161 3066 in
1177 3013 1296 3082 Christo,
1314 3013 1466 3086 Peregrine
1477 3012 1660 3086 Aquileiensis
1671 3010 1832 3082 patriarcba,

996 3091 1095 3167 Ctibi,
1112 3111 1138 3156 et
1162 3118 1212 3172 per
1243 3108 1269 3157 te
1297 3111 1397 3159 sauctae
1425 3100 1594 3172 Aquileiensi
1620 3099 1761 3168 Ecclesiae,
1791 3098 1836 3156 cui

1039 3287 1180 3345 sexdecim
1196 3287 1382 3359 episcopatus,
1399 3288 1523 3344 videlicet
1535 3288 1687 3353 Polensem,
1698 3285 1835 3356 Tergesti-

1038 3392 1115 3445 uum,
1133 3376 1314 3443 Perentinnm,
1332 3377 1523 3444 Peteoensem,
1538 3377 1734 3444 Emouensem,
1761 3376 1835 3432 Gou-

1039 3465 1223 3534 cordiensem,
1243 3465 1454 3533 Tarvisiensem,
1485 3466 1675 3534 cenetensem,
1700 3462 1836 3521 Beloneu·

978 3596 984 3609 .
1039 3569 1107 3622 sem,
1124 3553 1302 3624 astoensem,
1320 3554 1490 3623 Paduanum,
1514 3552 1699 3623 vicentinum,
1721 3552 1838 3609 Triden-

1039 3642 1136 3711 tinnm,
1162 3644 1347 3712 blantuanum,
1369 3644 1577 3709 veronensem,
1590 3645 1753 3708 Cumanum,
1777 3656 1837 3697 me·

1041 3732 1195 3804 tropolitico
1205 3731 1266 3801 jure
1281 3732 1468 3798 concedimus,
1480 3731 1605 3787 abbatias
1614 3746 1722 3803 quoqne
1732 3729 1841 3787 scilicet

1042 3824 1247 3891 Oseiacensem,
1264 3824 1455 3889 blosicensem,
1472 3824 1677 3891 Roseciansem,
1700 3822 1838 3879 Belinien·

1043 3930 1111 3981 sem,
1126 3913 1298 3983 Sertensem,
1330 3913 1481 3982 pirensem,
1510 3913 1638 3970 Sanctam
1666 3912 1779 3968 llariem
1803 3909 1839 3967 cd

1043 4003 1183 4075 Orqsnum
1199 4002 1248 4057 tibi
1263 4010 1290 4058 et
1305 4002 1357 4057 tuis
1372 4002 1579 4060 successoribus
1602 4001 1729 4058 duximus
1753 4000 1839 4056 robo-

1043 4092 1152 4147 randas.
1170 4090 1246 4146 Pallii
1262 4107 1329 4148 sero
1343 4107 1433 4157 usum,
1465 4090 1618 4159 rationalis,
1642 4098 1725 4163 atque
1749 4088 1839 4154 uacci,

1044 4181 1091 4253 qui
1105 4180 1354 4252 praedecessoribus
1369 4181 1421 4236 tuis
1435 4196 1484 4252 pro
1500 4180 1585 4252 ipsius
1599 4179 1732 4237 Eoctestae
1745 4177 1840 4250 digni·

1044 4278 1099 4326 tate
1119 4269 1252 4326 anostris
1280 4270 1503 4326 antecessoribus
1530 4275 1573 4324 est
1601 4284 1761 4334 concessus,
1790 4281 1842 4323 nos

1043 4375 1097 4423 tam
1114 4365 1161 4422 tibi
1175 4382 1258 4438 quam
1274 4365 1328 4422 tuis
1341 4366 1548 4423 successoribus
1570 4364 1775 4432 confirmemus,
1799 4363 1842 4419 bis

1003 4450 1030 4511 D
1045 4455 1171 4512 videlicet
1184 4455 1284 4512 diebus
1298 4456 1344 4528 qui
1358 4454 1385 4510 in
1403 4454 1530 4512 Ecclesia
1544 4463 1597 4512 tuae
1611 4454 1765 4528 privilegiis
1778 4468 1843 4509 con·

1043 4543 1174 4600 tinentur.
1191 4542 1268 4599 Sane
1284 4559 1448 4615 quocunque
1463 4543 1615 4615 perrexeris
1630 4557 1742 4600 crucem
1764 4549 1791 4598 te
1814 4546 1843 4597 et

1043 4640 1104 4688 tnos
1132 4648 1307 4689 successores
1333 4631 1475 4688 deferendi
1501 4632 1639 4689 licentiam
1677 4631 1841 4688 auctoritate

193 4716 699 4799 letl'tsslssfi¹l⁰lp¹³f¹³⁰lt³iael³0⁵l¹⁰0l
716 4708 991 4770 ⁶²⁰0115058000¹e⁸iae
1045 4720 1115 4778 beati
1138 4720 1208 4777 Petri
1227 4729 1254 4777 et
1284 4729 1376 4778 nostra
1400 4720 1541 4794 largimur.
1573 4722 1658 4777 Porro
1682 4720 1840 4787 comitatus,

193 4825 269 4887 beati
282 4812 433 4879 blessfldsl
462 4812 481 4866 Ρ
483 4804 665 4880 118810θῦ518.
680 4801 798 4859 Ssslultffl
813 4808 840 4857 θῑ
858 4796 991 4871 3105105·
1044 4810 1192 4866 marchiam
1209 4816 1235 4866 et
1248 4809 1375 4867 ducatum
1397 4809 1548 4882 regalibus,
1571 4825 1623 4866 seu
1650 4807 1844 4882 imperialibus

195 4933 254 4976 eam
269 4903 501 4968 bened'tssllfflem·
1045 4899 1196 4973 privilegiis
1211 4898 1342 4955 Ecclesiae
1357 4905 1409 4954 tura
1423 4914 1565 4964 concessa,
1582 4914 1634 4954 nos
1648 4912 1756 4972 quoque
1769 4914 1846 4969 prar-

231 5009 286 5075 Qui
301 5002 438 5061 tideliores
448 5005 474 5053 et
484 4992 638 5051 devotiores
652 4991 681 5046 tt.
695 4986 765 5045 Petri
776 4986 839 5042 tiliis
850 5000 912 5041 esse
924 4999 992 5055 pro·
1045 4988 1131 5046 sentis
1149 4988 1252 5046 domu
1281 4988 1434 5055 sanctione,
1462 4987 1637 5045 „quominus
1660 4987 1840 5044 roboramus·

194 5104 306 5163 bantur·
321 5094 422 5149 (lehem
437 5101 453 5142 ⁸
467 5084 533 5141 Sede
543 5080 693 5154 αΡθθῑθῙἰαὶ
723 5074 801 5149 diffidi
829 5081 857 5131 θῑ
884 5073 912 5129 ῑῦ
932 5070 992 5128 ⁸⁰5⁵
1047 5082 1200 5141 Statuimus
1215 5083 1297 5139 etiam
1313 5091 1342 5139 ut
1354 5099 1534 5156 quascunque
1549 5082 1750 5155 possessiones,
1766 5099 1845 5156 quae·

198 5178 448 5264 opp011u⁰i¹²llb¹¹⁸
476 5171 641 5245 Ps⁰l³⁰¹¹⁵i¹¹⁸
665 5165 797 5238 adlffi'ffl·
833 5164 991 5234 ΕῧΡΓΟΡῑθΓι
1046 5189 1152 5245 cunque
1165 5173 1237 5229 bona
1252 5172 1436 5244 Aquileiensis
1449 5171 1577 5228 Ecclesia
1600 5170 1846 5242 impresentiarum

197 5275 288 5339 dilecti
303 5273 330 5327 in
347 5264 464 5323 Domino
485 5260 542 5328 filii,
571 5256 724 5314 devotionis
752 5259 852 5309 restrae
873 5252 992 5307 studium
1042 5262 1115 5333 juste
1129 5268 1157 5317 et
1169 5260 1291 5333 legitime
1306 5261 1437 5332 possidet,
1453 5267 1499 5316 aot
1514 5259 1541 5316 in
1556 5258 1689 5325 futuram,
1700 5266 1849 5333 praestante

195 5364 377 5429 attendentes.
394 5343 810 5409 200108128SanclaeTtlssilsslits
827 5338 992 5397 Stssssllffl·
1046 5349 1173 5419 Domino,
1193 5349 1294 5421 poterit
1322 5348 1448 5422 adipisci,
1479 5347 1554 5404 firma
1582 5349 1662 5406 vobis
1688 5358 1715 5406 et
1742 5347 1847 5406 illibata

195 5456 310 5517 vetoris,
324 5442 417 5505 Sancti
432 5436 571 5495 bliclraelis
588 5451 650 5509 quae
665 5443 730 5489 sunt
745 5433 773 5487 in
789 5431 889 5503 Virqis,
906 5437 932 5485 et
947 5442 992 5484 ec·
1046 5447 1235 5513 permaneam,
1251 5437 1329 5496 „qvo
1343 5438 1470 5494 nimirum
1482 5436 1509 5493 qn
1525 5439 1651 5494 omnibu,
1665 5446 1768 5495 „nem
1790 5437 1843 5495 ΒΟ,

196 5545 308 5607 clesinm
323 5537 351 5593 S.
367 5528 490 5593 Eusebi,
502 5542 563 5598 quae
576 5525 665 5593 adjus
676 5522 747 5579 neoti
758 5518 827 5577 Petri
838 5517 993 5591 ³90⁰i³¹l²01
1046 5544 1136 5585 mane
1162 5528 1295 5586 Ecclesiae
1320 5527 1384 5599 jore
1410 5542 1442 5585 ec
1470 5526 1637 5586 reuerentia.
1668 5527 1849 5585 Decemimus

87 5682 95 5695 .
190 5643 334 5720 pertinere
348 5635 508 5695 noscuntur,
523 5620 648 5682 charitati
663 5627 762 5678 restra
785 5616 987 5677 commisimus.
1043 5632 1115 5691 erqo
1128 5616 1237 5675 utnulli
1250 5616 1392 5676 Ιιοιιιίιιιιιιι
1415 5616 1499 5676 bouet
1524 5616 1670 5690 praelatam
1694 5614 1850 5677 Maian
