3750 6000
111 162 167 219 ter
740 154 946 213 tuuocatvrtt
966 156 989 213 tt
1010 159 1116 217 vitun.
1710 164 1762 217 ιιι

111 284 286 343 xenodochio
327 283 471 340 ecclesiam
512 283 606 341 sancii
647 282 719 339 Petri
760 281 908 339 ecclesiam
923 283 948 347 Α
966 281 1298 345 tionisDominieaeanno
1314 287 1763 360 litt,pontifieatusverodnmni

113 375 146 433 S.
165 373 273 431 liertini
288 374 315 428 in
330 372 423 440 ante,
439 372 584 429 ecclesiam
599 371 705 429 Sanctae
720 371 847 445 Brigidae,
864 387 911 427 ec·
967 373 1106 430 Innocenti
1120 391 1198 448 papan
1212 377 1325 434 secundi
1340 395 1412 434 anno
1426 395 1456 435 ut
1472 381 1536 453 [leq.
1552 374 1603 453 tvl.

114 464 226 522 clesiam
244 461 336 518 Sancti
352 461 481 527 scores,
498 470 577 518 extra
593 468 701 533 portam
725 461 914 517 llediolancn·
1328 469 1399 523 clx.

115 568 184 619 ⁸⁶¹¹¹¹
206 549 353 609 ⁰⁰⁰¹0⁸i⁸¹¹¹
379 550 407 606 s·
428 550 520 606 ⁵¹⁸&ae
535 550 563 604 5¹¹
582 549 672 621 eliste
686 549 802 613 Trebiae·
827 548 915 606 ²⁰⁰¹&
969 561 997 617 S.
1011 563 1150 619 Antonini
1158 566 1329 637 martyriale
1339 566 1406 622 arbe
1421 567 1590 623 Placentino
1606 567 1686 635 ιοιιι,
1693 565 1765 636 juro

114 650 184 707 siam
199 649 294 705 Sancti
311 649 395 713 l‘atri,
408 647 436 703 in
450 646 580 703 Centenis
595 646 740 703 eeclesiam
757 646 790 702 S.
808 647 917 703 Bartho·
1125 656 1153 707 et
1167 653 1317 725 priuilegio
1331 656 1428 711 emnia
1441 656 1604 724 confisurus.

116 738 216 798 lomaei.
238 737 265 792 in
291 737 416 808 scopora
436 736 506 791 duas
528 734 649 807 espelles
667 755 674 804 ;
691 736 718 791 in
744 736 916 791 castronovo
1202 753 1291 819 (Anno
1307 754 1385 817 1132,
1400 753 1454 807 quq,
1471 754 1533 824 15.)

116 827 263 885 ecclesiam
276 827 307 882 S.
326 824 480 892 Michaelis,
497 834 523 881 et
538 825 681 881 ecclesiam
698 825 789 881 Sancti
802 825 917 880 Bartbo·
1165 838 1383 912 [eocomuqsss'
1398 841 1433 907 11,
1448 857 1479 913 p,
1498 843 1528 897 21
1534 845 1560 898 5,
1564 840 1573 914 q

116 923 268 990 lomaei,in
295 922 486 978 wardastalla
526 922 671 978 ecclesiam
706 922 799 978 Sancti
833 922 915 977 Petri»
1007 937 1195 993 [Numerius
1222 938 1379 1010 episcopus,
1408 955 1504 995 servus
1530 954 1675 996 servovum
1704 937 1766 1004 Dei,

117 1013 263 1072 0⁰⁰¹⁰⁸i⁸¹¹¹
286 1014 316 1070 S·
334 1011 458 1083 (ἶθθΐιιῑῑ,
480 1011 625 1068 ecclesiam
639 1012 672 1069 S·
690 1011 807 1077 nerunt,
829 1019 856 1067 0²
869 1026 916 1067 θῦ-
972 1024 1072 1081 dilecto
1093 1025 1148 1083 filio
1162 1030 1249 1082 duom
1262 1028 1408 1099 pvaeposito
1432 1028 1556 1085 ecclesia
1570 1028 1664 1085 Sancti
1679 1030 1767 1085 Anto·

117 1102 230 1160 ⁰¹0⁵i⁸¹¹¹
260 1102 291 1158 S·
324 1099 537 1169 B⁸f¹h⁰l⁰¹¹¹oeii
554 1099 582 1155 in
612 1100 735 1156 anisris
771 1101 915 1156 ⁶⁰⁰¹0⁵i⁸¹¹¹
972 1114 1030 1170 nini
1044 1117 1182 1188 martyris,
1198 1133 1259 1188 quae
1274 1118 1300 1170 in
1317 1117 1427 1172 civitate
1442 1116 1597 1174 Placentina
1612 1117 1701 1188 posita
1715 1124 1769 1184 est,

121 1189 917 1264 S·000'855011m0dltefllssussi1¹¹culleN0l'800010·
974 1205 1088 1277 ejusque
1117 1205 1326 1263 successoribus
1351 1206 1483 1262 canonice
1515 1205 1713 1262 substituendis
1740 1204 1770 1261 ia

120 1288 189 1343 siam
219 1287 251 1344 S.
286 1285 422 1342 Laurentii
438 1302 445 1341 ι
460 1285 487 1340 in
503 1298 602 1356 campo
631 1285 749 1341 lliliario
777 1284 919 1341 ecclesiam

119 1377 148 1434 S.
164 1375 247 1432 Petri.

157 1464 233 1521 Nulli
257 1477 325 1537 ergo
349 1461 490 1518 bominum
506 1460 548 1517 las
571 1461 608 1517 sit
621 1461 761 1534 praelatum
782 1472 920 1519 monaste·

122 1554 193 1610 rium
222 1563 325 1609 temere
358 1551 533 1624 perturbare,
565 1560 612 1607 sut
642 1551 704 1621 ejus
730 1553 920 1623 possessiones

120 1651 242 1714 auterre.
257 1649 302 1707 vel
318 1649 424 1706 ablatas
435 1649 565 1715 retinere,
576 1649 708 1717 minnere,
724 1656 770 1705 ιιι
784 1649 920 1721 aliquibus
934 1636 960 1695 Β

122 1739 316 1798 vexationibus
339 1738 467 1811 fatigare,
486 1738 536 1793 scd
562 1739 653 1794 omnia
675 1739 780 1812 integre
807 1755 920 1796 consar-

121 1839 223 1887 ventnr
246 1844 340 1884 eornm
357 1842 407 1898 pro
422 1842 537 1898 quornm
553 1827 754 1898 gubernatione
768 1836 795 1883 et
812 1835 920 1883 susten-

119 1919 222 1975 tatione
237 1931 371 1974 concessa
390 1923 464 1983 sunt,
480 1916 576 1970 usibus
590 1916 755 1972 omnimedis
769 1917 920 1986 protutura.

119 2005 247 2065 Obenute
272 2020 341 2061 vero
368 2012 405 2071 te,
435 2019 509 2060 nnnc
524 2004 648 2073 ejusdem
677 2005 731 2062 loci
751 2005 861 2070 abbate,
877 2005 921 2060 vel

115 2119 230 2180 quornm
255 2102 380 2175 quolibet
402 2116 605 2167 successorum,
629 2103 721 2158 nullus
742 2103 779 2158 ibi
801 2103 922 2175 qnalibet

118 2192 308 2266 subreptionis
334 2191 435 2249 astutia
455 2207 505 2246 een
521 2192 651 2248 violantia
667 2201 854 2264 praeponatur,
870 2192 922 2247 nisi

119 2299 202 2357 quern
231 2282 330 2338 iratres
341 2280 479 2338 communi
502 2295 651 2342 consensu,
668 2281 711 2337 vel
726 2280 840 2337 fratrum
856 2297 922 2352 pars

119 2371 237 2430 consillii
252 2369 413 2426 sunierisde
428 2385 489 2434 suo,
501 2370 524 2424 si
539 2369 660 2441 potuerit
674 2369 919 2439 idonensinveniri,

119 2461 239 2536 collegio
266 2458 417 2517 secundnm
448 2458 498 2515 Dei
513 2459 651 2527 timorem,
677 2467 704 2514 et
723 2459 755 2514 ll.
783 2459 921 2515 lleucdicti

119 2549 269 2623 Regulam,
289 2546 467 2621 praeviderint
481 2546 649 2619 eligendum.
670 2547 788 2616 Quodsi
804 2562 922 2618 persona

121 2646 149 2700 in
169 2645 266 2700 eodem
289 2644 459 2700 monasterio
471 2643 505 2698 ab
519 2644 637 2700 abbatias
660 2644 921 2700 administrationem

119 2733 181 2790 talis
209 2748 265 2789 nen
292 2732 382 2799 luerit,
417 2731 453 2788 da
481 2733 559 2788 Casta
578 2732 628 2789 Dei
647 2733 775 2789 ctanobio
793 2734 920 2806 eligatur,

123 2822 248 2895 qnandiu
263 2821 390 2879 videlicet
412 2821 467 2877 illic
486 2822 632 2877 monastici
647 2821 752 2877 ordinis
766 2822 920 2893 disciplina,

124 2909 243 2968 Domino
272 2916 430 2982 praestante,
446 2909 563 2982 viguerit
578 2928 585 2964 ι
602 2910 712 2966 Electus
726 2919 816 2966 sutem
834 2913 922 2968 alto-

123 3022 204 3063 mane
236 3006 415 3063 benedicatur
437 3004 576 3078 pontifice.
619 3005 759 3079 Quidquid
791 2996 962 3078 pretercsC

125 3095 270 3166 libertatis,
287 3112 335 3151 scu
350 3095 492 3168 dignitatis
506 3095 729 3167 predecessores
753 3097 836 3152 nostri
852 3114 924 3168 pra-

125 3184 267 3242 nominstn
283 3184 462 3252 monasterio,
484 3200 533 3256 per
545 3185 698 3241 authentica
720 3184 925 3258 privilegiorum

124 3284 228 3358 scripta
241 3292 449 3350 concesserunt,
467 3297 636 3356 nosquoqne
649 3284 795 3355 praesentis
808 3284 924 3355 privile·

123 3374 162 3447 gii
185 3373 351 3431 auctoritate
375 3370 563 3437 concedimus,
588 3379 615 3428 et
642 3381 732 3428 retum
759 3372 853 3428 baberi
876 3390 928 3445 per

123 3470 247 3533 tempora
270 3461 360 3517 lutura
386 3476 539 3517 censemus.
556 3459 627 3516 Sane
642 3476 704 3517 cum
732 3462 765 3516 ad
782 3462 852 3516 bene
879 3478 926 3517 re·

122 3551 245 3626 gendum
287 3549 360 3606 idem
403 3549 451 3604 tibi
490 3549 667 3606 commissum
697 3549 731 3604 sit
758 3550 924 3620 coenobium,

124 3639 320 3712 possessiones
335 3647 361 3694 et
376 3638 447 3694 bona
461 3637 547 3709 ipsius
561 3637 667 3709 integre
681 3637 707 3692 in
737 3646 782 3693 tna
795 3647 927 3694 maneant

125 3736 262 3800 potestate
278 3747 285 3793 ;
302 3727 436 3798 capellani
460 3726 547 3798 ipsius
574 3726 698 3783 ecclesiae
713 3726 762 3781 tibi
784 3727 925 3784 nibilomi-

126 3841 179 3881 nus
193 3826 247 3881 sint
261 3825 391 3895 subjecti.
421 3823 525 3897 Siqua
553 3824 637 3897 igitur
650 3824 677 3879 in
693 3823 813 3880 tutorum
838 3825 927 3883 eccla·

128 3914 240 3971 siastice
254 3914 431 3971 saecularisve
449 3929 578 3986 persona,
594 3913 664 3970 banc
678 3922 777 3970 nostra
791 3915 926 3970 constitu-

128 4003 210 4060 tionis
233 4003 363 4078 paginam
379 4003 480 4070 sciens,
507 4011 601 4060 contra
624 4018 684 4059 eam
707 4011 810 4059 temere
832 4004 925 4059 venire

128 4093 285 4162 tentaverit,
301 4093 422 4149 secundo
447 4092 561 4149 tertiove
576 4090 752 4158 commonita,
765 4092 789 4147 si
803 4107 857 4147 non
878 4107 926 4147 sa-

129 4179 284 4238 tistactinne
305 4195 428 4254 congrua
452 4181 649 4246 emendaverit,
675 4181 818 4252 potestatis
836 4181 925 4237 bonn-

131 4294 224 4351 rtsque
247 4279 290 4334 sni
323 4278 453 4351 dignitate
481 4285 581 4344 careat,
610 4292 741 4349 reamque
771 4292 801 4333 se
829 4276 923 4332 divino

130 4367 358 4437 jndicioasistere
372 4365 408 4422 de
428 4374 585 4436 perpetrata
599 4365 739 4437 iniquitate
767 4375 926 4437 cognoscat,

133 4463 162 4511 et
175 4470 192 4510 a
207 4454 390 4511 sacratissimo
417 4468 581 4525 corporeae
605 4454 741 4527 sangnine
756 4455 805 4510 Dei
820 4464 845 4510 et
869 4456 926 4511 Do·

132 4553 200 4609 mini
223 4553 420 4625 liedetnptoris
448 4553 534 4609 nostri
550 4554 616 4609 lesu
643 4553 745 4608 Christi
768 4554 855 4609 aliena
869 4554 927 4623 liat,

134 4650 216 4715 atque
225 4642 253 4698 in
273 4650 394 4700 extremo
407 4641 533 4698 examine
548 4642 650 4699 strictta
664 4642 760 4699 ultioni
770 4643 924 4713 subjaccat.

134 4740 344 4798 Cunctisantem
355 4739 445 4798 eidem
460 4739 606 4811 locojnste
625 4741 798 4797 servantibus
812 4740 846 4796 sit
872 4756 928 4812 pax

135 4831 244 4889 Domini
258 4831 345 4890 nostri
360 4829 427 4888 iesu
441 4829 552 4898 Christi,
569 4838 703 4903 quatenns
718 4838 745 4886 et
754 4828 799 4887 bic
809 4829 926 4886 irnctum

135 4932 214 4990 bona
228 4931 345 4989 actionis
353 4930 515 5004 percipiant,
531 4938 558 4987 et
567 4927 928 5001 epuddistrictnmJndicem

136 5021 251 5094 praemis
281 5028 390 5078 aeterna
421 5020 497 5094 pacis
527 5018 678 5077 inveniant.
715 5020 810 5087 Amen,
839 5033 931 5086 nmen,

133 5124 228 5166 amen.

172 5198 233 5273 Ego
261 5197 435 5255 Innocentius
463 5196 610 5256 Cntbolicae
632 5196 766 5254 Ecclesia
787 5197 934 5271 episcopus

136 5286 296 5359 subscripsi.

170 5376 270 5433 Datum
292 5375 435 5433 Cremona
462 5391 511 5447 per
534 5391 646 5431 manum
669 5375 806 5446 tvmerict
827 5383 930 5433 sancta

135 5467 265 5523 Romenae
293 5464 427 5522 Ecclesia
457 5462 565 5521 diaconi
592 5462 741 5521 cardinalis
769 5472 794 5519 et
820 5464 930 5521 cancel-

134 5553 206 5626 larii,
222 5570 242 5609 ιι
274 5553 337 5611 ldns
358 5552 590 5621 intitutionem
603 5567 624 5606 ιι
639 5551 704 5625 lieq.
728 5551 785 5626 xiil,
802 5554 929 5611 lncavne-

972 1303 1142 1367 perpetuum.

1011 1394 1097 1452 Odlcii
1126 1394 1211 1450 nostri
1233 1409 1283 1451 nos
1306 1396 1430 1451 bortatur
1452 1395 1600 1452 auctoritas
1614 1393 1769 1466 proeccle-
1794 1410 1800 1421 ·

974 1484 1073 1539 siarum
1102 1491 1173 1538 statu
1198 1491 1336 1555 satagere,
1364 1492 1499 1540 cicerum
1524 1485 1608 1555 quieti
1622 1492 1649 1539 et
1661 1482 1771 1539 utititsti

975 1579 1130 1646 salubriter,
1147 1581 1293 1637 auxiliante
1314 1581 1442 1647 Domino,
1467 1581 1621 1653 providere.
1650 1581 1770 1652 Dignum

975 1685 1093 1740 natoque
1121 1677 1148 1726 et
1163 1671 1297 1725 honestati
1314 1672 1480 1726 conveniens
1508 1687 1569 1726 csse
1583 1671 1769 1743 cognoscitur,

974 1771 1064 1839 utqui
1091 1768 1125 1823 ed
1156 1768 1341 1826 Ecclesiarum
1369 1770 1491 1842 regimen
1506 1768 1639 1840 assumpti
1664 1784 1770 1834 sumus,

975 1872 1023 1913 ens
1049 1872 1195 1928 pravorum
1222 1859 1360 1913 hominnm
1382 1860 1499 1916 nennitie
1518 1858 1661 1915 defensare
1689 1873 1773 1914 cure·

975 1962 1045 2000 mus.
1059 1947 1185 2012 Proinde,
1197 1947 1296 2003 dilecte
1311 1947 1338 2002 in
1363 1948 1479 2004 Domino
1495 1947 1533 2003 lili
1553 1947 1771 2017 danpvsepasite,

974 2035 1028 2089 tuis
1040 2034 1124 2105 justis
1143 2035 1375 2106 postulationibus
1389 2050 1532 2092 assensum
1547 2037 1715 2108 praebentes,
1730 2051 1774 2092 ec·

975 2124 1087 2180 clesiam
1113 2125 1186 2179 Beati
1210 2125 1337 2181 Antonini
1357 2125 1491 2198 martyris,
1509 2125 1551 2182 cni
1578 2128 1636 2182 Deo
1659 2132 1774 2182 anctore

975 2220 1118 2292 praesidcs,
1135 2220 1291 2292 apostolicae
1306 2221 1378 2276 sedis
1392 2221 1536 2296 privilegio
1561 2222 1771 2279 communimus.

976 2310 1126 2366 Statuimus
1150 2309 1221 2365 enim
1246 2318 1274 2365 nt
1302 2327 1470 2382 quaecunque
1503 2310 1614 2382 ptaedia,
1639 2326 1772 2382 qnaecun·

976 2414 1028 2468 que
1057 2397 1248 2468 possessiones
1276 2407 1322 2455 sut
1337 2400 1407 2454 bona
1432 2401 1528 2454 tamin
1551 2398 1674 2455 ecclesiis
1689 2415 1772 2472 qnam

975 2488 1002 2543 in
1022 2487 1083 2542 aliis
1109 2488 1202 2552 rebus,
1225 2489 1260 2543 ab
1303 2488 1440 2560 episcopis
1463 2488 1608 2545 Placentia
1635 2487 1770 2550 ecclesiae.

976 2592 1024 2631 sen
1040 2576 1101 2631 aliis
1118 2576 1170 2632 Dei
1185 2575 1313 2633 fidelibus
1326 2576 1770 2644 etdemecetestasuntconeessa,

976 2672 1058 2729 livma
1084 2674 1133 2729 tibi
1157 2675 1265 2745 tuisque
1292 2676 1497 2731 successoribus
1520 2684 1546 2732 et
1573 2674 1679 2731 illibata
1705 2691 1771 2746 per-

975 2770 1116 2819 maneant.
1136 2763 1281 2834 inquibus
1306 2765 1365 2820 baec
1379 2763 1496 2836 propriis
1518 2764 1673 2820 nominibus
1695 2764 1773 2821 duxi·

975 2868 1036 2906 mus
1064 2852 1244 2923 exprimenda
1263 2871 1269 2908 :
1287 2853 1433 2910 ecclesiam
1457 2851 1562 2910 scilicet
1575 2854 1608 2908 tt.
1626 2852 1720 2909 liamae
1746 2851 1775 2907 in

976 2940 1098 3005 Curtinn,
1111 2957 1171 3013 qnae
1189 2957 1275 3013 prope
1293 2941 1436 2999 ecclesiam
1462 2942 1622 2998 Sanctorum
1646 2939 1776 2997 Antonini

976 3037 1003 3085 et
1015 3030 1131 3087 Victoris
1156 3040 1306 3103 martyrum
1323 3031 1374 3086 situ
1398 3038 1448 3096 cst,
1464 3046 1525 3088 oum
1542 3031 1638 3086 usibus
1661 3037 1689 3086 et
1706 3045 1776 3087 con-

978 3128 1177 3194 suetudinibus,
1195 3142 1263 3199 quas
1287 3128 1313 3183 in
1328 3128 1425 3184 eadem
1440 3128 1558 3186 ecclesia
1586 3128 1776 3202 inpraesentia-

978 3229 1037 3267 rum
1047 3212 1133 3282 justas
1148 3213 1251 3269 babere
1262 3211 1404 3277 videmini,
1419 3221 1447 3267 ut
1462 3212 1589 3269 videlicet
1607 3212 1635 3267 in
1649 3210 1777 3267 omnibus

978 3301 1070 3356 ttartae
1097 3301 1290 3357 festivitatibus
1322 3301 1429 3356 tertiam
1458 3310 1563 3372 partem
1600 3301 1776 3357 candelarum

978 3389 1113 3456 babeatis,
1130 3396 1211 3461 atque
1227 3390 1380 3445 secundum
1394 3392 1483 3446 Deum
1496 3390 1596 3447 ibidem
1620 3389 1777 3446 sacerdotes

979 3495 1006 3543 et
1020 3487 1135 3544 clericos
1152 3487 1285 3543 ordinetis
1303 3504 1310 3545 :
1327 3504 1375 3544 vos
1389 3497 1480 3544 antem
1496 3488 1522 3544 in
1538 3486 1656 3545 ecclesia
1684 3494 1777 3543 vestra

979 3575 1104 3633 canonici
1126 3576 1162 3631 ol)
1171 3576 1351 3632 reverentiam
1363 3578 1392 3634 ll.
1404 3577 1532 3634 lintonini
1546 3575 1682 3648 martyris,
1697 3576 1776 3646 cujus

980 3665 1169 3721 sacratissimo
1191 3680 1306 3736 corpore
1323 3665 1381 3736 ipse
1396 3667 1471 3722 loeus
1489 3666 1566 3738 prins
1576 3664 1676 3721 exstitit
1694 3662 1777 3720 deco·

982 3763 1064 3821 retus,
1089 3754 1116 3808 in
1144 3753 1183 3809 Β.
1211 3755 1304 3810 llariae
1319 3753 1507 3826 purificatione
1534 3755 1620 3826 ipsam
1642 3751 1778 3825 capellam

980 3845 1059 3898 annis
1075 3843 1191 3914 singulis
1218 3843 1376 3899 visitabitis.
1395 3843 1424 3898 ln
1440 3843 1572 3900 territorio
1594 3842 1713 3899 Plectnla
1732 3856 1779 3899 eo-

979 3941 1091 3998 clesiam
1108 3940 1139 3996 S.
1155 3940 1281 3996 Antonini
1296 3941 1423 4012 martyris
1446 3957 1509 3997 num
1528 3949 1602 3997 sorte
1616 3940 1735 4012 integra,
1751 3947 1779 3997 et

979 4040 1052 4103 dote,
1069 4047 1095 4093 et
1121 4054 1181 4094 cum
1198 4037 1383 4094 oblationibus
1396 4039 1477 4095 totins
1504 4038 1578 4105 anni,
1596 4038 1780 4110 quemadmo-

980 4136 1158 4193 dumebonae
1184 4135 1384 4191 recordationis
1412 4135 1545 4209 Dionysio
1574 4134 1780 4206 episcopol’la-

979 4226 1088 4283 sentino
1116 4241 1166 4296 pro
1190 4223 1308 4281 ecclesia
1330 4223 1424 4281 Sancti
1453 4224 1531 4280 vobis
1559 4223 1586 4278 in
1612 4231 1782 4280 contracam-

941 4323 1057 4412 Dbium
1073 4338 1209 4379 concessa
1236 4338 1298 4376 esse
1317 4321 1510 4392 dignoscitur:
1526 4321 1553 4375 in
1572 4336 1626 4393 qua
1650 4319 1780 4376 nimirum

982 4412 1130 4468 secundnm
1144 4412 1229 4466 Deum
1246 4410 1390 4466 ordinandi
1398 4410 1546 4465 ‘ministros
1562 4410 1647 4464 libera
1661 4409 1781 4465 sitvobia

981 4501 1109 4558 facultas.
1137 4501 1169 4555 ln
1194 4499 1343 4570 Gragnano
1370 4498 1504 4569 capellam
1517 4497 1608 4555 Sancti
1637 4497 1781 4555 llicbaelis

981 4589 1133 4646 cumomni
1149 4603 1199 4643 sna
1222 4587 1295 4655 dote,
1311 4596 1338 4644 et
1366 4588 1448 4643 totius
1462 4587 1526 4643 anni
1554 4586 1738 4643 oblationibus
1764 4601 1782 4642 a

981 4687 1131 4745 venerabili
1155 4686 1238 4742 tratre
1259 4694 1355 4741 nostro
1386 4684 1510 4741 Arduinc
1538 4684 1697 4741 Placentino
1719 4688 1782 4755 epl-

982 4792 1068 4846 scepo
1087 4775 1218 4833 Ecclesia
1247 4783 1347 4831 vestre
1375 4776 1427 4831 boc
1452 4774 1534 4829 modo
1549 4788 1723 4839 concessam,
1752 4779 1784 4828 ut

983 4876 1010 4931 in
1026 4875 1124 4932 eedem
1151 4873 1254 4946 capella
1274 4872 1394 4944 ponendi
1407 4870 1534 4940 clericos,
1559 4880 1586 4928 et
1608 4869 1782 4939 removendi,

983 4973 1018 5029 sit
1037 4973 1122 5030 libera
1151 4972 1228 5029 vobis
1243 4978 1374 5043 potestas,
1390 4969 1464 5025 etad
1479 4983 1576 5026 sacros
1589 4967 1703 5023 ordines
1715 4984 1786 5040 pm-

983 5071 1135 5127 mouendos
1160 5086 1211 5127 suo
1225 5078 1349 5140 tempore
1372 5068 1529 5124 Placentino
1550 5065 1680 5139 episcopo
1708 5082 1784 5138 prte-

984 5160 1111 5218 seotandi
1129 5179 1136 5224 ;
1153 5159 1259 5231 aplebe
1287 5173 1355 5214 vero
1377 5156 1497 5213 ’lunensi
1524 5155 1612 5226 ipsius
1635 5154 1689 5212 loci
1715 5172 1785 5227 pre·

984 5259 1080 5332 sbyter
1094 5257 1212 5314 chrisma
1227 5264 1255 5312 et
1269 5255 1361 5312 oleum
1384 5263 1507 5312 sanctum
1527 5253 1659 5324 suscipiat
1675 5270 1683 5318 ;
1699 5261 1727 5310 ct
1736 5269 1788 5310 vn·

984 5364 1060 5413 catus
1088 5354 1122 5410 sd
1138 5353 1257 5421 litanias,
1288 5360 1316 5410 et
1342 5354 1377 5408 nd
1394 5353 1560 5424 baptismum
1574 5351 1650 5419 illuc,
1674 5351 1781 5423 absque

983 5454 1200 5512 contradictione
1210 5454 1304 5526 eliqns
1328 5452 1419 5520 vadat,
1435 5450 1511 5507 salva
1532 5449 1656 5508 ecclesite
1684 5453 1785 5506 vestre

984 5553 1010 5608 itt
1023 5553 1148 5610 omnibus
1160 5552 1221 5609 aliis
1230 5551 1332 5622 justitia
1343 5559 1369 5607 ct
1382 5550 1547 5607 reverentia.
