3750 6000
92 233 166 296 tren
481 238 531 297 na
555 239 766 302 arraanuurs
790 239 822 298 a.
847 186 986 298 Martiae
1008 238 1045 296 nt
1068 237 1172 300 naun
1194 238 1399 300 suession.
1717 214 1823 298 eran

90 370 174 425 rrrnrlu
198 384 256 424 aera
285 371 497 440 concrepantia,
513 376 541 426 et
565 371 650 428 ardor
673 371 857 443 diligentium
885 375 913 426 te
929 373 953 437 Α
969 386 1037 426 suos
1052 387 1123 442 pone
1147 370 1304 428 evincebat.
1321 371 1376 426 Sed
1393 371 1460 443 quis
1475 387 1548 442 opus
1572 374 1616 427 est
1644 369 1789 426 insaniam

89 455 167 512 Deus
184 457 345 528 perrumpit
367 456 465 529 ipsum
491 458 609 528 crelam,
625 458 740 518 ducitur
762 460 797 516 ad
822 460 912 516 altars
965 459 1119 516 verborum
1135 461 1197 530 eius
1211 464 1240 516 el
1255 460 1390 517 ferociam
1403 468 1520 515 actuum
1536 458 1694 532 persequi?
1710 459 1793 515 Post-

90 561 157 600 cum
186 546 291 617 gaudio
320 545 489 602 exsultantis
518 547 662 606 Ecclesia.
680 549 801 606 Domine
830 548 911 614 lesu,
971 565 1057 618 «paam
1080 550 1152 605 satie
1176 551 1271 606 visum
1292 555 1337 606 est
1361 549 1557 619 tihi,ll0mine
1580 549 1662 615 Jesu,
1684 556 1711 603 et
1734 552 1792 603 ture

91 636 157 706 quis
170 640 239 692 trine
255 653 272 690 a
286 634 422 708 lacrymis
442 638 636 709 temperavit?
654 639 784 704 Quorum
800 642 917 710 pectora
971 646 1078 693 sancta
1098 637 1192 704 Matri,
1208 637 1335 694 cohibita
1358 642 1403 694 est
1427 637 1462 693 ab
1478 653 1511 692 eo
1526 635 1693 692 adversaria
1707 641 1794 708 pots-

91 723 135 778 vel
160 741 243 780 saxea
259 741 315 780 uon
331 727 549 797 scindebantur,
565 743 632 784 uum
649 728 786 784 videbant
809 734 838 784 te
861 726 914 782 ile·
971 733 1043 796 etas,
1060 735 1086 783 ot
1103 729 1231 782 redditus
1255 727 1281 782 si
1296 743 1402 783 sensus
1421 741 1503 793 suus,
1519 730 1548 782 ct
1572 725 1678 782 levavit
1692 723 1794 782 oculos

91 828 156 867 rum
168 814 244 868 inter
259 813 392 870 homines
407 815 670 871 deambulantem?
685 816 750 872 llaec
761 820 829 872 sunt
843 816 916 871 lssts
969 833 1040 873 suns
1054 815 1090 872 ud
1112 816 1215 872 calum
1240 821 1269 872 st
1283 815 1456 888 gloritlcavit
1471 817 1615 871 viventem
1634 815 1663 870 in
1686 813 1793 872 secula

91 901 233 957 solemnia
249 902 349 974 quella
362 904 508 960 mandasti
525 905 632 976 populo
647 911 697 961 tuo
708 905 838 961 exhiheri
850 905 913 972 tihi,
969 906 1155 973 cuculorum,
1170 907 1221 978 qui
1242 912 1345 978 potens
1366 910 1412 962 est
1425 906 1565 978 superbos
1581 903 1749 972 humilium,
1764 907 1793 960 ct

91 993 121 1048 hi
139 994 201 1049 dies
217 993 345 1049 celebres
361 994 511 1066 inquibus
526 995 585 1051 reri
605 997 773 1052 adoratores
793 997 915 1052 adurant
969 1002 1136 1068 arrogantes
1148 1014 1164 1052 s
1175 1014 1228 1053 suo
1244 998 1318 1052 tastu
1333 996 1524 1064 deducerent
1536 994 1652 1052 eosdem
1665 999 1793 1051 statuere

92 1085 204 1137 Patrem
230 1082 259 1136 ln
277 1082 380 1151 spiritu
402 1088 430 1138 et
454 1085 583 1140 veritate.
605 1084 719 1141 Gaudet
732 1101 801 1158 ergo
818 1084 915 1142 omnis
969 1091 1068 1142 contra
1084 1087 1186 1142 taciem
1202 1086 1540 1158 suaml'rocedcnssrgo
1552 1084 1676 1140 ethicsd
1689 1083 1791 1151 altare,

91 1171 218 1227 Ecclesia
230 1171 393 1243 pariterque
407 1176 473 1227 vols
488 1172 605 1229 exhibet
621 1191 673 1247 pro
683 1174 729 1230 his
740 1189 854 1247 quoque
864 1171 914 1246 qul
969 1181 1002 1231 ut
1016 1192 1078 1232 mos
1093 1180 1164 1242 erat,
1181 1192 1268 1247 quam
1284 1175 1385 1232 devote
1399 1180 1428 1231 sl
1443 1191 1532 1246 quam
1544 1172 1791 1231 humiliteretiam

91 1261 216 1316 sanandi
231 1265 330 1327 erant;
347 1260 534 1334 triumphant
549 1264 664 1335 patroni
681 1265 772 1334 pueri,
788 1280 913 1336 quorum
968 1263 1127 1334 imaginem
1144 1281 1202 1320 sua
1216 1263 1397 1320 liberationis
1413 1264 1519 1335 quihus
1533 1261 1608 1319 votis
1628 1266 1657 1317 et
1672 1261 1791 1334 suppli-

92 1350 164 1406 tides
179 1355 208 1406 el
223 1364 309 1420 opera
323 1348 488 1417 elucebant,
500 1352 812 1408 etadducnntsumad
827 1354 915 1410 abba·
969 1353 1134 1410 sationibus
1163 1352 1257 1426 potuit
1291 1353 1448 1422 honorans,
1469 1351 1495 1409 si
1523 1352 1663 1423 gaudium
1693 1350 1793 1407 lecerit

91 1438 207 1503 lissam,
223 1441 252 1492 st
266 1437 340 1493 alios
360 1438 470 1509 quibus
486 1438 579 1510 pridie
595 1445 681 1496 notus
699 1443 771 1496 erat.
968 1443 1069 1499 amicis
1087 1442 1151 1500 suis
1166 1447 1194 1498 et
1208 1442 1255 1500 his
1270 1441 1321 1515 qul
1336 1442 1377 1498 ihi
1388 1442 1549 1511 aderant,et
1563 1457 1637 1512 quos
1652 1439 1731 1497 domi
1746 1454 1791 1498 re·

215 1552 286 1609 xpp·
303 1553 339 1609 pe
350 1554 468 1610 ,nuum
482 1571 498 1610 a
513 1555 645 1612 paemonpo
660 1555 787 1613 piperum·
969 1529 1091 1602 liquerat
1107 1548 1164 1586 nou
1178 1538 1220 1586 est
1235 1547 1308 1601 opus
1323 1530 1426 1587 dicere.
1439 1529 1548 1586 Exinde
1564 1532 1596 1584 ut
1610 1528 1698 1584 homo
1714 1543 1791 1584 eom·

128 1661 200 1715 Cum
225 1676 290 1717 eccs
316 1662 441 1717 necdum
465 1678 551 1732 super
580 1663 633 1718 hcc
661 1661 798 1720 laudibus
823 1663 952 1742 flntttsg

93 1749 200 1805 mulier
210 1750 335 1821 quadam
346 1766 466 1822 pervasa
479 1768 495 1806 a
507 1751 638 1807 damone
653 1753 722 1807 dum
734 1753 780 1808 vix
796 1770 813 1809 a
828 1758 914 1825 partu

88 1839 288 1918 convaluerat,
305 1857 369 1912 qnae
384 1841 413 1896 in
429 1840 529 1897 eudem
546 1841 670 1897 ecclesia
684 1846 777 1898 Beate
789 1843 915 1916 Virginis

94 1929 306 1986 immanissime
317 1929 417 1986 lunens
428 1929 558 2001 jacuerat
568 1931 631 2001 jam
647 1948 698 2004 per
711 1933 823 2004 aliquot
837 1933 915 2002 dies;

93 2019 134 2074 ita
151 2024 181 2074 ut
201 2035 256 2090 pras
283 2019 402 2075 assidua
416 2019 566 2075 vexatione
584 2025 613 2076 et
636 2020 761 2076 infinitis
780 2021 916 2078 clamori·

93 2108 150 2164 hus
169 2110 229 2177 ¹jann
252 2107 287 2162 ad
310 2108 436 2163 omnium
454 2108 589 2163 notitiam
615 2113 643 2165 el
665 2109 916 2182 importunitatem

94 2198 294 2252 adduceretur.
311 2195 372 2251 Tali
392 2212 460 2269 ergo
482 2202 620 2269 operante
634 2197 685 2253 Ilei
710 2200 801 2267 gratia
823 2205 852 2255 et
866 2215 917 2256 so-

92 2290 229 2358 operante
247 2286 330 2342 beata
342 2291 434 2342 matre
446 2286 651 2344 misericordia
667 2287 837 2345 adremonio
849 2290 918 2345 libe·

93 2385 172 2432 ratur
194 2377 325 2448 procedit
349 2376 383 2431 sd
414 2376 504 2433 altare
521 2393 577 2433 uon
603 2393 692 2449 egens
717 2378 781 2450 opis
803 2378 916 2449 alienes,

92 2465 213 2538 culpans
228 2482 259 2521 se
274 2470 303 2521 et
317 2482 396 2521 ream
411 2465 553 2522 confitens
564 2467 640 2537 quod
653 2483 704 2539 per
720 2467 916 2540 ignorantiam

92 2573 141 2611 ore
158 2554 264 2611 furioso
279 2563 378 2610 contra
394 2553 484 2609 Deum
500 2560 528 2610 et
544 2560 667 2611 matrem
683 2557 747 2628 ejus
758 2555 916 2628 gloriosam

93 2645 184 2700 mults
199 2649 228 2699 et
243 2643 352 2698 dixerat
366 2648 395 2698 et
413 2643 528 2710 lecerat,
545 2645 798 2716 congaudentibus
814 2647 917 2703 amicis

91 2739 119 2787 et
135 2734 179 2803 pis
194 2730 478 2803 collacrymantibus.
490 2730 572 2788 Tunc
586 2748 655 2804 ergo
672 2732 736 2789 fidei
757 2734 868 2791 viribus
889 2739 918 2791 st

91 2822 243 2878 charitatis
271 2823 397 2877 necdum
429 2822 655 2894 tepescentibus,
679 2824 782 2880 iterata
810 2825 913 2882 divina

968 1619 1109 1694 positast
1129 1637 1206 1676 sana
1226 1619 1331 1676 mentis
1346 1635 1376 1676 ss
1400 1618 1512 1675 habens
1536 1623 1564 1675 et
1584 1618 1744 1690 prudenter
1758 1631 1789 1674 ss

967 1725 1080 1782 gerens,
1098 1724 1219 1765 ascenso
1234 1725 1319 1780 equo,
1336 1724 1401 1765 cum
1412 1706 1518 1779 hisqui
1534 1723 1601 1763 eum
1616 1706 1791 1763 reduxerant

891 1844 896 1855 .
968 1797 1005 1854 ad
1026 1798 1149 1870 patriam
1166 1798 1338 1870 regreditur,
1354 1805 1381 1853 st
1401 1794 1619 1869 compossnimi
1635 1795 1729 1851 lactus
1743 1811 1791 1853 ss-

969 1888 1026 1943 mel
1050 1891 1079 1943 et
1101 1887 1225 1960 perlecta
1251 1887 1381 1943 redditus
1405 1891 1448 1942 cst
1473 1885 1564 1955 uxori,
1585 1889 1613 1942 el
1633 1884 1792 1942 lamilireot

894 2023 899 2034 .
968 1975 1244 2032 aminisdolentibus
1254 1980 1282 2032 et
1292 1975 1459 2048 lugentibus
1470 1974 1552 2031 illum
1567 1978 1615 2032 :ct
1626 1990 1682 2030 non
1694 1972 1791 2029 solum

969 2066 1126 2122 Suessione
1143 2066 1191 2121 uhi
1207 2065 1335 2136 primurn
1351 2064 1400 2120 lux
1421 2073 1483 2121 orta
1495 2067 1539 2121 est
1562 2061 1588 2120 ei
1607 2061 1722 2130 letitie,
1740 2061 1790 2119 sed

969 2158 997 2210 et
1017 2154 1045 2208 in
1063 2153 1194 2225 partibus
1211 2153 1269 2209 illis
1285 2153 1401 2210 redditae
1413 2153 1549 2209 suntlleo
1567 2151 1668 2207 landes
1682 2154 1710 2206 et
1721 2166 1789 2207 cum

970 2243 1075 2316 gaudio
1096 2248 1176 2299 tanto
1191 2241 1332 2299 celebrata
1348 2247 1391 2298 est
1414 2242 1478 2313 ejus
1502 2239 1623 2306 sanitas,
1640 2240 1722 2310 quasi
1744 2253 1791 2294 rs·

970 2334 1044 2389 duce
1060 2334 1116 2389 vita
1131 2349 1165 2389 ex
1182 2333 1314 2401 mortuis,
1330 2331 1366 2388 oh
1383 2347 1511 2387 eruorem
1528 2328 1689 2402 etgloriam
1701 2328 1792 2385 Deist

971 2423 1156 2479 reverentiam
1169 2427 1197 2477 et
1208 2422 1346 2478 honorem
1358 2423 1449 2476 beatas
1461 2425 1488 2476 et
1498 2418 1629 2491 gloriosa
1640 2417 1690 2474 Dei
1701 2421 1729 2473 ct
1739 2416 1792 2472 Do·

971 2509 1043 2564 mini
1061 2508 1151 2564 nestri
1167 2507 1321 2562 Genitricis
1337 2523 1370 2561 ac
1387 2510 1532 2577 perpetua
1552 2504 1672 2576 virginis
1682 2501 1790 2558 Merite.

970 2608 1067 2663 Xl'lll.
1081 2608 1116 2661 lle
1132 2603 1456 2732 otcrrnalitrusMredvetts
1470 2603 1507 2658 nd
1526 2604 1600 2658 niem
1619 2617 1666 2673 per
1683 2600 1792 2656 beclem

1341 2692 1444 2732 crecta.

1007 2781 1048 2836 Ob
1064 2781 1124 2836 hac
1139 2784 1168 2835 et
1182 2779 1240 2836 ulia
1250 2778 1436 2835 celeberrima
1446 2774 1497 2832 llei
1507 2773 1612 2832 Christi
1623 2778 1651 2829 et
1665 2771 1792 2844 Virginis

969 2868 1070 2926 matris
1084 2867 1221 2940 vulgante
1245 2867 1331 2934 lama,
1349 2864 1489 2923 miracula
1513 2877 1674 2921 concursus
1690 2864 1718 2917 sl
1741 2876 1790 2917 oc-

90 2912 190 2985 ΨΜ
201 2911 363 2968 hemmam
374 2911 467 2967 musa
477 2912 527 2968 dat
537 2912 782 2984 mmmmm
794 2914 914 2987 gandi&
968 2975 1073 3016 cursus
1088 2958 1205 3015 diversae
1220 2955 1312 3013 atatis
1330 2958 1480 3028 utriusqus
1492 2952 1793 3022 sexus‚diversascon·

968 3047 1087 3104 ditionis
1113 3046 1198 3120 longe
1220 3046 1334 3118 lateque
1349 3045 1385 3102 ad
1410 3043 1510 3101 urhsm
1536 3042 1740 3100 suessonicam
1755 3039 1791 3097 oh

969 3153 1097 3193 amorem
1123 3140 1151 3192 et
1174 3134 1308 3206 pictatem
1329 3132 1455 3206 Virginis
1474 3136 1580 3188 sancte
1596 3130 1692 3187 tiebat.
1709 3129 1793 3187 Tunc

244 3207 330 3263 XVII·
348 3206 503 3277 Dellllfffit
517 3207 603 3265 divite
616 3209 756 3266 Doncerrsi.
969 3231 998 3283 st
1016 3225 1101 3283 exciti
1121 3223 1255 3281 homines
1274 3231 1303 3279 et
1323 3223 1436 3278 lemine
1455 3223 1489 3277 ds
1510 3219 1661 3276 montibus
1675 3217 1705 3274 in
1720 3217 1793 3275 Hai-

126 3317 265 3373 Preaterea
283 3331 318 3371 ex
342 3323 436 3370 castro
452 3314 529 3386 quod
546 3314 654 3370 dicitur
668 3315 782 3372 boscus
798 3317 914 3390 (Densi)
968 3334 1051 3385 usco,
1067 3332 1159 3390 usque
1172 3318 1208 3372 ad
1221 3314 1325 3388 viginti
1344 3313 1474 3386 quinque
1489 3327 1621 3380 numero,
1636 3309 1792 3382 carpebant

88 3423 190 3464 versus
207 3422 312 3478 pagum
332 3405 564 3473 attrebatensem,
582 3406 702 3478 quidam
718 3405 844 3464 furiosus
860 3425 911 3464 no·
969 3411 1033 3478 iter,
1048 3409 1126 3481 quod
1146 3406 1224 3463 ducit
1244 3406 1279 3462 ad
1305 3405 1441 3462 Sanctum
1457 3402 1640 3470 Quintinnm.
1657 3401 1791 3474 Dumque

89 3498 167 3553 mine
188 3495 335 3552 Guarinus
360 3492 502 3549 adductus
517 3499 563 3550 cst
585 3493 690 3550 vinctis
715 3500 833 3568 atergo
850 3515 913 3554 ma·
968 3502 1130 3571 propinqus
1153 3496 1396 3566 accelerantium
1420 3498 1514 3562 nocte,
1538 3492 1615 3548 viam
1640 3491 1729 3548 timor
1748 3489 1791 3547 la·

89 3587 184 3652 nibus,
201 3584 276 3640 colla
292 3585 365 3640 terro
377 3587 406 3639 et
418 3589 520 3640 catena
534 3582 655 3639 immani
670 3583 910 3658 alligatus,qurm
967 3595 1086 3646 tronum
1102 3587 1243 3659 cogitans
1262 3585 1410 3651 festinare,
1427 3581 1497 3655 quia
1519 3582 1597 3652 regio
1620 3581 1672 3638 illa
1687 3585 1790 3652 rapto-

88 3679 133 3732 le
149 3676 279 3748 quinque
304 3673 437 3729 homines
454 3671 568 3728 trahere
583 3677 726 3743 poterant,
742 3691 911 3748 quanquam
969 3678 1049 3734 ribus
1064 3677 1248 3749 expositaest
1264 3692 1270 3743 ;
1287 3672 1506 3729 deveneruntin
1517 3671 1675 3743 quamdam
1686 3669 1792 3727 silvam

89 3768 117 3820 et
138 3763 258 3835 llagellis
284 3765 313 3817 et
328 3760 495 3817 verberibus
510 3775 579 3817 eum
608 3758 835 3833 compellerent3
852 3767 915 3820 erat
969 3767 1020 3822 ubi
1032 3767 1092 3836 jam
1104 3781 1138 3821 ex
1157 3761 1500 3835 prasentiadensissima
1512 3759 1605 3814 noctis
1617 3758 1792 3830 etlgnoran·

89 3853 167 3910 enim
189 3851 290 3924 plenus
308 3850 420 3906 viribus
436 3853 496 3906 tarn
512 3850 642 3923 corporis
671 3866 759 3922 quarn
786 3853 913 3909 robustae
968 3857 1007 3910 tia
1022 3854 1133 3910 viarum
1149 3852 1204 3908 iter
1227 3854 1340 3907 rectum
1366 3849 1565 3921 perdiderunt,
1581 3852 1609 3903 et
1623 3846 1793 3905 oberrantes

88 3942 176 3999 aetatis
199 3949 226 3997 ct
241 3940 319 3996 dives
343 3939 442 4007 homo,
458 3938 579 3995 undeet
601 3938 656 3996 hoo
676 3938 850 3997 miraculum
866 3942 914 3998 sui
969 3959 1027 4001 nnn
1042 3942 1138 3999 solnm
1155 3939 1313 4013 hospitium
1330 3938 1405 4010 quod
1416 3936 1561 3993 maturius
1575 3936 1793 4010 apprehendere

89 4032 191 4088 notitia
215 4029 300 4085 celari
317 4043 374 4084 nun
405 4029 524 4100 patitur.
545 4029 723 4101 Quocunque
736 4046 805 4086 vero
828 4046 914 4087 occa·
969 4050 1000 4090 se
1016 4031 1183 4105 sperabant,
1201 4029 1250 4085 sed
1267 4042 1319 4084 nee
1338 4025 1542 4082 certitudinem
1567 4024 1725 4096 cujuslibet
1740 4028 1792 4081 sut

87 4121 170 4178 sione
185 4120 312 4176 diabolus
334 4122 506 4190 potestatem
523 4116 552 4173 in
575 4133 643 4173 eum
665 4119 835 4189 accepisset,
852 4119 913 4178 slve
969 4129 1061 4179 status
1085 4124 1134 4176 aut
1155 4133 1329 4191 progressus
1353 4118 1521 4172 tenuerunt.
1538 4115 1628 4170 lirant
1642 4129 1709 4185 ergo
1723 4130 1792 4170 con·

88 4228 122 4268 ex
141 4212 193 4279 ira,
213 4209 274 4265 sive
292 4224 327 4264 ex
353 4206 453 4263 dolore
475 4208 605 4279 pecunia
631 4206 688 4263 sihi
711 4207 864 4278 fraudatas,
882 4213 914 4266 ut
968 4208 1089 4269 sternati
1109 4223 1222 4273 omncs,
1239 4203 1378 4262 nimirum
1395 4203 1464 4276 quis
1479 4219 1513 4258 ex
1534 4202 1620 4272 longe
1636 4201 1720 4256 dista
1736 4217 1792 4257 us·

88 4301 205 4372 quidam
226 4300 320 4365 alunt,
342 4313 401 4354 non
427 4297 500 4353 setis
526 4305 707 4367 compertum
733 4296 912 4369 habuimus;
968 4315 1025 4372 que
1048 4299 1078 4354 in
1108 4302 1223 4354 noctem
1246 4302 1365 4352 extensa
1380 4291 1502 4365 fatigati,
1519 4295 1547 4347 et
1569 4291 1729 4362 plurimum
1746 4290 1792 4346 le-

88 4390 204 4450 insania
224 4403 291 4443 vero
315 4387 388 4456 ejus,
405 4390 433 4442 st
457 4391 635 4459 qnaepostes
650 4386 840 4459 pergratiam
864 4387 913 4445 llsi
972 4388 1067 4456 minae,
1084 4391 1113 4444 et
1127 4403 1161 4442 ex
1171 4384 1339 4458 fatigatione
1349 4390 1376 4439 et
1390 4381 1477 4438 taedio
1493 4377 1792 4452 conterebanturspi·

88 4481 244 4533 consecuta
259 4480 304 4532 est
318 4478 430 4532 sanitas
445 4474 634 4532 celeberrima
644 4475 806 4544 esthabita,
823 4479 915 4535 susti·
970 4477 1044 4535 ritus
1058 4493 1157 4534 eorum
1170 4476 1199 4532 in
1209 4473 1384 4544 semetipsis.
1402 4473 1433 4527 ln
1450 4468 1546 4540 aliquo
1557 4468 1646 4543 igitur
1656 4468 1791 4525 trutinato

88 4565 236 4621 nuiteum
261 4565 339 4622 Deus
365 4566 508 4621 furentem
526 4564 556 4620 in
580 4563 704 4621 ccclesia
733 4581 784 4638 par
805 4565 915 4639 aliquot
968 4559 1334 4630 lassiconssdersnt,aliis
1354 4559 1453 4617 omnia
1477 4558 1647 4615 timentibus
1661 4574 1724 4631 ques
1737 4574 1789 4629 pc·

88 4655 150 4712 dies
166 4655 201 4711 ad
223 4654 355 4711 omnium
380 4653 582 4726 spectaculum
600 4655 708 4724 jecere,
725 4654 786 4711 sive
802 4659 834 4711 ut
850 4661 915 4728 post
967 4660 1063 4712 terant
1079 4653 1219 4719 accidere,
1234 4660 1262 4708 et
1276 4649 1343 4706 aliis
1358 4648 1527 4706 tortioribus
1551 4652 1580 4704 et
1594 4645 1790 4720 vegetioribus

87 4749 233 4816 receptam
248 4744 402 4799 sanitatem
423 4744 531 4814 pudore
553 4743 791 4815 contunderetur,
806 4745 867 4801 sive
883 4751 915 4802 ut
966 4742 1024 4798 huc
1048 4740 1177 4811 illucque
1202 4736 1256 4794 iter
1284 4737 1426 4792 amissum
1449 4733 1708 4806 perlustrantibus,
1721 4747 1789 4788 cum

89 4836 214 4891 traditus
239 4833 353 4890 Satans
375 4847 428 4903 pro
455 4829 581 4904 peccatis
610 4832 673 4888 suis
698 4848 799 4905 poeues
820 4834 913 4905 daret,
967 4829 1121 4888 eecehnud
1139 4827 1222 4899 lenge
1237 4825 1385 4895 abeoquo
1400 4820 1790 4888 substiterantlooo,vident

86 4931 233 5000 quatenus
248 4925 318 4980 dum
335 4908 376 4978 ad'
393 4930 491 4978 votum
519 4937 607 4978 sunm
636 4923 819 4978 sdversarius
846 4939 914 4983 sum
966 4920 1122 4976 candorem
1134 4914 1274 4973 claritatis
1285 4909 1622 4981 immensae,etobnoctls
1634 4909 1787 4983 caliginem

88 5017 244 5086 torqueret,
260 5010 359 5067 habita
375 5011 576 5067 satisfactione
593 5009 710 5066 facilius
734 5025 802 5067 eum
826 5013 915 5069 amit·
967 5008 1058 5065 multo
1078 5005 1205 5080 amplius
1218 5002 1384 5072 notabilem,
1396 5002 1553 5075 plurimum
1564 5003 1660 5056 tamen
1671 4998 1788 5056 blandi-

87 5109 171 5167 tsret,
188 5103 247 5157 sive
267 5106 300 5157 ut
315 5099 387 5157 dum
413 5100 580 5156 amaritudo
597 5098 767 5157 inamabilis
790 5099 912 5158 visionis
966 5096 1057 5153 menti
1073 5093 1168 5164 magis
1179 5107 1268 5165 quam
1284 5090 1413 5148 horroris
1429 5088 1624 5164 pollicentem.
1638 5086 1711 5143 latin
1728 5104 1785 5145 vue-

87 5193 116 5247 in
132 5191 223 5247 oculis
238 5190 372 5247 omnium
390 5190 584 5261 protenditur,
600 5190 717 5245 dulcior
727 5194 805 5247 esset
819 5195 848 5248 et
863 5208 913 5247 uo·
966 5185 1012 5242 din
1027 5182 1192 5256 splendoris
1205 5181 1285 5237 illius
1300 5182 1452 5237 intuentur
1467 5179 1550 5250 quasi
1569 5177 1728 5248 imaginem
1744 5177 1784 5232 ls-

87 5280 143 5335 tior
164 5281 258 5348 gratis
278 5277 460 5334 liberationis
484 5282 637 5351 prorogata
652 5298 660 5347 ;
678 5282 753 5335 Deus
769 5279 911 5337 celebrius
964 5275 1091 5332 minsam
1107 5271 1213 5345 speciei
1227 5270 1380 5343 Virgines,
1393 5270 1476 5341 cujus
1491 5268 1567 5324 nivei
1579 5268 1689 5324 candor
1703 5266 1787 5322 indu-

86 5367 274 5440 glorificetur.
299 5368 349 5422 llio
373 5382 442 5439 ergo
470 5372 573 5423 catena
597 5366 758 5438 majoribus
782 5368 910 5425 ecclesias
965 5355 1785 5434 menti,stlnlgordivinaeetcoelestislaeieidiscriminatae

87 5457 215 5514 scamnis
230 5459 342 5521 altinus,
355 5461 384 5512 et
399 5457 568 5525 reniteant
578 5456 909 5532 dictumest,alllgatus;
963 5464 993 5513 at
1020 5451 1201 5510 obumbratas
1226 5464 1280 5505 suo
1304 5447 1412 5504 intuitu
1443 5446 1696 5518 claritatemque
1719 5444 1784 5501 oltl·

86 5556 183 5603 tnrnen
208 5548 235 5600 et
260 5560 380 5600 scamna
409 5559 537 5616 persaepe
565 5543 700 5601 trahebat
724 5549 752 5601 et
775 5547 910 5603 custodes
962 5546 1041 5603 cisso
1064 5538 1204 5612 obsequio
1229 5536 1374 5593 ambiebat
1397 5553 1461 5593 eam
1485 5534 1593 5592 hahere
1620 5534 1783 5590 videbatur.

90 3019 151 3059 rum
172 3007 202 3059 et
220 3002 310 3059 totius
329 3018 418 3058 sacras
434 3001 528 3058 noctis
550 3003 679 3059 excubiis
705 3005 738 3060 tlt
753 3007 838 3077 quasi
855 2989 949 3063 nnec

89 3091 253 3163 respublica
268 3107 301 3148 ex
318 3091 468 3148 conventis
483 3091 594 3162 angelis
609 3096 638 3148 et
658 3091 839 3151 hominibus.
