3772 6006
56 298 136 359 1557
529 291 580 354 nl
602 286 737 353 unsns
758 285 915 350 PONTlll.
938 285 1054 347 ANGL.
1077 318 1117 333 -
1139 286 1212 350 nis.
1236 285 1288 349 Ilf.
1684 296 1764 361 1358

54 450 145 508 agens
160 432 252 490 lilium
275 430 439 488 exanimem
455 428 697 486 catechizandum
713 423 881 497 praebuit,
897 423 925 490 Α
940 437 1104 480 verounum
1117 422 1259 494 poculum
1270 423 1440 484 exhausisse
1452 427 1618 501 percelebre
1626 430 1766 489 cstPre·

54 527 178 581 mortens
190 519 390 586 dissimulans,
399 520 545 591 lacrymas
557 516 721 584 resorbens,
730 513 882 573 eradebat·
932 517 1011 572 terea
1024 514 1105 572 mitis
1115 518 1144 572 et
1158 513 1285 571 alfabilis
1295 514 1446 586 omnibus,
1458 531 1509 574 eos
1519 518 1550 575 ln
1560 521 1684 592 gratiam
1696 521 1766 578 alfl-

53 630 112 686 que
127 613 247 685 integre,
264 611 340 683 quod
357 609 411 666 boc
427 615 591 666 commento
616 613 711 679 posset
730 604 821 661 vitam
838 619 881 659 re·
936 603 1041 662 ciebat.
1059 605 1184 676 Ideoque
1211 604 1331 662 abbates
1348 610 1378 662 et
1398 605 1554 664 abbatisse
1574 610 1619 665 vel
1636 611 1766 670 viventes

55 719 181 761 sumere.
194 703 248 758 Sed
261 700 339 758 enim
352 699 475 755 antistes
486 696 648 753 obvelatum
661 695 762 751 faciem
775 691 883 767 pusioli
938 711 1057 751 suerum
1082 710 1177 751 rerum
1202 694 1371 765 Dominum,
1386 696 1431 753 vel
1448 696 1607 756 morientes
1623 699 1764 758 heredem

56 781 880 860 cumretexisset,utexsaquercturoilicium,animapri·
936 783 1141 841 instituebant.
1166 784 1303 842 Procerus
1332 784 1408 842 filios
1432 802 1503 843 snos
1527 786 1570 844 illi
1596 790 1764 847 educandos

54 887 156 939 vatum
179 880 313 949 aduertit,
335 885 395 935 turn
412 878 525 945 mulier,
542 894 605 949 quae
621 890 756 932 successu
772 874 883 930 fraudis
937 873 1169 943 committebant,
1193 889 1259 932 cum
1290 875 1489 933 adolevissent
1516 877 1692 936 militaturos
1719 878 1764 937 rel

55 973 211 1039 exciderat,
231 970 267 1027 ad
283 986 382 1042 preces
397 984 536 1025 conversa
551 982 634 1023 orara
649 982 700 1038 per
714 964 815 1030 Deum,
832 978 883 1034 per
937 963 1059 1019 Domino
1075 962 1119 1019 vel
1135 962 1249 1032 seculo,
1266 963 1334 1021 binc
1349 964 1423 1022 livor
1436 964 1537 1023 infelix
1551 966 1762 1042 firmenburge

56 1059 223 1130 matrem,si
235 1076 291 1132 qua
302 1058 484 1129 lides‚siqua
495 1056 599 1128 pietas,
615 1058 648 1111 ut
662 1055 799 1110 excitaret
817 1067 883 1108 exa·
937 1052 1043 1125 reginae
1063 1058 1091 1109 et
1107 1055 1301 1124 quorumdam
1325 1054 1485 1112 satellitum
1507 1056 1615 1114 afflavit
1636 1062 1763 1130 pectora,

56 1141 886 1219 nimam,simulvestigiisadvolutariolentiamquamdam
938 1141 988 1214 qui
1004 1145 1102 1198 tantas
1116 1142 1230 1198 divitias
1244 1141 1380 1200 Wilfrido
1395 1143 1570 1203 inviderent.
1587 1145 1663 1203 Dum
1684 1149 1764 1205 enim

55 1236 441 1309 facere,locopenitusnon
459 1230 881 1302 moveri,lluctuabatinterim
938 1230 1111 1287 beatissima
1137 1230 1322 1288 Etheldritbu
1357 1232 1539 1305 specietenus
1576 1234 1765 1293 famularetur

54 1325 233 1383 sanctissimi
245 1324 373 1383 bominis
384 1323 539 1386 sententia,
551 1339 587 1378 an
599 1319 771 1378 temerarius
782 1320 882 1376 inene-
937 1319 1016 1392 regio
1037 1319 1138 1391 cubili,
1155 1319 1205 1377 illa
1226 1320 1366 1377 maritum
1391 1322 1563 1380 beatissimo
1587 1323 1764 1383 conciliabat

57 1418 117 1471 turn
133 1413 309 1471 miraculum
324 1418 487 1481 attentaret,
504 1430 540 1468 an
564 1413 652 1468 duras
674 1411 819 1482 lacrymas
835 1426 881 1465 or·
937 1409 1071 1479 antistiti,
1084 1410 1109 1467 si
1125 1408 1194 1481 quid
1211 1413 1313 1466 contra
1328 1416 1542 1482 susurraretur,
1554 1411 1679 1471 sanitate
1695 1429 1764 1470 con·

58 1503 132 1559 bata
148 1503 278 1560 mulieris
304 1503 474 1574 despiceret.
491 1501 547 1557 Sed
570 1500 639 1557 vicit
663 1500 757 1572 pietas
781 1506 884 1571 pectus
937 1497 996 1554 ailii
1012 1497 1166 1555 deliniens.
1184 1498 1376 1572 Ipsequoque
1402 1501 1471 1558 dum
1496 1501 1592 1573 gratia
1616 1501 1763 1574 pontificis

10 1618 27 1659 ,·
54 1594 182 1661 virtutis,
201 1608 353 1665 paucaque
375 1591 540 1648 divinorum
557 1590 743 1648 Psalmorum
758 1586 836 1645 inira
851 1604 882 1644 se
937 1587 1089 1656 niteretur,
1106 1589 1192 1645 rebus
1207 1588 1283 1645 bello
1298 1596 1325 1645 et
1340 1589 1419 1647 domi
1435 1605 1469 1646 ex
1484 1589 1634 1648 voluntate
1648 1591 1763 1648 liuenti·

23 1700 27 1721 ⁵
55 1682 296 1751 immurmurans,
309 1683 435 1754 indeque
445 1683 573 1738 dextram
585 1680 719 1736 cadaveri
731 1695 881 1752 apponens
936 1675 993 1733 bus
1008 1677 1168 1734 fruebatur.
1184 1677 1241 1734 Sed
1268 1682 1424 1751 postquam
1441 1695 1515 1737 nova
1529 1683 1620 1751 nupta
1645 1679 1766 1738 intravit

54 1772 184 1828 animam
200 1771 314 1826 induxit
330 1770 523 1842 corpusculo:
541 1769 694 1825 confestim
712 1768 790 1824 enim
806 1766 882 1823 osci·
896 1739 921 1806 Β
937 1765 1110 1836 triclinium,
1126 1784 1181 1838 pax
1196 1770 1283 1840 rupta
1296 1768 1443 1840 pontificis
1457 1768 1581 1836 evanuit,
1598 1768 1765 1842 domusque

17 1924 25 1931 ,
55 1864 133 1930 tans,
148 1865 176 1918 et
190 1860 277 1918 alacri
292 1861 496 1933 palpebrarum
514 1858 882 1930 motutotiusquecorpu-
938 1857 1014 1928 regis
1028 1857 1169 1929 paulatim
1184 1856 1351 1927 immutata,
1363 1858 1466 1915 ultimo
1482 1859 1632 1917 decubuit.
1649 1860 1763 1917 Conlle-

15 1944 21 1955 “
54 1950 128 2008 sculi
144 1950 209 2007 nisu
226 1967 257 2006 se
273 1951 410 2006 revixisse
426 1952 548 2006 testatus
560 1954 613 2004 est.
626 1948 776 2004 Exclamat
788 1951 882 2003 mater
936 1944 977 2000 vit
991 1960 1058 2017 crgo
1069 1946 1200 2017 pontifici
1211 1948 1311 2020 regina
1321 1948 1472 2017 insidiam,
1481 1949 1559 2021 quod
1572 1953 1615 2006 tut
1626 1948 1758 2015 abbates,

56 2039 85 2096 in
102 2041 253 2111 gandium,
265 2040 315 2095 sed
327 2039 363 2094 ab
378 2040 513 2112 episcopo
524 2041 645 2095 coercita
657 2038 751 2107 siluit,
762 2040 881 2093 vocatus
935 2037 979 2090 tot
993 2034 1125 2091 abbatias
1140 2035 1257 2093 baberet
1270 2057 1277 2107 3
1290 2039 1367 2109 quod
1383 2037 1481 2096 aureis
1491 2042 1520 2094 et
1530 2039 1675 2110 argenteis
1686 2038 1764 2096 vasis
1879 2042 1883 2049 '

10 2120 19 2141 ¹
57 2134 101 2187 est
116 2147 188 2202 puer
203 2128 414 2196 Eibelwaldus,
427 2134 454 2185 et
466 2129 495 2184 in
507 2128 588 2200 Ripis
604 2133 703 2200 postea
719 2127 881 2184 monachus
935 2123 991 2181 sibi
1007 2124 1167 2182 ministrari
1193 2126 1318 2183 faceret:
1335 2129 1413 2200 quod
1439 2127 1580 2186 clientum
1602 2127 1699 2199 turba,
1716 2127 1764 2185 ni-

10 2288 14 2297 ·
57 2221 161 2281 factus.
174 2219 383 2277 miraculorum
399 2218 527 2274 wilfridi
541 2235 598 2274 non
616 2219 675 2273 leve
691 2221 882 2291 augmentum
935 2218 996 2272 tore
1011 2215 1137 2272 vestium
1153 2216 1336 2289 superbiens,
1351 2216 1433 2274 illius
1447 2217 1526 2275 latus
1542 2217 1760 2276 obambularet

54 2310 284 2383 [argumentum]
300 2308 459 2366 videbatur.
476 2329 490 2357 u
935 2304 1071 2362 Cucurrit
1080 2322 1148 2380 ergo
1163 2310 1224 2363 tam
1238 2306 1383 2365 invidiosa
1399 2306 1500 2365 relatio
1516 2308 1552 2365 ad
1566 2307 1765 2381 archiepisco·
1879 2348 1883 2355 -

11 2394 14 2399 '
90 2396 191 2454 Simila
206 2397 276 2453 buic
292 2396 467 2453 miraculum
483 2397 560 2468 apud
577 2395 813 2469 llenglasteldem
830 2396 881 2468 [ct.
937 2411 1006 2467 pum
1030 2398 1266 2453 cantuariensem
1290 2397 1530 2456 Theodoramls
1551 2414 1609 2455 non
1632 2400 1764 2455 moratus

15 2542 18 2547 ,
55 2485 504 2558 Hengsteldebeim]illislerme
524 2485 627 2542 diebus
650 2485 822 2543 exhibuit«
839 2486 881 2542 lbi
936 2487 987 2542 sed
1011 2487 1164 2545 xeniorum
1188 2489 1307 2544 obtentu
1329 2488 1459 2560 vigorem
1488 2490 1580 2546 animi
1610 2504 1763 2554 enervans,

10 2556 22 2615 ἵ·
55 2577 119 2646 ejus
134 2574 302 2646 sumptibus
314 2575 343 2629 in
354 2574 447 2630 altum
460 2574 598 2647 surgebat
609 2573 740 2639 ecclesia,
752 2589 785 2632 ex
796 2574 882 2645 cujus
937 2573 1101 2631 inconsulto
1113 2575 1247 2631 Willrido
1257 2580 1316 2633 tres
1327 2575 1447 2634 alterins
1462 2576 1591 2649 regionis
1608 2576 1763 2651 episcopus

10 2648 22 2725 ⁵1
55 2664 172 2720 fabricae
183 2664 355 2721 summitate
367 2664 679 2736 monachusdslspsus
691 2663 882 2721 totisossibus
937 2664 966 2719 in
992 2663 1056 2734 ejus
1086 2665 1235 2722 diaecesim
1265 2664 1435 2723 introduxit.
1464 2665 1689 2724 Pretendebant
1712 2666 1762 2737 [of.

55 2754 233 2812 dilaceratus
244 2760 298 2811 est.
314 2756 383 2811 lade
394 2759 523 2828 portatus
535 2755 563 2809 in
575 2753 746 2823 oratorium,
758 2754 882 2811 dubium
937 2753 1145 2827 praetendebat]
1170 2757 1268 2811 tamen
1290 2771 1409 2812 causam
1421 2755 1556 2827 justitias,
1574 2761 1606 2812 ut
1621 2754 1690 2812 iude
1703 2759 1763 2813 tres

10 2828 14 2863 ἱ
55 2843 237 2900 intuentibus
250 2844 384 2912 iaciebat,
397 2850 495 2900 utrum
507 2844 625 2900 omnino
636 2843 780 2901 exanimis
795 2848 881 2914 esset,
937 2841 1081 2899 alerentur
1101 2842 1241 2916 episcopi,
1259 2845 1337 2902 unde
1361 2861 1437 2901 unus
1461 2844 1612 2901 tumebat:
1628 2844 1763 2902 sulticere

55 2933 102 2991 oni
127 2950 220 3006 noque
238 2951 292 2991 vox
317 2950 410 3007 nequo
434 2952 540 2991 sensus
564 2934 686 2992 inesset.
703 2935 737 2991 st
753 2934 882 3007 pontifex
937 2935 1033 2989 tantos
1049 2942 1185 3006 sumptus
1200 2938 1345 3006 tantaeque
1360 2934 1496 2992 diaecesis
1518 2932 1674 2991 circuitum
1689 2950 1764 3008 que·
1866 2976 1869 2981 -

54 3020 192 3094 lacrymis
214 3021 327 3078 infusus
351 3021 463 3089 oculos,
481 3023 639 3081 monachos
661 3023 697 3079 ud
718 3023 879 3080 orationem
937 3025 1004 3080 tuor
1018 3024 1174 3095 episcopis.
1191 3024 1227 3080 nt
1241 3024 1302 3080 bec
1326 3024 1444 3095 quidem
1461 3030 1538 3081 recte
1553 3023 1630 3081 dicta
1645 3031 1765 3097 possent

54 3115 148 3181 vocat,
166 3111 307 3178 bortatur,
325 3116 357 3169 ut
380 3114 447 3169 fidei
469 3113 608 3170 desidiam
633 3112 790 3182 excutient,
807 3112 881 3169 nihil
937 3111 1039 3180 videri,
1050 3112 1072 3167 si
1088 3129 1154 3169 eum
1170 3112 1220 3185 qui
1237 3130 1289 3170 sua
1304 3113 1450 3171 industria
1464 3114 1564 3171 omnia
1577 3113 1764 3186 conquisiue-

54 3201 241 3256 credentibus
257 3201 375 3257 difficile
392 3203 459 3258 lore.
472 3202 570 3257 Oratio
586 3218 652 3275 ergo
668 3202 697 3258 iu
714 3203 807 3259 altum
824 3217 881 3259 nno
936 3204 991 3269 rat,
1006 3200 1051 3258 vel
1066 3218 1124 3258 non
1140 3201 1260 3258 omnino
1275 3201 1433 3275 spoliatum
1444 3202 1592 3273 dejiceret,
1603 3200 1647 3259 vel
1658 3199 1763 3259 saltem
1875 3246 1878 3250 .

55 3288 216 3361 porrigitur
239 3304 298 3358 ore,
316 3289 515 3347 misericordia
528 3307 544 3346 e
559 3291 632 3348 caelo
654 3291 823 3359 extrahitur,
839 3307 882 3348 re·
938 3305 1005 3345 oum
1019 3305 1164 3347 consensu
1180 3290 1244 3361 ejus
1260 3294 1368 3363 ageret.
1385 3294 1442 3347 Nec
1457 3288 1545 3346 celari
1561 3288 1653 3360 potuit
1667 3288 1764 3346 mani·

55 3376 148 3448 spirat
159 3376 333 3445 monachus,
344 3377 481 3434 sanitatis
492 3377 749 3448 speraturindoles
760 3378 882 3435 aviden·
938 3379 1096 3435 festissima
1119 3380 1267 3447 violentia,
1285 3395 1349 3436 cum
1367 3379 1429 3452 ipse
1444 3395 1496 3452 pro
1511 3377 1652 3435 tribunall
1665 3393 1762 3451 regem

55 3465 145 3531 tibus,
162 3464 268 3536 ligatur
283 3465 395 3521 ossium
411 3467 547 3535 fractura,
564 3466 740 3524 convalescit
760 3471 883 3537 egrotus
938 3469 1056 3538 adisset,
1068 3471 1367 3541 injuriarumcausam
1379 3467 1661 3541 expostulans.Nibil
1672 3468 1762 3539 enim,

56 3569 124 3609 cum
139 3553 241 3624 gratia.
258 3576 272 3604 a
289 3554 347 3610 Nec
372 3553 470 3611 miuus
490 3572 539 3611 rex
553 3556 687 3628 Egiridus
710 3572 761 3612 suu
785 3557 884 3612 deerat
938 3557 1081 3627 dixerunt,
1094 3560 1147 3615 tibi
1166 3565 1264 3616 reatus
1278 3558 1464 3632 opponimus,
1480 3560 1530 3615 sed
1551 3559 1628 3631 quod
1653 3557 1764 3615 constl·

57 3644 152 3700 officio
167 3660 291 3716 regnum
308 3641 455 3700 dilatando
471 3644 501 3699 in
517 3644 623 3712 Pictos,
640 3645 748 3701 tuendo
764 3643 793 3700 in
809 3643 886 3701 Mer·
939 3647 1061 3716 tuimns,
1074 3653 1170 3704 ratum
1182 3649 1403 3705 essevolumus.
1416 3650 1476 3714 Quo
1487 3646 1645 3718 dictoquid
1659 3647 1762 3704 absur-

57 3735 128 3791 cios.
145 3734 216 3790 Picti
230 3734 308 3790 enim
325 3734 465 3790 defuncto
485 3751 551 3804 rege
565 3734 663 3791 Osvvio
679 3735 758 3805 parvi
775 3735 885 3791 lacien-
938 3736 1027 3793 dius‘l
1042 3737 1126 3807 quasi
1142 3737 1272 3793 dicerent
1285 3736 1356 3793 illud
1372 3736 1542 3793 iuvenalis:

56 3827 101 3880 tes
112 3829 242 3881 tenerem
255 3824 407 3881 infantiam
419 3823 524 3896 reguli,
535 3832 677 3896 proruunt
688 3824 764 3881 ultro
775 3829 803 3881 et
813 3841 884 3882 con·
1008 3827 1056 3884 Sic
1069 3826 1139 3895 voto,
1155 3827 1196 3882 sic
1204 3826 1298 3896 jubeo,
1312 3827 1348 3881 sit
1360 3841 1410 3898 pro
1425 3826 1533 3882 ratione
1547 3825 1684 3881 veluntas.

58 3914 214 3984 spirantia
231 3914 490 3970 Nortbanimbros:
508 3914 685 3986 quibuscum
706 3914 760 3971 sub
785 3914 884 3988 regulo
973 3918 1010 3973 st
1024 3933 1090 3973 vero
1106 3933 1172 3973 cum
1187 3916 1293 3989 presul
1317 3917 1417 3974 sedem
1444 3915 1633 3988 apostolicam
1661 3912 1762 3987 appel·

58 4003 187 4075 Bernego
213 4004 309 4073 regius
329 4004 448 4075 juvenis
472 4019 627 4061 occurrens
641 4003 683 4060 ita
697 4003 799 4076 paucis
821 4002 884 4062 suis
938 4007 1038 4074 lasset,
1055 4006 1327 4076 subsannatoribus,
1352 4007 1401 4079 qui
1426 4010 1545 4079 propter
1565 4019 1664 4077 regem
1688 4005 1763 4060 asta·

58 4091 199 4148 militibus
220 4092 466 4149 innumerabilem
480 4093 629 4150 Pictorum
650 4092 755 4150 delevit
776 4094 883 4152 exerci·
939 4100 1013 4168 rent,
1024 4097 1054 4152 in
1065 4096 1159 4153 risum
1175 4095 1361 4167 crepantibus
1376 4095 1429 4152 boc
1445 4094 1554 4151 dicium
1569 4092 1687 4163 objecit.
1698 4090 1763 4149 llec

59 4188 130 4247 ium,
144 4182 279 4253 utcampi
290 4182 482 4238 cadaveribus
492 4181 629 4239 constrati
642 4181 884 4256 planitiemamit·
938 4185 1055 4253 derisio,
1072 4202 1162 4259 quem
1188 4187 1223 4242 de
1247 4201 1312 4242 meo
1335 4185 1472 4242 abscessu
1496 4183 1582 4241 modo
1606 4179 1711 4250 facitis,
1732 4182 1763 4238 ln

57 4275 160 4339 terent,
169 4271 291 4327 llumine
301 4287 389 4328 cursu
401 4272 577 4344 intercerpto
587 4271 790 4329 subsisterent.
801 4273 884 4330 Wlie·
938 4292 1079 4347 maguum
1091 4289 1245 4332 maerorem
1255 4274 1335 4332 vobis
1346 4271 1572 4332 commutabitur
1580 4272 1676 4327 futuro
1687 4285 1764 4327 anno

10 4352 13 4363 '
57 4359 118 4415 rius
141 4377 257 4432 quoque
279 4376 327 4416 rex
349 4361 522 4418 Marciorum
547 4363 577 4418 in
599 4364 717 4421 eoadem
745 4364 922 4450 efferatusD
940 4366 992 4423 boc
1008 4366 1109 4422 eodem
1125 4366 1172 4421 die
1183 4384 1190 4436 ;
1203 4380 1289 4421 verax
1304 4371 1422 4421 eventus
1437 4378 1535 4420 rarum
1551 4359 1704 4419 emulatus
1717 4362 1763 4416 est

57 4449 188 4504 ductavit
202 4450 375 4518 exercitum,
392 4451 501 4523 quippe
513 4451 563 4524 qui
575 4453 759 4509 meminisset
771 4459 883 4527 patrem
939 4455 1077 4512 antistitis
1093 4454 1215 4512 dictum.
1236 4453 1410 4510 litbelredns
1431 4452 1509 4510 enim
1526 4467 1576 4507 rex
1590 4451 1763 4507 Merctorum

57 4554 141 4593 suum
155 4538 192 4593 ab
208 4538 250 4593 eis
270 4538 491 4611 interemptum.
507 4541 605 4612 ltaque
627 4541 761 4598 veniebat
785 4543 883 4598 animo
939 4546 1028 4602 irater
1041 4544 1166 4612 Wllerii,
1178 4549 1244 4616 post
1258 4544 1428 4600 abscessum
1444 4540 1570 4599 Willridi
1587 4556 1645 4597 nun
1661 4536 1764 4595 multis

58 4627 118 4699 regi
135 4627 248 4698 fidenti,
265 4631 297 4683 ut
311 4633 362 4684 sut
376 4628 498 4685 sarciret
511 4628 708 4702 dispendium,
720 4635 769 4687 aut
783 4631 884 4704 acqui·
937 4635 1041 4690 diebus
1057 4649 1189 4704 guerram
1205 4632 1368 4705 inceptans,
1380 4633 1521 4689 fraternas
1533 4627 1658 4702 iniurias
1669 4626 1764 4685 ultum

58 4720 135 4771 reret
148 4716 756 4789 ragnumilnimvcroprosequebatureum
768 4721 883 4778 fortuna
936 4724 979 4780 ire
994 4723 1139 4796 cupiebat.
1156 4723 1287 4780 Occurrit
1302 4722 1328 4780 ei
1344 4721 1495 4778 animosus
1517 4717 1655 4792 ligiridus
1678 4716 1764 4775 solito

59 4823 116 4862 non
133 4807 219 4872 bone,
235 4821 288 4861 nec
304 4822 377 4878 pene
392 4808 568 4879 prosperior,
579 4826 667 4880 qnam
680 4818 813 4881 paterna:
825 4811 882 4867 nisi
937 4817 1046 4870 terrore
1062 4817 1195 4869 acturum
1217 4811 1411 4880 existimans;
1428 4808 1481 4867 sed
1504 4807 1614 4881 fugavit
1637 4803 1764 4864 blerolus

59 4897 137 4970 quod
154 4901 233 4968 targa
249 4896 371 4968 turpiter
395 4897 522 4954 nudatus
546 4897 688 4970 inglorius
704 4900 814 4972 effugit,
830 4917 883 4959 nco
937 4902 1036 4975 copias
1051 4904 1122 4974 ejus,
1135 4902 1269 4975 luditque
1284 4902 1402 4958 fratrem
1417 4897 1652 4968 Edvrinum,quu
1664 4891 1765 4951 dolore

59 4987 160 5043 multis
176 4990 241 5058 post
255 4985 357 5044 diebus
372 4991 534 5059 superstes,
546 4992 657 5060 partem
669 4989 882 5061 provinciarum
937 5009 1021 5050 versa
1044 4993 1075 5049 in
1099 4993 1210 5050 luctum
1236 4989 1486 5060 Nortbanimbria,
1503 4983 1695 5046 consiliatoris
1718 4980 1764 5040 sul

60 5076 353 5136 Nortbauinrbrornm
384 5079 445 5152 regi
474 5080 604 5135 cesserit.
636 5081 747 5137 Harum
778 5087 882 5139 eventu
938 5082 1086 5155 quondam
1103 5082 1236 5140 absentia
1250 5080 1336 5137 modo
1347 5076 1568 5152 ingemiscebat.
1579 5072 1766 5147 Contigitque

59 5165 247 5222 victoriarum
264 5166 457 5240 multiplicata
472 5168 607 5225 Wilirido
623 5172 742 5243 predis,
755 5172 882 5230 ecclesie
938 5176 971 5228 ut
986 5188 1062 5228 anno
1077 5171 1206 5228 revoluto
1221 5171 1323 5227 eodem
1339 5169 1398 5238 die,
1414 5183 1472 5241 quo
1488 5165 1537 5222 ille
1562 5161 1765 5237 prejudicium

61 5271 127 5312 oum
144 5255 294 5313 monacbis
310 5258 485 5315 constituta.
498 5259 676 5331 Diligebatur
686 5261 764 5316 enim
776 5261 812 5317 ab
823 5278 883 5319 om·
937 5262 966 5319 in
983 5261 1109 5318 Eboraco
1120 5277 1226 5332 passus
1240 5260 1343 5327 luerat,
1355 5254 1560 5328 cadsrerregii
1570 5251 1764 5311 adolescentis

61 5345 148 5400 nibus
178 5361 230 5416 pro
258 5347 396 5403 virtutum
426 5350 586 5406 reverentia
607 5349 884 5423 laudabilizpreter
938 5351 1053 5408 illatum
1070 5349 1133 5406 nrbi
1149 5348 1267 5420 longum
1282 5348 1422 5405 indiceret
1433 5345 1596 5419 justitium.
1612 5347 1656 5400 lta
1670 5339 1766 5398 lithul-

60 5433 138 5500 illas,
154 5449 228 5505 quas
245 5450 331 5504 supra
345 5438 587 5507 enumeravimus,
600 5441 822 5497 commendatus
835 5441 884 5498 ab·
938 5440 1026 5497 redas
1048 5438 1199 5512 triumphu
1224 5439 1342 5495 functus
1367 5434 1534 5508 integritate
1553 5431 1634 5506 regni
1650 5431 1764 5500 recepta

60 5522 211 5581 atinentia.
236 5521 309 5578 Num
339 5538 405 5579 eum
435 5526 688 5585 continentissima
716 5546 797 5587 caena
819 5547 884 5587 raro
939 5532 1116 5590 winfridum
1139 5527 1390 5602 episcopum‚qui
1410 5527 1513 5584 (ledde
1536 5523 1614 5598 apud
1639 5519 1763 5579 Lioefeld

62 5614 128 5687 plus
145 5630 234 5687 quam
249 5630 339 5674 unum
355 5613 497 5673 ferculum
510 5619 719 5691 absumpsisse,
731 5637 882 5693 nunquam
939 5625 1131 5693 successerat,
1147 5622 1226 5693 quod
1242 5617 1352 5693 Egiridi
1368 5616 1495 5691 partium
1521 5615 1627 5684 luerat,
1642 5608 1763 5683 expulit.

986 5800 1002 5839 Ι
