3750 6000
438 294 489 356 ull
510 292 646 356 cussis
667 294 823 356 PONTIF.
845 292 959 356 eunt.
984 322 1023 341 ι·
1044 293 1115 355 blB.
1138 292 1177 352 V.
1578 293 1661 351 1018

70 463 209 520 scaporum
222 463 335 519 prorsus
350 463 402 505 reor
422 447 695 514 exterminantem
709 463 761 519 pro
781 465 876 504 cernuo
887 445 953 504 auri
968 446 1053 503 uncia
1071 445 1182 529 pteram
1204 459 1222 498 n
1243 443 1306 498 sede
1321 444 1443 526 mmoen
1456 443 1563 526 possiet
1577 456 1656 524 csse·

70 525 178 574 reatem.
193 519 265 574 Huic
281 521 377 592 itaque
393 536 429 577 ue
443 536 519 592 papa
533 520 637 602 tavent,
653 520 891 602 archiepiscopus
905 522 998 592 rogat,
1013 524 1042 575 el
1060 514 1145 572 simul
1166 513 1271 571 acriter
1286 515 1371 570 deflet
1385 514 1521 595 injuriam
1531 530 1655 596 'episcc-

69 585 1656 742 tttttttttttttttttttt”tlttitttltttttttttttttttntttttttelstret

70 733 139 806 lepte
153 743 227 802 auct,
242 733 307 805 pice
321 734 537 807 inquietudinis,
552 736 613 806 pias
627 736 729 805 inopia
743 734 934 790 incurrerunt.
952 734 1141 788 Falacrinrum
1161 734 1234 785 enirn
1248 736 1427 809 praestrptosc
1443 728 1553 782 maistre
1568 733 1608 782 etc
1623 745 1654 784 m

70 822 141 861 rrum
155 807 350 861 contumetiam
364 822 393 862 se
406 809 535 874 armauit,
551 810 581 861 ut
594 807 704 876 tolsitas
718 810 748 862 in
763 807 887 862 omnium
899 808 958 876 tere
969 805 1200 860 monasteriorum
1215 805 1389 883 exemptione
1396 800 1560 883 'praenotant
1578 803 1654 854 Prn-

80 876 168 947 hujus
186 878 225 932 rei
242 878 441 934 testimouium
462 883 556 933 exstat
571 878 600 932 iu
620 877 746 934 archivis
764 876 896 933 ltcclcsiae
911 876 1017 932 Christi
1037 877 1119 932 Cant.
1136 874 1172 929 de
1187 871 1275 928 bullis
1283 875 1476 943 supposititiis
1491 870 1653 952 monacho·

76 949 228 1020 Augustini
246 948 328 1004 Cant.
346 949 396 1020 qui
412 949 537 1005 multam
558 949 784 1021 archiepiscopis
807 949 889 1004 Cant.
905 947 1070 1004 molestiam
1091 945 1203 1017 integro
1224 943 1282 998 iere
1297 941 1402 999 seculo
1427 942 1599 1026 duodecime
1612 942 1654 998 ia·

71 1025 113 1089 ut,
130 1026 161 1076 ut
176 1020 376 1077 auctoritatem
392 1020 669 1092 archiepiscopalem
695 1025 863 1077 excuterent
879 1037 887 1089 ς
904 1019 982 1091 quod
997 1024 1025 1075 et
1040 1019 1136 1074 denuo
1151 1016 1319 1082 effecerunt,
1335 1014 1496 1098 protensio
1511 1013 1654 1097 bauctjem

70 1093 151 1148 ratini
168 1091 378 1163 archiepiscopi
394 1097 421 1148 et
436 1093 596 1149 litbelberti
612 1092 688 1164 regis
703 1093 827 1164 aliisque
844 1091 966 1146 vetustis
981 1089 1151 1161 privilegiis.
1168 1086 1262 1143 uehis
1277 1091 1306 1142 et
1321 1086 1465 1169 ejusmodi
1481 1082 1547 1140 aius
1563 1100 1654 1167 prist·

70 1164 176 1235 lgidius
191 1164 376 1220 llbroicensis
391 1164 546 1235 spiscopus
561 1166 594 1219 ad
611 1164 807 1219 Alexandrum
824 1179 928 1235 papam
944 1163 1057 1218 litteras
1072 1159 1271 1245 dedithuaeiu
1288 1158 1405 1213 archivo
1422 1155 1653 1243 dtctasccclesta

69 1240 147 1300 atur,
163 1236 281 1290 munita
306 1235 398 1306 ipsius
420 1236 525 1306 sigillo,
542 1236 784 1291 circumierantisc
799 1233 973 1291 inscribitur
986 1231 1092 1303 AEpidn
1105 1232 1155 1287 Der
1169 1235 1261 1301 protea
1275 1228 1448 1285 ebroicenses
1471 1242 1606 1310 episcopm
1619 1227 1653 1282 ln

70 1308 147 1361 utem
171 1307 381 1377 scriptumest.
399 1307 586 1377 Controscisc
609 1305 756 1377 priuitepic
772 1305 799 1360 S.
815 1305 987 1374 Aaoustiri;
1025 1304 1126 1361 uniiter
1145 1317 1194 1374 per
1211 1317 1300 1356 unum
1320 1300 1484 1384 moncatum
1504 1299 1654 1370 (aleonum

71 1376 118 1433 rdi
145 1378 314 1434 adulterinis
341 1379 496 1449 privilegiis
507 1394 536 1434 se
564 1379 738 1434 munierunt.
756 1376 813 1432 Has
835 1376 949 1434 litteras
968 1323 1035 1434 siis
1061 1376 1139 1431 inter
1163 1372 1312 1430 variorum
1327 1369 1467 1444 epistolas
1481 1372 1517 1426 ad
1532 1368 1654 1427 Alexan-

70 1448 142 1516 ll,iu
158 1448 328 1522 patrologia
344 1449 433 1506 tomis
448 1465 516 1505 mcx
535 1450 669 1516 edendis,
686 1449 720 1504 ad
735 1464 845 1505 anuum
864 1450 943 1506 118¹.

445 1726 758 1819 inconcus
787 1729 935 1817 uam
962 1727 1164 1843 nusum

72 2069 222 2140 singlis,
236 2085 470 2143 quaquaversum
480 2071 649 2143 porrigitur,
660 2071 809 2143 spisso-g
828 2070 902 2128 riam
926 2070 1074 2145 sepultis?
1101 2072 1266 2143 Supersunt
1280 2074 1418 2144 preterea
1440 2072 1527 2145 plura
1548 2086 1648 2128 meum

78 2157 229 2224 circuitis;
247 2159 324 2213 sicut
344 2162 408 2229 post
424 2159 539 2230 longam
557 2159 771 2231 peregrinatio·
826 2160 1650 2234 monachiscilicetllalmesbuniensisexspectantianill-

70 2261 149 2302 mum
167 2252 311 2317 resert0r3
328 2253 361 2303 ut
375 2246 411 2303 de
426 2246 597 2304 beatissimo
609 2248 770 2304 PatreAld·
824 2252 914 2319 cium,
931 2267 995 2322 quas
1010 2250 1054 2305 vir
1067 2250 1116 2306 ille
1138 2255 1188 2307 aut
1206 2251 1339 2315 nescivit,
1355 2255 1406 2307 aut
1432 2250 1528 2308 dicere
1544 2266 1648 2321 super·

70 2335 228 2406 pollicitum
253 2352 394 2408 exsequar
421 2353 517 2393 meum
533 2339 590 2409 (58)
612 2354 619 2392 :
639 2338 675 2393 ed
693 2338 768 2409 quod
825 2339 909 2396 sedit.
928 2339 995 2396 Fuit
1009 2339 1085 2394 enirn
1106 2339 1183 2395 sicut
1203 2355 1260 2395 uon
1286 2354 1497 2412 usquequaque
1516 2339 1647 2411 despica-

70 2425 123 2482 bus
151 2425 333 2496 implendum
350 2442 407 2481 non
432 2442 478 2483 me
502 2425 638 2483 sollicitat
653 2426 768 2483 dicendi
824 2428 892 2486 bilis
907 2427 1089 2502 eloquentie,
1105 2429 1148 2484 ita
1163 2430 1191 2485 in
1208 2429 1254 2485 bis
1269 2429 1410 2485 duntaxat
1428 2433 1546 2500 propter
1559 2428 1646 2500 ignc-

70 2513 769 2588 .uberior,sedatlectueinsanctumqusmipse
824 2518 947 2574 rentiam
976 2516 1084 2590 lingua
1112 2518 1266 2575 incuriosa
1296 2517 1435 2586 scientia,
1461 2521 1562 2590 utpote
1589 2516 1645 2573 sub

70 2602 331 2674 propensionttum
346 2605 425 2660 enim
442 2612 579 2676 parasset
595 2609 626 2661 ut
640 2607 666 2660 ei
682 2619 770 2676 nega·
824 2606 906 2663 lusco
920 2607 1074 2679 (60)nutus
1089 2623 1164 2663 aere.
1180 2606 1263 2678 AEqui
1279 2606 1369 2679 igitur
1384 2612 1412 2662 et
1427 2607 1496 2663 boni
1512 2607 1645 2675 consule,

70 2691 102 2747 tis
122 2707 190 2747 mna
208 2693 394 2763 preconium,
411 2695 461 2765 qui
477 2694 547 2750 mibi
564 2692 688 2750 contulit
702 2698 769 2767 post
822 2696 912 2752 lector
927 2710 1201 2767 meus,neperscnae
1217 2712 1287 2752 meas
1303 2694 1467 2753 obscuritas
1483 2712 1540 2768 pree
1555 2696 1644 2753 abba·

70 2780 231 2853 [centulum
247 2781 338 2838 babeo
352 2782 538 2855 ingeniiillli
553 2800 609 2841 non
621 2784 769 2855 impende·
822 2786 861 2841 tis
876 2785 1016 2858 dignitate
1032 2785 1237 2859 praejudicium
1248 2785 1386 2857 patiatur.
1399 2786 1536 2851 Quamvis
1548 2785 1574 2842 sl
1590 2785 1644 2842 bc-

71 2885 179 2941 gnam;
204 2871 260 2938 oui,
276 2871 301 2926 si
325 2888 444 2930 necesse
464 2879 550 2941 esset,
567 2873 765 2945 impenderem
821 2889 908 2932 nores
919 2873 1309 2946 attenderis,etnosaliqucd
1321 2889 1485 2946 nomenque
1496 2874 1644 2946 decusque

70 2959 150 3031 liqui
165 2960 290 3016 nimium
301 2968 460 3020 avarusest
471 2964 520 3036 qui
531 2963 683 3019 verberum
701 2980 767 3020 suo·
820 2963 1195 3036 gessimus.0uadripartito
1206 2963 1308 3021 ordine
1319 2962 1490 3037 itaquehac
1505 2963 1642 3036 precedet

70 3064 113 3104 tax
127 3056 180 3105 est.
198 3050 271 3117 Quia
287 3051 374 3122 igitur
388 3052 559 3109 immaniter
573 3052 767 3109 declaratura
821 3053 961 3109 narratio.

81 3137 106 3194 si
126 3138 155 3194 in
181 3138 237 3196 boc
262 3144 431 3198 sanctorum
457 3142 534 3198 brevi
556 3143 765 3198 commentario
855 3142 953 3199 Primo
968 3146 1002 3199 at
1029 3141 1211 3199 sanctissimi
1236 3142 1290 3198 viri
1314 3141 1467 3199 ostendam
1494 3156 1586 3213 genus
1613 3144 1644 3198 et

70 3225 175 3283 »minus
189 3232 217 3284 et
229 3233 369 3298 patrunus
382 3234 481 3287 noster
491 3232 719 3288 obumbraretur
729 3231 765 3287 si·
820 3231 984 3289 scientiam.

70 3316 173 3387 suscepi
186 3315 228 3372 vel
242 3333 333 3388 pauca
346 3318 479 3388 deipsius
489 3319 765 3392 vitadiceraquam·
854 3319 988 3377 Secundo
1004 3334 1069 3391 quse
1084 3319 1216 3376 ctenobia
1231 3319 1341 3388 iecerit,
1358 3318 1465 3392 quibus
1480 3317 1643 3391 privilegiis

80 3403 198 3460 inscitia
213 3419 310 3461 rerum
333 3423 515 3479 nequaquam
531 3408 611 3464 velen
626 3409 765 3466 voluntati
782 3396 805 3462 B
819 3412 849 3467 st
864 3408 1048 3482 patrimoniis
1062 3409 1117 3465 hcc
1128 3413 1264 3466 nostrum
1276 3409 1452 3482 insignierit,
1464 3407 1620 3479 subjiciam
1633 3416 1641 3456 ἱ

70 3508 111 3548 ere
127 3509 134 3547 τ
152 3494 222 3548 adeo
239 3499 340 3564 prater
354 3493 425 3551 illud
437 3499 515 3567 quod
531 3496 566 3552 ds
581 3496 631 3553 illo
645 3497 724 3554 Beda
734 3498 764 3554 in
821 3497 869 3552 ubi
885 3497 1029 3554 auditoris
1040 3497 1212 3568 patientiam
1223 3498 1283 3569 lam
1296 3498 1364 3554 hinc
1375 3515 1410 3556 ex
1420 3497 1558 3569 prcoemio
1571 3511 1642 3554 cun-

70 3581 212 3652 nglorum
222 3583 328 3655 tangit,
344 3599 459 3655 semper
474 3585 551 3642 inira
566 3587 702 3643 meritum
716 3588 765 3659 ja·
819 3586 954 3654 venians
969 3584 1199 3657 alienisscriptis
1209 3587 1484 3660 gravatuseltugiat.
1496 3586 1548 3643 Hic
1562 3586 1640 3642 enim

70 3671 372 3741 nperdcsidiacivium
383 3673 763 3744 agenteiobonoruslatuit.
819 3671 936 3729 libellus
948 3688 1006 3730 non
1022 3675 1248 3730 ostentationem
1264 3675 1447 3746 eloquentia,
1462 3675 1513 3732 sed
1529 3689 1640 3746 conge-

83 3757 130 3815 ille
154 3760 271 3831 quidem
291 3761 420 3817 scientiae
435 3763 536 3833 glorie,
554 3764 763 3820 miraculorum
819 3762 891 3818 riem
916 3761 1042 3818 scientia
1067 3763 1241 3833 pollicetur;
1259 3768 1292 3818 ut
1306 3779 1364 3818 non
1380 3767 1440 3819 tam
1454 3762 1514 3819 vila
1528 3761 1642 3818 dicatur

70 3847 112 3914 ia,
128 3849 179 3904 sed
195 3849 276 3905 nulla
291 3866 353 3920 qua
366 3853 494 3923 supersit
509 3851 675 3910 illustratus
690 3854 766 3909 Scri·
819 3853 926 3918 sancti,
941 3867 1028 3923 quarn
1044 3852 1108 3907 site
1123 3853 1218 3925 ipsius
1235 3853 1449 3921 testimonium,
1465 3853 1641 3923 cognitionis

70 3935 764 4015 audestaliquissedetidhelmimiraculisplura
818 3941 1059 3998 instrumentum.

72 4041 104 4082 sa
115 4042 179 4097 qua
190 4026 288 4082 visens
302 4029 561 4087 duntaxatlecsrlt.
579 4032 621 4087 ed
640 4047 685 4087 me
701 4048 764 4104 pro·
854 4030 1640 4105 Terticpaucissimamiraculaquaejuveuisfecitmcn

70 4114 259 4186 dimanavit,
276 4118 347 4173 nibil
372 4136 542 4191 quanquam
564 4121 763 4179 curiosissimo
818 4120 896 4192 quod
907 4119 1058 4190 plurancn
1076 4118 1239 4187 lecerit,sed
1250 4121 1328 4193 quod
1339 4122 1522 4177 istatantum
1537 4120 1639 4177 dubie·

74 4206 183 4273 studio,
200 4207 255 4263 nisi
281 4211 357 4279 quod
378 4209 482 4265 artilex
506 4226 610 4266 manus
625 4215 762 4284 argenteo
817 4209 884 4265 tatis
896 4206 1067 4280 scrupulum
1089 4209 1216 4281 elingere
1232 4214 1400 4282 potuerunt,
1417 4227 1474 4266 non
1491 4210 1637 4267 omittam.

70 4295 156 4367 tique
180 4295 332 4368 impressit
351 4297 469 4355 scrinio.
486 4300 638 4372 compegit
653 4299 714 4356 haec
733 4301 763 4356 iu
854 4300 961 4365 Quarto
980 4299 1085 4353 seriem
1104 4302 1267 4370 temporum
1284 4303 1350 4372 post
1364 4299 1442 4356 beati
1456 4299 1511 4355 viri
1525 4299 1638 4355 obitum

70 4384 175 4439 ¹abbas
194 4386 428 4442 Abeudcniensis
445 4387 646 4460 sciscientes)
660 4394 763 4446 aucto-
817 4393 926 4458 quanto
941 4391 1062 4457 potuero
1078 4387 1198 4445 veritate
1208 4388 1363 4458 deducam,
1375 4387 1638 4462 quantalibcrtatis

73 4488 89 4528 a
104 4471 434 4545 nitens‚uecquidquam
446 4479 672 4549 pratereaqucd
686 4479 762 4535 dicta
818 4477 966 4550 naufragia
981 4475 1112 4533 Ecclesia
1124 4481 1225 4533 nostra
1240 4476 1400 4550 pertulerit,
1417 4493 1507 4550 quam
1522 4493 1639 4551 semper

70 4560 197 4627 rarenttt.
215 4561 355 4634 firmaret]
367 4562 602 4621 testimoniorum
620 4567 761 4623 extrinse·
816 4582 956 4639 prospere
970 4582 1037 4622 cum
1053 4565 1200 4623 videretur
1211 4582 1350 4640 oppressa
1368 4567 1504 4636 maxime,
1521 4583 1572 4640 per
1585 4584 1637 4640 ps-

70 4665 168 4708 acens.
178 4649 249 4705 Mihi
256 4651 366 4722 placuit
377 4651 522 4709 diversum
532 4653 759 4728 dicendigeuus‚
816 4653 972 4712 trccinium
989 4653 1093 4723 sancti,
1109 4660 1196 4726 caput
1210 4660 1313 4713 contra
1328 4656 1475 4713 fortunent
1492 4656 1634 4714 sstulerit.

70 4737 106 4795 lla
122 4743 204 4809 gesta
214 4755 277 4810 qua
292 4756 309 4794 a
324 4740 762 4813 scriptisFericiivacabant,in-
777 4725 798 4792 G
818 4747 855 4800 tc
870 4759 917 4800 me
932 4742 1051 4816 quidem
1064 4741 1110 4799 his
1121 4744 1443 4816 enarrandisimparem
1455 4761 1512 4802 non
1523 4744 1637 4815 uescio;

70 4841 216 4899 pergerem
233 4836 260 4884 et
275 4843 397 4901 quaqua
418 4828 494 4886 dicta
509 4831 622 4888 idoneis
635 4834 761 4892 testibus
813 4833 864 4890 sed
893 4832 1018 4906 Spiritus
1042 4832 1136 4889 sancti
1152 4832 1253 4902 ductu,
1269 4833 1320 4905 qui
1344 4833 1408 4906 jam
1432 4834 1554 4891 carbasa
1577 4848 1636 4890 nen

70 4916 210 4972 ibusdam
228 4917 361 4989 postibus
376 4919 530 4975 ambirem.
542 4920 613 4987 Quis
623 4922 700 4977 enim
712 4923 762 4978 ali·
814 4921 941 4994 segniter
949 4921 1088 4995 implesse
1098 4920 1634 4996 videtur,ultrcbujusimmensitatem

70 5010 127 5063 eret
139 5007 230 5078 gestis
245 5011 304 5064 tam
317 5009 402 5082 longe
418 5013 545 5066 anostra
562 5011 703 5069 memoria
718 5028 760 5069 rc·
813 5012 910 5085 pelagi
924 5027 1045 5068 securus
1059 5010 1228 5069 velivolabo.

71 5099 84 5150 t
98 5095 175 5166 quod
191 5094 233 5154 sic
248 5095 360 5152 dictum
374 5097 425 5169 sit,
441 5103 561 5171 propter
586 5099 653 5173 styli
669 5117 760 5173 penu·

70 5277 107 5336 lb.
123 5295 145 5335 11
160 5282 199 5336 De
210 5282 405 5354 pontistnpt„
421 5297 486 5356 cap.
504 5281 545 5339 ue
560 5282 652 5355 episc.
668 5285 758 5344 Scire·
813 5292 882 5347 don.
898 5291 935 5347 ad
951 5287 1130 5346 Florentium
1148 5289 1274 5362 thnrn.
1287 5287 1316 5344 in
1332 5287 1432 5346 codice
1447 5303 1502 5346 ms.
1519 5290 1633 5345 vetusto

815 5361 999 5418 bibliotheca
1015 5360 1230 5416 Lembetbaum.

70 5420 185 5478 'ericius
204 5422 259 5480 iste
281 5441 317 5481 ex
341 5425 483 5482 monacho
505 5425 760 5489 malmesburiensi
848 5435 905 5506 (60)
934 5433 1015 5488 lusco
1044 5431 1199 5502 legendum
1220 5436 1275 5488 est.
1296 5431 1344 5488 Sic
1363 5431 1443 5488 enim
1472 5431 1633 5490 monachus

70 5492 284 5551 bendcniensis
305 5501 419 5551 creatus
433 5504 475 5550 est
491 5513 568 5553 anno
587 5499 664 5552 ttctt.
681 5501 759 5558 Obiit
813 5502 1046 5562 abendoniensis
1066 5502 1256 5574 supradictus
1278 5503 1363 5560 illum
1378 5518 1483 5575 genere
1499 5501 1632 5560 italicum

70 5564 151 5623 slial.
164 5567 271 5624 Martii.
286 5567 492 5624 Additamento
508 5569 642 5625 monachi
658 5574 757 5629 Aben—
814 5577 906 5635 luisse
922 5575 1021 5632 retest.
