3750 6000
102 209 154 265 ΞΗ

737 206 942 262 lNNOCENTll
964 205 986 261 ll
1011 206 1107 262 PAR-l]

1695 207 1747 259 :218

103 349 118 386 a
133 331 317 389 sacratissimo
331 344 447 401 corpore
461 345 493 387 ac
516 330 650 402 sanguine
674 331 726 388 Dei
740 339 767 386 et
791 331 899 388 Domini
917 331 1084 393 Avirlelicct
1100 331 1188 387 rirtus
1203 330 1564 388 cuminomnibusfidelibns
1574 330 1752 401 debeatprae

104 421 293 492 ltedemptoris
308 419 393 474 nostri
416 421 480 476 Jesn
507 419 604 475 Christi
632 420 719 475 aliena
746 421 802 486 liat,
819 429 900 492 utque

104 509 131 564 in
156 520 278 565 extremo
307 509 430 563 examine
458 509 588 564 districtae
625 509 720 564 ultioni
748 510 899 579 subjaceat.

105 599 214 654 Cunctis
229 606 320 652 autem
335 597 425 651 eidem
444 596 575 651 Ecclesiae
586 597 661 666 justa
683 598 852 652 servantibus
868 599 902 652 sit

104 702 157 758 part
173 686 280 741 Domini
296 686 381 741 nostri
396 684 460 740 lesu
476 685 584 751 Christi,
600 693 735 758 quatenns
750 696 776 741 ct
791 687 834 742 hic
844 687 902 741 lru-

104 785 177 834 ctum
193 774 399 833 bonaeactionis
421 775 583 846 percipiant,
605 784 631 830 et
654 776 725 844 apud
750 776 901 831 districtum

104 865 229 921 Jndiccm
244 865 357 935 praemie
373 873 482 918 aeterne
496 863 571 933 pacis
585 864 736 919 inveniant.
755 868 852 922 Arnen.

141 954 316 1010 Innocentius
337 952 483 1008 Catholicae
506 951 637 1008 Ecclesiae
668 954 813 1025 episcopus
837 955 901 1009 snb·

104 1043 215 1115 scripsi.

140 1133 200 1205 Ego
213 1131 375 1188 Guillelmns
388 1130 572 1186 Praenestinus
589 1132 710 1202 episcop.
727 1129 780 1187 SS.

140 1223 200 1291 Ego
215 1220 305 1277 Guido
320 1221 448 1292 indignus
461 1220 602 1276 sacerdos.
619 1220 668 1275 SS.

140 1311 199 1383 Ego
223 1311 308 1366 Lucas
327 1309 472 1381 presbyter
495 1310 602 1364 cardin.
629 1309 669 1369 tit.
695 1310 723 1365 S.
748 1310 860 1365 loannis
875 1319 902 1365 et

103 1399 177 1454 Pauli
193 1398 243 1456 SS.

138 1490 198 1561 Ego
214 1487 363 1560 Gregorius
389 1487 496 1543 diacon.
525 1488 600 1543 card.
620 1488 648 1543 S.
677 1487 768 1542 llariae
790 1487 819 1542 in
834 1488 902 1544 Por-

104 1577 222 1634 tiouSS.

956 420 1070 493 lnlgere,
1079 421 1214 491 praecipns
1225 428 1314 474 tamen
1325 429 1507 477 sacrosanctae
1518 420 1648 477 Romanae
1658 419 1752 475 Eccle-

955 509 1753 582 sireplnscaeterisnoscitnrconrenire.Elquemaclmodum

956 600 1050 654 eudem
1067 598 1230 653 universalis
1245 608 1271 652 et
1294 599 1337 669 pia
1359 608 1444 653 mater
1459 598 1528 653 lilios
1550 614 1613 653 snos
1628 598 1753 669 provehit

955 687 982 743 in
998 688 1218 759 sublimemque
1240 687 1309 743 alios
1330 687 1509 757 patriarchas,
1533 687 1600 742 alios
1614 685 1753 755 archiepi-

956 792 1065 848 scopos,
1092 777 1161 832 alios
1176 777 1320 847 episcopos
1344 777 1447 840 statuit,
1463 776 1499 830 ita
1516 774 1690 832 nihilominus
1706 774 1753 829 dc·

956 881 1021 921 cora
1036 864 1238 921 circumamicta
1253 865 1392 932 varietate,
1408 865 1441 921 de
1456 880 1587 920 concessa
1602 865 1654 919 sibi
1669 864 1753 919 aDeo

956 954 1112 1010 divinorum
1131 971 1274 1009 munerum
1301 954 1434 1026 largitate,
1459 954 1569 1009 eosdem
1585 954 1754 1008 diversorum

956 1044 1104 1116 insignium
1131 1043 1330 1114 pulchritudine
1358 1044 1508 1098 clementer
1530 1051 1660 1099 exornat.
1683 1041 1754 1111 Quia

957 1149 1024 1204 crgo
1039 1148 1184 1203 personam
1200 1141 1285 1197 tuum,
1302 1132 1467 1187 venerahilis
1479 1131 1564 1187 lrater
1578 1131 1754 1198 hlhero,clc·

957 1231 998 1278 cte
1013 1230 1113 1276 sanctu
1128 1220 1285 1277 Leodiensis
1311 1222 1449 1287 Ecclesiae,
1474 1221 1568 1275 utilem
1590 1219 1648 1276 lore
1663 1219 1753 1276 credi-

956 1328 1025 1377 muS,
1042 1328 1074 1366 ex
1096 1310 1254 1381 apostolica
1282 1310 1355 1364 sedis
1384 1310 1552 1382 benignitate
1573 1318 1597 1365 te
1626 1310 1754 1364 duximus

956 1400 1156 1460 honorandum,
1173 1408 1197 1454 et
1214 1399 1263 1453 snb
1278 1398 1323 1470 pio
1335 1400 1366 1453 ll.
1381 1399 1449 1453 Petri
1461 1398 1568 1471 gremio
1598 1397 1754 1452 familiarius

956 1488 1167 1544 confovendum.
1184 1489 1216 1542 Et
1232 1488 1360 1559 qnoniam
1380 1496 1510 1560 tanquam
1526 1490 1620 1542 Aaron
1634 1487 1668 1541 ad
1682 1502 1755 1556 pon-

956 1576 1063 1633 tificalis
1074 1576 1217 1650 dignitatis
1234 1577 1368 1648 fastigium
1383 1576 1572 1642 divinagratia
1587 1583 1613 1631 tc
1628 1585 1753 1632 vocatum

139 1667 206 1720 Data
223 1664 295 1719 Pisis
309 1680 359 1737 per
371 1680 482 1720 manum
497 1664 633 1732 himerici,
652 1665 683 1720 S.
703 1665 941 1749 RornanaeEc-13
957 1683 1018 1722 esse
1034 1665 1206 1732 confidimus,
1223 1675 1249 1721 et
1272 1665 1333 1721 loco
1350 1666 1436 1735 lloysi
1455 1665 1488 1719 ad
1511 1665 1660 1736 regendum
1676 1665 1754 1720 Chri·

53 1810 56 1814 ,
103 1754 194 1811 clesire
208 1754 315 1810 diaconi
337 1754 485 1810 cardinalis
513 1762 541 1809 et
568 1754 736 1821 cancellarii,
763 1771 812 1809 ιιιιι
837 1756 898 1810 Kal.
955 1757 1071 1810 stiuuum
1087 1755 1227 1826 populum,
1253 1771 1303 1825 per
1323 1754 1374 1809 Dei
1391 1753 1589 1824 prendendam
1605 1770 1634 1808 es
1649 1752 1754 1809 consti-

100 1842 226 1915 Augusti,
256 1842 404 1898 indictione
439 1857 495 1908 xrtt,
526 1843 723 1898 iucarnationis
752 1845 902 1900 Dominicte
956 1842 1754 1916 tutus,eorumquoqnedignitatistcparticipemconsti-

102 1933 182 2000 11³5,
196 1930 369 2003 pontificatus
386 1947 450 1988 vero
475 1932 627 1988 lnnocentii
642 1933 665 1986 ll
681 1949 758 2004 papae
773 1948 844 1988 anno
860 1949 899 1987 rr.
957 1934 1065 2002 ruimus,
1083 1941 1109 1988 et
1124 1949 1203 1989 usum
1222 1931 1372 1995 rationalis,
1388 1939 1532 2002 postquam
1548 1930 1576 1985 in
1594 1932 1752 2002 episcopum

449 2028 553 2084 CXCV.

101 2128 253 2198 Bellaque
267 2127 454 2198 possessiones
468 2127 638 2265 azorrurrttcrii
653 2127 687 2183 de
708 2127 901 2199 Quadraginta

422 2215 474 2253 con
498 2215 583 2253 rma.

332 2295 422 2365 (duno
439 2298 517 2361 1135,
535 2296 606 2351 Nov.
624 2296 663 2364 i.)

251 2382 338 2457 [Gall.
356 2383 470 2450 Christ,
488 2384 531 2452 Vl,
553 2385 683 2439 lustrum.
701 2385 756 2457 lh]

137 2474 329 2529 ls'nocanrrus
344 2473 499 2543 episcopus,
517 2489 612 2528 servus
623 2489 764 2528 sorvorum
781 2474 843 2539 Dei,
859 2475 899 2530 di-

99 2560 172 2618 lecto
187 2561 214 2616 in
229 2561 335 2616 Christo
350 2559 405 2615 lilio
420 2561 524 2615 ltrmso
538 2560 630 2615 abbati
640 2561 763 2616 ecclesiae
779 2562 813 2616 de
826 2561 899 2631 Qua-

100 2649 235 2720 draginta,
252 2649 366 2720 ejusque
381 2649 586 2705 successorihus
609 2649 772 2722 regulariter
795 2651 898 2705 substi-

100 2737 218 2806 tuendis,
231 2746 287 2794 etc.

137 2826 264 2890 Proinde,
281 2827 380 2883 dilecte
403 2826 430 2881 in
456 2826 564 2882 Christo
591 2827 639 2894 lili,
668 2827 899 2898 postulationibus

101 2915 155 2970 tuis
169 2905 318 2972 clementer
330 2915 482 2978 annuimus,
509 2925 535 2971 et
552 2915 697 2973 ecclesiam
722 2918 756 2973 de
771 2917 899 2986 Quadra-

100 3004 186 3077 ginta,
201 3004 243 3061 cui
262 3005 321 3060 Deo
337 3012 447 3060 anctore
462 3021 582 3074 praeesse
598 3006 779 3078 dignosceris,
796 3007 846 3061 sub
862 3009 896 3062 D.

102 3093 174 3149 Petri
189 3101 216 3149 et
234 3100 326 3149 nostra
354 3093 523 3163 protectione
551 3095 724 3164 suscipimus.
747 3098 777 3150 ln
807 3096 901 3166 prioris

101 3182 238 3254 siqnidem
254 3189 410 3250 statuentes,
426 3190 455 3236 ut
469 3181 537 3238 ordo
552 3183 702 3239 canonicus
713 3184 793 3253 juxta
808 3186 837 3240 B.
846 3189 900 3240 llu-

102 3271 204 3345 gustini
219 3271 352 3342 Regulam
360 3271 387 3324 in
398 3271 616 3327 eademecclesia
627 3271 723 3327 suturis
734 3275 901 3344 temporibus

101 3359 295 3417 inviolabiliter
310 3359 481 3426 observetur,
497 3374 666 3432 quaecuuque
678 3364 900 3430 pratereahona,

103 3464 279 3520 quascunque
295 3447 482 3518 possessiones
496 3448 593 3503 eadem
609 3449 727 3505 ccclesia
747 3452 820 3520 juste
835 3467 900 3522 pos-

104 3537 184 3603 sidet,
200 3537 380 3592 concessione
393 3535 560 3607 pontificum,
577 3537 723 3610 largitione
738 3540 900 3611 principum,

105 3625 153 3680 tibi
178 3625 284 3695 tuisque
312 3626 518 3681 successoribus
554 3625 759 3684 confirmamus.
788 3628 817 3685 Si
849 3646 904 3702 qun

105 3697 188 3768 igitur
202 3695 229 3749 in
245 3696 372 3762 laturum,
389 3704 443 3752 etc.

142 3784 315 3840 Innocentius
328 3786 351 3839 ll
367 3784 511 3841 catholica
526 3786 655 3842 Ecclesia
676 3788 831 3859 episcopus.

142 3873 284 3929 Gerardns
299 3874 442 3946 presbyter
456 3875 604 3930 cardinalis
619 3876 752 3933 S.Crncis
767 3879 793 3933 in
809 3879 904 3936 Hieru-

105 3962 207 4019 salem.

144 4063 229 4117 Lucas
240 4062 385 4133 presbyter
400 4063 545 4118 cardinalis
561 4063 731 4120 SS.Joannis
741 4074 767 4121 ct
784 4067 868 4124 Pauli.

144 4164 286 4218 llatthaeus
300 4163 463 4219 albanensis
472 4163 627 4234 episcopus,
645 4173 701 4222 etc.

145 4261 216 4316 Data
229 4277 277 4330 per
291 4276 402 4315 manum
417 4261 546 4316 himerici
570 4271 671 4316 sanctae
686 4264 815 4318 Romnum
830 4265 905 4322 llccl.

109 4348 216 4404 diaconi
239 4348 386 4405 cardinalia
409 4356 437 4404 ct
463 4349 628 4418 cancellarii,
658 4366 696 4405 vn
712 4350 770 4423 [ol.
800 4354 905 4424 pridie]

111 4435 273 4502 ldnsNov.,
288 4436 344 4492 ind.
369 4451 432 4502 nur,
464 4439 601 4493 lucarnat.
632 4440 710 4508 ttae,
735 4440 906 4511 pontificatus

112 4531 199 4584 sexto,

452 4620 569 4678 cxcvi

114 4748 253 4814 alberoni,
263 4745 512 4818 clectoleodienri,
521 4752 905 4811 ascmrntt'onub'ceoncedit.

336 4845 427 4916 (anno
443 4847 522 4911 ltro,
537 4845 607 4901 Nov.
623 4848 681 4916 29.)

157 4945 394 5019 [Calpurnianum
411 4941 496 4999 Gesta
509 4946 613 5016 poetis.
634 4947 748 5018 luitpr,
765 4949 800 5016 ll,
816 4950 872 5022 titt}

150 5073 340 5128 lsnocanrrus
355 5067 512 5139 episcopus,
530 5085 624 5125 servus
637 5086 779 5127 serrorum
792 5074 851 5139 Dei,
861 5092 908 5129 ve·

955 2031 1129 2079 consecratus
1152 2022 1247 2087 lucris,
1270 2035 1396 2091 personae
1419 2029 1472 2076 tute
1495 2020 1679 2083 concedimus.
1701 2029 1755 2076 sta-

955 2120 1062 2167 tuentes
1077 2119 1105 2166 ut
1120 2110 1217 2166 eodem
1232 2126 1314 2165 sacro
1329 2117 1491 2164 ornamento
1514 2108 1582 2163 inlra
1602 2109 1754 2164 Ecclesiam

954 2201 1085 2256 duntaxat
1112 2199 1264 2254 hisdiebus
1280 2199 1365 2253 utaris
1394 2199 1438 2270 qni
1452 2198 1479 2251 ιιι
1503 2198 1644 2268 presentis
1659 2197 1754 2268 scripti

955 2291 1026 2345 serie
1041 2289 1266 2360 praescribuntur,
1287 2287 1371 2342 idest
1396 2287 1480 2343 Coena
1503 2286 1621 2354 Domini,
1640 2286 1752 2354 Pascha,

954 2381 1131 2445 ascensione,
1148 2378 1318 2440 Pentecoste,
1336 2376 1364 2430 in
1381 2379 1449 2431 l'esto
1470 2376 1499 2429 B.
1524 2374 1645 2441 loannis,
1663 2376 1691 2429 in
1706 2391 1753 2430 so—

954 2467 1136 2523 lemnitatibus
1162 2467 1349 2536 apostolorum
1377 2465 1447 2519 Petri
1475 2472 1502 2519 ct
1523 2463 1612 2531 Pauli,
1637 2469 1754 2518 Assum-

954 2558 1044 2627 ptione
1060 2557 1092 2610 lt.
1112 2557 1212 2623 llarire,
1229 2555 1256 2609 iu
1271 2554 1340 2609 lesto
1356 2554 1425 2608 beati
1442 2552 1589 2617 lamberti,
1606 2551 1753 2608 Omnium-

953 2663 1005 2717 que
1020 2646 1194 2709 Sanctorum,
1210 2643 1301 2699 Natali
1325 2642 1442 2705 Domini,
1467 2642 1494 2695 in
1515 2640 1616 2697 octavis
1631 2641 1755 2707 ejusdcm

953 2743 979 2790 et
994 2733 1152 2805 Epiphania,
1169 2733 1194 2786 in
1213 2731 1401 2787 Purilrcationc
1418 2732 1449 2786 B.
1470 2730 1572 2796 blariae,
1593 2731 1618 2784 iu
1639 2731 1755 2786 dedica-

953 2824 1074 2879 tionibus
1090 2822 1266 2878 ecclesiarum
1280 2823 1349 2875 intra
1365 2830 1436 2875 tunm
1452 2820 1618 2891 parochiam,
1635 2830 1663 2874 et
1678 2821 1755 2875 ordi·

954 2913 1109 2968 nationibus
1124 2911 1297 2975 elericorum,
1320 2918 1346 2964 et
1363 2910 1389 2963 in
1405 2908 1593 2964 anniversario
1615 2908 1659 2963 die
1674 2908 1757 2963 dedi-

954 3002 1066 3058 cationis
1080 3001 1239 3056 Leodiensis
1254 2999 1389 3055 ecclesia.
1409 3001 1471 3070 Age
1485 2998 1576 3069 igitur,
1594 2997 1676 3052 frater
1687 2999 1758 3053 cha-

955 3090 1074 3154 rissime,
1089 3097 1115 3146 et
1131 3089 1203 3162 quod
1217 3089 1244 3143 iu
1263 3088 1329 3143 lucie
1352 3088 1429 3159 geris
1453 3086 1596 3152 Ecclesiae,
1619 3085 1693 3140 intus
1709 3087 1758 3142 ha·

955 3179 1029 3245 beas,
1046 3186 1073 3234 et
1090 3187 1141 3233 tarn
1158 3178 1228 3233 sacri
1248 3179 1369 3232 muneris
1393 3176 1501 3248 insigne
1516 3190 1629 3246 operum
1647 3184 1759 3230 tuorum

954 3267 1077 3339 assignet
1093 3266 1215 3322 effectus.

992 3367 1061 3419 bata
1077 3364 1144 3420 Pisis
1156 3364 1235 3420 tertio
1246 3363 1384 3419 Kalendas
1399 3360 1568 3418 Decembris.

1295 3488 1423 3543 exciit.

958 3616 1141 3688 Prieitepiam
1152 3632 1203 3688 pro
1214 3616 1351 3672 crrrronicn
1362 3612 1418 3669 SS.
1431 3615 1545 3670 Petriel
1555 3614 1617 3671 Ursi
1627 3613 1757 3684 detesto.

1189 3708 1278 3771 ranno
1294 3702 1522 3772 troesenen.)

958 3821 1101 3894 [llistorioe
1113 3822 1217 3894 patriae
1229 3823 1417 3886 llonumenlc,
1430 3820 1546 3883 Chartre,
1564 3820 1585 3884 l,
1601 3836 1627 3890 p.
1645 3821 1709 3888 ild,
1726 3837 1761 3877 ex

1008 3910 1134 3982 originali
1149 3911 1268 3965 archivio
1284 3908 1443 3981 Collegiutue
1456 3909 1483 3963 S.
1501 3909 1562 3964 Ursi
1572 3908 1716 3983 &bustal

997 4013 1189 4063 lsnocssrros
1204 4008 1359 4079 eqiscopns,
1376 4022 1474 4061 servus
1489 4022 1630 4061 servorum
1642 4007 1703 4073 Dei,
1715 4007 1761 4062 di-

960 4101 1029 4155 lecto
1045 4097 1100 4152 lilio
1115 4100 1262 4161 Ausacno,
1281 4096 1364 4166 priori
1379 4103 1405 4149 et
1417 4095 1579 4150 iratribusin
1591 4097 1764 4168 augustensi

960 4188 1074 4246 ecclesia
1091 4187 1252 4241 Sanctorum
1280 4185 1348 4240 Petri
1372 4192 1399 4240 et
1415 4184 1480 4238 Ursi
1497 4184 1654 4239 canonicam
1678 4185 1762 4240 vitam

960 4276 1094 4349 professis
1109 4285 1161 4330 tam
1178 4274 1358 4345 praesentibus
1382 4289 1462 4345 quam
1488 4272 1593 4338 suturis,
1609 4273 1636 4326 ιιι
1657 4290 1762 4344 perpe·

962 4374 1049 4422 tuum.

997 4461 1038 4515 hd
1049 4461 1101 4515 hoc
1115 4457 1277 4513 universalis
1288 4456 1419 4513 Ecclesiae
1430 4473 1493 4511 cura
1503 4456 1582 4511 nobis
1592 4472 1606 4511 a
1617 4456 1762 4527 provisore

962 4550 1082 4605 omnium
1097 4549 1231 4603 bonoram
1261 4548 1319 4602 beo
1343 4547 1488 4602 commissa
1517 4553 1600 4600 estut
1616 4545 1763 4615 religiosas

961 4639 1107 4712 diligamns
1122 4651 1264 4707 personas.
1282 4645 1308 4692 et
1322 4636 1545 4706 beneplacentem
1569 4635 1630 4689 Deo
1655 4635 1762 4706 religio

961 4744 1023 4784 nem
1040 4727 1196 4782 studeamus
1209 4725 1298 4780 tundis
1308 4724 1436 4781 omnibns
1450 4724 1762 4795 propagareNeeenim

962 4819 1020 4873 Deo
1044 4825 1139 4890 gratus
1168 4814 1315 4884 aliquando
1342 4813 1490 4868 scutulatus
1515 4811 1691 4883 impenditur,
1709 4812 1764 4868 nisi

963 4923 994 4962 ex
1010 4904 1148 4962 charitatis
1163 4903 1254 4958 radice
1268 4902 1432 4972 procedens,
1450 4919 1466 4957 a
1484 4901 1603 4972 puritate
1617 4901 1763 4973 religionis

963 4995 1041 5051 luerit
1056 5002 1242 5050 conservatus,
1267 4991 1461 5069 Quamobrem,
1477 4989 1567 5045 dilecti
1592 4990 1619 5043 iu
1643 4990 1764 5047 Domino

963 5085 1019 5149 lilii,
1037 5083 1134 5138 restris
1150 5081 1355 5135 rationabilibus
1371 5079 1597 5149 postulationibus
1611 5079 1765 5134 clementer·

112 5159 228 5217 ”erabili
243 5157 321 5213 flam
337 5159 482 5212 APBERONJ
505 5158 650 5214 ¹⁴⁸⁰di⁰¹¹85
671 5161 767 5228 0¹⁰v¹01
793 5163 907 5218 Sfllsslem
962 5173 1116 5233 annuimus.
1135 5179 1160 5224 ct
1176 5180 1330 5226 sanctorum
1352 5169 1422 5225 Petri
1438 5178 1463 5222 ct
1487 5168 1547 5222 Ursi
1570 5167 1717 5222 ecclesiam
1735 5169 1762 5222 in

113 5257 140 5306 ⁰²
151 5246 326 5319 ³P⁰⁸l⁰¹i⁰³m
341 5245 571 5302 benedlcllfflleffl·
962 5278 1013 5332 qua
1029 5261 1121 5315 divino
1136 5259 1239 5314 ruentis
1260 5258 1371 5312 servitio
1397 5256 1640 5327 apostolicaesedis
1654 5256 1764 5326 privile-

146 5344 271 5415 Magistra
286 5340 734 5412 bonorumomniumcbaritas,nil
750 5349 908 5422 sapitaspc-
961 5353 1006 5421 gio
1022 5349 1230 5414 communimus,
1254 5356 1404 5401 statuentes
1430 5354 1457 5399 nt
1478 5346 1604 5400 universa
1629 5361 1690 5416 qum
1716 5346 1761 5399 in-

111 5451 183 5503 rum,
198 5432 235 5487 nil
251 5431 524 5498 extraneumzcujirs
538 5436 663 5502 prolecto
677 5438 778 5491 bonnm
794 5447 832 5492 est
846 5454 908 5509 pro·
961 5439 1165 5510 praesentiarum
1194 5438 1304 5505 justect
1333 5435 1462 5492 canonice
1489 5434 1648 5504 possidetis,
1666 5442 1712 5487 ant
1735 5435 1763 5488 in

111 5517 906 5597 prium,aliornmprolectibus,etsuaedilectionisaliectum
960 5528 1079 5585 futurum
1095 5526 1273 5583 concessione
1301 5524 1469 5595 pontificum,
1496 5522 1643 5595 largitione
1655 5522 1762 5593 princi-

109 5611 216 5674 cetaria
225 5606 395 5667 documentis
405 5622 472 5678 erga
481 5610 829 5679 proximosdetuonstrure.
841 5615 907 5685 Qua
959 5634 1033 5691 pum,
1059 5616 1195 5674 oblatione
1224 5613 1354 5682 lidelinm,
1383 5629 1432 5669 seu
1461 5610 1523 5668 aliis
1548 5611 1632 5680 jnstia
1658 5612 1760 5680 modis,
