3750 6000
98 190 151 249 887

791 190 882 248 LUCII
907 189 932 246 ll
956 189 1053 247 Phra

1691 186 1749 246 888

137 317 197 389 Ego
216 315 378 387 hadulphus
401 315 531 372 diaeonus
546 314 620 371 rard.
642 313 746 371 Sanctae
769 315 859 372 Luciae
872 315 898 372 in
914 315 943 381 Α
958 300 1108 373 tislaetione
1138 331 1258 390 congrue
1287 315 1481 383 emendaverit,
1503 315 1640 387 potestatis
1662 316 1752 372 hono-

102 404 183 477 Septe
199 407 282 462 Solis.

141 495 199 566 Ege
220 496 340 552 loannes
354 495 431 552 diac.
450 493 525 552 eard.
544 493 572 550 S.
589 491 681 548 llarie
694 507 783 547 norae.

139 584 199 655 Ego
219 583 370 657 Gregorius
383 586 454 639 diac.
468 582 542 638 card.
560 581 588 637 S.
602 581 709 653 Angeli.

142 673 200 744 Ego
219 673 347 730 astaldus
363 674 432 729 diac.
449 672 524 728 card.
540 671 573 728 S.
590 669 736 727 Eustachii.

142 764 240 819 Datum
258 763 382 819 Laterani
407 779 457 834 ρετ
486 776 596 816 manum
613 759 723 815 harenis
737 767 835 815 sanctae
850 760 903 815 tto-

103 867 192 909 nrame
217 853 344 909 Ecclesiae
368 850 541 914 subdiaconi,
558 864 597 903 rur
612 848 672 904 Kal.
688 849 748 903 Jun.
764 848 857 904 indict.
873 852 899 915 7,

104 941 213 998 luceru.
239 942 319 996 Dum.
345 941 432 1007 llll,
457 938 627 1012 pontilicatus
658 951 723 993 vero
754 938 791 992 Ι).
828 937 902 993 Lucii

102 1043 182 1102 papae
197 1031 221 1086 ll
235 1045 306 1087 anno
321 1043 342 1084 t.

446 1130 556 1185 xtvtt.

104 1223 147 1281 Ad
158 1224 187 1282 G.
204 1225 334 1282 comitem
345 1227 556 1284 hibernensem.
569 1257 602 1267 -
619 1227 651 1284 tt
667 1225 801 1282 l'e'cclieco
813 1224 901 1279 reati-

361 1302 427 1354 luot
440 1298 512 1371 quod
529 1298 646 1353 ademit.

338 1402 427 1468 (dnae
443 1399 521 1463 llll,
535 1395 597 1450 hlaii
612 1396 670 1465 22.)

283 1497 396 1570 thanet,
415 1496 536 1561 Cornell,
552 1494 634 1561 XXl,
651 1492 725 1566 dih]

138 1595 241 1652 Luctus
265 1595 423 1667 episcopus,
448 1609 542 1649 servus
567 1606 707 1647 serrorum
730 1590 789 1655 Dei,
805 1591 902 1648 dilecto

954 405 1043 478 risque
1058 405 1098 462 sui
1114 406 1245 477 dignitate
1260 414 1364 471 cureat,
1380 421 1508 476 reamque
1522 421 1551 461 se
1563 404 1658 460 diriuo
1677 403 1753 476 judi·

954 497 996 551 cio
1013 496 1127 552 existere
1140 495 1174 551 de
1192 504 1344 568 perpetrata
1362 494 1502 565 iniquitate
1522 501 1681 567 cognoseat,
1697 503 1754 550 ete

955 585 1135 640 sacratissimo
1167 602 1286 658 corpore
1321 592 1348 640 et
1378 584 1510 656 sanguine
1533 583 1583 638 Dei
1596 599 1628 639 ac
1642 581 1754 640 Domini

955 673 1145 745 Redemptoris
1170 676 1254 731 nostri
1269 677 1330 731 lesu
1346 674 1442 730 Christi
1457 672 1544 728 aliena
1558 670 1613 737 liat,
1629 678 1711 743 etque
1727 670 1755 725 iu

955 778 1078 819 extremo
1092 764 1216 820 examine
1231 765 1357 820 districtae
1376 762 1469 818 ultioni
1483 759 1633 831 subjaceat.
1650 757 1753 815 Obser-

955 852 1079 908 vantibus
1111 862 1199 909 autern
1224 853 1257 908 sit
1280 871 1330 925 pax
1347 851 1454 908 Domini
1471 849 1551 905 nostri
1566 850 1629 905 lesu
1644 847 1753 916 Christi,

955 948 1088 1011 quatenus
1115 950 1139 997 et
1168 942 1210 996 hic
1225 943 1340 997 fructum
1361 940 1440 997 horrae
1459 937 1571 994 actionis
1589 936 1752 1007 percipiant,

955 1039 982 1087 et
1009 1030 1080 1103 apud
1107 1030 1257 1086 districtum
1283 1030 1403 1100 judicem
1423 1027 1534 1099 praemia
1552 1034 1662 1082 aeternae
1680 1023 1756 1098 pacis

954 1119 1102 1176 inveniant.
1121 1122 1217 1186 Amen,
1233 1137 1323 1187 amen,
1340 1135 1429 1176 amen.

990 1211 1052 1280 Ego
1071 1209 1167 1264 Lucius
1181 1209 1319 1264 cellrolicee
1334 1205 1462 1264 Ecclesiae
1476 1204 1628 1276 episcopus.

992 1299 1050 1370 Ego
1068 1297 1266 1354 ‘lireodcwinus
1280 1296 1386 1353 Sauctae
1401 1293 1504 1351 Rrrhnae
1517 1293 1673 1365 episcopus.

993 1389 1052 1461 Ego
1071 1387 1213 1443 Rainerius
1236 1385 1377 1458 presbyter
1398 1382 1541 1441 cardinalis
1564 1382 1633 1440 tituli
1650 1385 1755 1445 Sanctae

956 1478 1065 1534 Priscae.

992 1568 1052 1639 Ego
1072 1568 1174 1621 lmums
1188 1563 1353 1620 Terseulanus
1367 1562 1518 1634 episeopus.

104 1683 132 1738 in
161 1683 266 1738 Christo
285 1682 342 1739 lilio
357 1683 391 1740 G.
407 1682 500 1739 conriti
517 1680 696 1747 Nicer-nansi,
731 1681 845 1737 salutern
878 1667 946 1737 elB
997 1657 1055 1729 ¹38⁰
1074 1648 1554 1725 ’[1]οΜθὸΡῖθὸῢῖῑθηθῗῶΰθϋδω·
1572 1650 1701 1711 vminae·

104 1770 282 1843 apostolicam
297 1771 522 1828 benedictionem.

139 1860 179 1915 lld
206 1859 373 1916 nobilitatem
407 1869 479 1916 tuem
513 1858 628 1930 pertinet
647 1859 813 1916 venerabilia
840 1860 900 1915 loca

104 1963 166 2004 cum
180 1948 247 2020 ipsis
261 1950 385 2020 personis
408 1948 501 2006 divino
523 1949 662 2004 famulatui
684 1949 844 2019 mancipatis
859 1948 899 2003 di·

105 2037 192 2111 ligere
207 2046 233 2093 et
253 2038 355 2105 lacere,
371 2045 399 2094 et
420 2053 497 2095 suam
513 2037 552 2093 eis
569 2037 699 2107 justitiam
725 2054 898 2094 conservare.

103 2128 223 2199 Ideoque
237 2142 286 2199 per
300 2127 457 2198 apostolica
477 2125 580 2197 scripta
595 2125 731 2183 nobilitati
749 2133 802 2184 toae
821 2143 899 2181 man·

104 2214 211 2280 demus,
226 2225 307 2285 utque
321 2215 350 2271 iu
367 2224 541 2288 peccatorum
570 2222 678 2272 tuorum
711 2215 899 2272 remissionem

104 2304 287 2377 iujungimus,
303 2314 438 2377 quatenus
455 2304 596 2376 antiquam
616 2312 738 2374 strat-rm,
760 2319 841 2375 quam
865 2305 899 2361 de

103 2393 241 2450 Vinaliaco
266 2392 367 2451 diceris
388 2394 531 2450 abstulisse
552 2399 580 2449 et
604 2392 675 2450 alias
697 2392 901 2461 divertissent

103 2477 264 2551 pradictum
280 2479 370 2534 locum
389 2479 525 2534 restituas.

139 2568 239 2623 Datum
254 2583 284 2622 rx
296 2565 435 2623 Kalendas
448 2565 529 2622 Junii.

438 2691 558 2747 XLl'lll.

107 2790 275 2848 Euocatcric
292 2791 474 2848 Cluniaccnsl
487 2791 650 2917 conperirem
664 2791 698 2848 dc
714 2792 901 2849 lecdecumba

441 2878 532 2919 essere
552 2901 559 2914 .

332 2963 423 3031 (unm
438 2962 516 3026 tarr,
532 2960 594 3016 uati
609 2962 673 3031 aa.)

322 3056 442 3131 [bullar.
465 3057 604 3124 Cluniae,
620 3055 683 3130 aa]

142 3158 246 3213 Luctus
270 3154 433 3228 episcopus,
453 3171 548 3211 sertus
570 3170 714 3212 servorum
729 3154 789 3221 Dei,
805 3155 903 3212 dilecto

105 3244 168 3302 fllio
192 3248 285 3302 Pareo
309 3242 483 3301 Cluoiecensi
506 3243 616 3309 abbati,
640 3242 752 3314 ejusque
775 3244 903 3301 tratribus

108 3341 162 3390 tam
178 3333 355 3407 presentibus
378 3348 458 3404 quam
483 3331 579 3388 futuris
610 3331 775 3405 regulariter
806 3335 903 3389 substi-

107 3423 223 3490 tuendis,
240 3422 267 3478 in
282 3429 457 3494 perpetuum.

143 3511 278 3581 Quoniam
293 3510 352 3566 siue
366 3525 437 3566 rara
451 3509 523 3565 cttltu
541 3509 682 3582 religionis
700 3526 749 3566 nec
770 3511 906 3567 eharitatis

110 3600 196 3654 unitas
210 3605 298 3670 potest
321 3597 475 3664 subsistere,
500 3613 551 3653 nee
573 3597 630 3653 Deo
653 3605 760 3670 gratum
783 3595 905 3654 exhiberi

108 3687 257 3755 servitium,
283 3686 392 3758 expedit
416 3685 570 3758 apostolicae
593 3687 743 3742 auctoritati
767 3687 906 3760 religiosas

109 3775 222 3849 diligere
243 3791 387 3846 personas,
408 3783 433 3831 et
456 3774 585 3846 religiosa
610 3776 684 3841 loca,
700 3776 818 3831 maxime
842 3793 906 3847 quae

110 3867 140 3920 B.
157 3863 227 3921 Petri
247 3863 317 3933 juris
338 3863 473 3931 existunt,
497 3871 524 3920 et
544 3863 578 3919 ad
602 3864 752 3920 itomanam
785 3872 908 3936 spectant

111 3952 258 4010 Ecclesiam
286 3952 449 4024 specialiter,
472 3952 544 4008 sedis
571 3952 729 4022 apostolicae
758 3955 906 4009 munimine

111 4040 266 4110 conlucere,
283 4049 308 4097 et
323 4057 371 4096 sua
391 4042 452 4111 jura
475 4041 514 4097 eis
537 4040 639 4095 illibata
661 4058 777 4097 serrare.
799 4042 906 4112 Eupra-

112 4139 181 4202 pter,
196 4130 286 4187 dilecti
300 4130 358 4196 lilii,
374 4129 579 4201 predecessoris
607 4129 690 4184 nostri
705 4129 790 4184 lelicis
804 4147 906 4187 memo·

113 4220 160 4275 riae
170 4235 248 4291 papa
256 4219 403 4275 Innocentii
411 4218 535 4290 vestigiis
544 4217 714 4286 inhaerentes,
727 4218 908 4288 restrisjustis

113 4306 339 4378 postulationibus
353 4315 459 4380 gratum
475 4306 644 4377 impertimus
666 4323 804 4361 ussemum
827 4315 907 4379 utque

114 4397 265 4452 manerium
279 4396 312 4451 dc
323 4395 519 4462 Lecdecumba,
530 4395 758 4465 quemadmodum
769 4396 805 4451 ab
815 4396 909 4452 illustri
924 4372 949 4433 D

114 4485 175 4541 viro
190 4485 327 4556 Stephano
342 4485 491 4556 anglorum
505 4500 570 4556 rege
586 4499 646 4539 cunr
668 4484 909 4541 consuetudinibus

115 4581 140 4629 et
160 4573 327 4628 libertatibus
340 4573 378 4627 illi
393 4572 597 4642 pcrtinentibus,
612 4581 638 4627 et
653 4572 778 4627 omnibus
802 4590 908 4644 appen-

114 4662 187 4717 ditiis
202 4661 266 4728 suis,
282 4660 317 4717 de
333 4661 441 4733 proprio
455 4660 576 4716 dominio
599 4661 677 4716 uobis
700 4661 850 4717 ‹leretionis
864 4663 909 4716 iu·

115 4752 181 4807 tuito
195 4767 351 4807 concessum
368 4758 417 4818 est,
440 4758 467 4805 et
488 4750 588 4822 scripto
612 4766 661 4806 suo
684 4748 837 4819 firnratum,
861 4768 909 4822 pro

115 4849 224 4898 centum
239 4839 363 4896 videlicet
387 4839 485 4894 marcis
498 4839 613 4912 argenti,
629 4854 696 4909 quas
712 4839 843 4895 Henrlcus
856 4839 910 4895 bo-

116 4946 157 4985 me
183 4928 324 4984 memoriae
349 4927 495 5000 auglorum
520 4944 567 4983 rex
591 4926 773 4998 praedecessor
791 4927 909 4983 illiusde

115 5022 239 5075 thesauro
254 5034 302 5073 suo
322 5017 400 5073 annis
422 5016 537 5088 siugulis
559 5015 637 5071 vobis
658 5023 843 5083 concesserat,
860 5033 910 5072 au·

113 5108 236 5163 ctoritate
265 5105 411 5178 apostolica
442 5105 521 5161 robis
548 5114 575 5160 et
601 5120 651 5175 ρετ
673 5119 722 5160 ros
742 5105 910 5160 Cluuineensi

112 5195 276 5250 monasterio
305 5194 510 5260 confirmamus,
536 5202 562 5249 ct
582 5193 721 5264 presentis
739 5193 831 5264 scripti
864 5209 911 5263 pa·

112 5281 397 5354 ginacommunimus.
422 5282 449 5338 Si
465 5297 517 5352 qua
532 5281 615 5356 igitur
633 5281 661 5336 iu
685 5282 803 5336 lutururu
819 5282 908 5338 eccle-

110 5369 217 5426 siastica
248 5370 418 5426 secularisve
451 5387 576 5442 persona,
593 5369 672 5440 hujus
693 5377 792 5425 nostrae
805 5368 908 5427 contir-

113 5458 239 5514 rnatiouis
253 5458 380 5531 paginam
395 5459 494 5527 sciens,
509 5466 603 5515 conha
621 5476 681 5516 eane
702 5467 801 5515 temere
814 5460 906 5516 venire

112 5547 261 5616 tentaverit,
276 5547 394 5604 secundo
422 5549 534 5605 tertiove
555 5548 730 5616 commonita,
746 5547 768 5603 si
784 5564 837 5603 non
858 5555 906 5605 sa*

990 1747 1048 1817 Ego
1068 1745 1161 1798 Petrus
1173 1742 1331 1799 albanensis
1343 1741 1498 1812 episcopus.

988 1836 1047 1907 Ego
1067 1831 1229 1889 Gillebertus
1255 1830 1396 1902 presbyter
1415 1827 1557 1885 cardinalis
1585 1830 1629 1885 tit.
1664 1814 1754 1888 Sencti

951 1923 1043 1980 hlerci.

988 2014 1047 2086 Ege
1067 2010 1222 2067 blantredus
1249 2008 1388 2081 presbyter
1415 2008 1558 2065 cardinalis
1580 2009 1622 2066 tit.
1646 2009 1752 2069 snnete

953 2101 1071 2159 Sabinae.

987 2191 1045 2262 Ego
1064 2188 1207 2244 ltuiuorius
1245 2187 1386 2258 presbyter
1412 2185 1558 2242 cardinalis
1586 2186 1627 2244 tit.
1661 2188 1751 2245 Sancti

953 2277 1085 2350 Stephani
1100 2277 1128 2332 iu
1143 2277 1228 2334 Coelio
1242 2278 1341 2332 hiante.

990 2369 1048 2442 Ego
1069 2366 1205 2422 aribertus
1229 2365 1371 2437 presbyter
1397 2365 1542 2423 cardinalis
1570 2367 1615 2423 tit.
1648 2366 1755 2423 Sanctae

954 2457 1113 2512 Anastasia.

992 2548 1049 2618 Ege
1069 2546 1147 2617 lingo
1162 2543 1304 2616 presbyter
1328 2542 1472 2599 cardinalis
1499 2544 1542 2601 tit.
1576 2543 1667 2602 Sancti
1682 2545 1754 2601 huu-

955 2635 1033 2690 rentii
1050 2635 1077 2689 in
1093 2633 1201 2689 Lucina.

993 2725 1051 2796 Ego
1071 2722 1235 2779 Octauianus
1258 2720 1389 2777 diaconus
1403 2721 1548 2778 cardinalis
1562 2721 1654 2778 Sancti
1668 2721 1754 2778 Nico-

956 2812 991 2867 lai
1007 2811 1035 2866 in
1050 2811 1177 2867 Currere.

992 2902 1050 2973 Ego
1070 2899 1159 2956 Guido
1174 2899 1202 2954 in
1217 2899 1340 2954 Romana
1362 2899 1483 2955 Ecclesia
1514 2899 1605 2956 altaris
1633 2898 1756 2955 minister

957 2989 1094 3062 indiguus

992 3079 1051 3150 Ego
1070 3076 1228 3147 hadulphus
1263 3076 1393 3132 diaconus
1421 3077 1566 3133 cardinalis
1595 3077 1703 3133 Sanctae
1730 3075 1757 3132 in

957 3168 1022 3239 Sept
1055 3167 1112 3222 Sol.

992 3257 1052 3327 Ego
1068 3254 1216 3326 Gregorius
1230 3253 1359 3309 diaconus
1378 3254 1523 3310 cardinalis
1538 3253 1628 3311 Sancti
1643 3253 1753 3327 Angeli.

993 3345 1052 3416 Ego
1071 3343 1195 3399 detoldus
1209 3343 1338 3398 diaconus
1353 3343 1500 3399 cardinalis
1515 3342 1605 3400 Sancti
1622 3342 1758 3399 Eustachii

955 3434 1033 3505 juxta
1048 3432 1176 3502 templum
1193 3432 1338 3503 Agrippae.

995 3522 1053 3592 Ego
1071 3522 1190 3576 loannes
1217 3520 1346 3575 diaconus
1375 3519 1519 3576 cardinalis
1543 3519 1649 3576 Sancte
1669 3519 1759 3576 Merite

959 3611 1053 3665 Norae.

995 3698 1091 3753 Datum
1108 3697 1231 3754 Laterani
1262 3712 1310 3768 per
1337 3712 1446 3751 manum
1463 3696 1574 3751 Baronis
1587 3704 1688 3753 sanetae
1700 3697 1758 3752 lto-

961 3803 1048 3843 mauae
1063 3786 1191 3842 Ecclesiae
1206 3785 1375 3852 subdiaconi,
1391 3801 1419 3839 ,ur
1435 3783 1571 3840 Kalendas
1586 3785 1668 3851 lunii,
1684 3785 1758 3840 indi·

960 3878 1049 3933 ctione
1063 3891 1111 3943 err,
1127 3874 1322 3930 incarnationis
1339 3873 1486 3929 Dourinicae
1504 3888 1575 3929 enno
1591 3875 1671 3944 llll,
1687 3888 1758 3944 pon-

961 3964 1074 4022 tificatus
1091 3962 1262 4019 verodomni
1278 3962 1354 4018 Lucii
1367 3964 1390 4018 ll
1405 3978 1485 4033 papae
1499 3978 1569 4018 anno
1585 3962 1687 4034 primo.

1314 4089 1410 4144 XLIX.

961 4188 1002 4243 Ad
1017 4185 1141 4243 Petrum
1159 4185 1375 4242 cluniacensem
1389 4185 1564 4241 ablatem-
1574 4185 1756 4257 Prtutteptua

1261 4255 1456 4313 Cloniecenrc.

1187 4368 1277 4436 (duno
1294 4366 1372 4434 ttlt,
1388 4367 1449 4421 llaii
1465 4368 1523 4436 at.)

1140 4462 1254 4533 thamsa,
1273 4461 1391 4530 deecit,
1407 4460 1490 4528 XXI,
1507 4460 1579 4532 did]

1000 4575 1102 4630 Locrus
1112 4573 1263 4642 episcopus,
1275 4588 1368 4627 servus
1381 4586 1521 4626 serromm
1532 4571 1591 4640 Dei,
1602 4570 1759 4627 charissimo

963 4663 1110 4719 iuClrristo
1127 4660 1290 4715 lrlioPerao
1318 4659 1489 4715 Cluniacensi
1517 4659 1617 4727 abbati,
1647 4658 1760 4730 ejusque

963 4751 1164 4807 strecesseribus
1195 4748 1357 4820 regulariter
1387 4747 1588 4816 substituendis,
1611 4748 1639 4803 in
1659 4763 1760 4819 perpe·

964 4848 1048 4896 tuum.

999 4929 1148 5002 Religionis
1162 4928 1318 4983 monasticae
1347 4926 1483 4981 modernis
1512 4925 1676 4997 temporibus
1698 4939 1760 4994 spe·

963 5018 1064 5085 culum,
1080 5026 1107 5072 et
1122 5018 1148 5071 in
1163 5017 1312 5072 Galliarum
1327 5015 1448 5085 partibus
1469 5015 1671 5079 documentum,
1686 5011 1760 5068 beati

964 5107 1033 5160 l‘etri
1048 5106 1224 5162 cluniacense
1249 5103 1455 5168 uronastcrium,
1471 5102 1507 5157 ab
1521 5103 1580 5172 ipso
1594 5117 1650 5158 suae
1665 5100 1761 5155 lunda·

964 5195 1043 5251 tionis
1058 5194 1171 5250 exordio
1186 5192 1242 5248 sedi
1258 5192 1415 5264 apostolicae
1440 5191 1468 5245 in
1490 5190 1536 5259 jus
1557 5189 1696 5260 proprium
1720 5196 1762 5244 est

962 5284 1094 5339 oblatum.
1118 5281 1232 5338 Proinde
1258 5288 1350 5353 petrus
1373 5279 1458 5335 nostri
1480 5286 1582 5334 sauctec
1596 5277 1761 5334 recordatio·

963 5372 1002 5426 nis
1016 5372 1132 5427 loannes
1146 5372 1194 5435 Xl,
1211 5370 1274 5424 item
1290 5370 1407 5425 loannes
1420 5367 1496 5434 xlx,
1509 5366 1640 5439 llgapitus
1657 5368 1692 5432 ll,
1704 5367 1759 5422 as-

961 5460 1082 5518 nedictus
1098 5461 1148 5522 Vl;
1164 5459 1227 5513 item
1243 5457 1401 5514 Benedictus
1425 5457 1485 5521 t'tt,
1514 5456 1567 5511 heo
1592 5455 1638 5511 vtt
1663 5462 1690 5510 et
1708 5455 1759 5526 lx,

960 5544 1108 5619 Gregorius
1123 5547 1156 5602 vt
1170 5554 1197 5602 et
1210 5547 1275 5617 Vll,
1294 5544 1448 5602 Alexander
1460 5543 1501 5612 11,
1516 5543 1687 5615 Stephanus,
1710 5542 1760 5599 t'i·
