<?xml version="1.0" encoding="UTF-8"?>
<!DOCTYPE html PUBLIC "-//W3C//DTD XHTML 1.0 Transitional//EN"
    "http://www.w3.org/TR/xhtml1/DTD/xhtml1-transitional.dtd">
<html xmlns="http://www.w3.org/1999/xhtml" xml:lang="en" lang="en">
 <head>
  <title>
</title>
<meta http-equiv="Content-Type" content="text/html;charset=utf-8" />
  <meta name='ocr-system' content='tesseract 3.04.00' />
  <meta name='ocr-capabilities' content='ocr_page ocr_carea ocr_par ocr_line ocrx_word'/>
</head>
<body>
  <div class='ocr_page' id='page_1' title='image "./patrologiaecurs25unkngoog_0903.png"; bbox 0 0 3772 6006; ppageno 0'>
   <div class='ocr_carea' id='block_1_1' title="bbox 52 136 1754 246">
    <p class='ocr_par' dir='ltr' id='par_1_1' title="bbox 52 136 1754 246">
     <span class='ocr_line' id='line_1_1' title="bbox 52 136 1754 246; baseline -0.001 -2"><span class='ocrx_word' id='word_1_1' title='bbox 52 180 129 244; x_wconf 79' lang='grc'><strong>1813</strong></span> <span class='ocrx_word' id='word_1_2' title='bbox 549 181 671 243; x_wconf 79' lang='lat' dir='ltr'><strong>EPIST.</strong></span> <span class='ocrx_word' id='word_1_3' title='bbox 696 182 747 243; x_wconf 84' lang='grc'><strong>1111</strong></span> <span class='ocrx_word' id='word_1_4' title='bbox 769 181 948 244; x_wconf 77' lang='lat' dir='ltr'>llluorlsll</span> <span class='ocrx_word' id='word_1_5' title='bbox 973 183 1097 245; x_wconf 84' lang='lat' dir='ltr'><strong>EPISC.</strong></span> <span class='ocrx_word' id='word_1_6' title='bbox 1121 183 1257 245; x_wconf 85' lang='lat' dir='ltr'>MOlth.</span> <span class='ocrx_word' id='word_1_7' title='bbox 1433 136 1436 143; x_wconf 33' lang='grc' dir='ltr'>Ι</span> <span class='ocrx_word' id='word_1_8' title='bbox 1526 198 1531 212; x_wconf 87' lang='grc'>’</span> <span class='ocrx_word' id='word_1_9' title='bbox 1677 179 1754 246; x_wconf 77' lang='grc'><strong>1811</strong></span> 
     </span>
    </p>
   </div>
   <div class='ocr_carea' id='block_1_2' title="bbox 49 329 1815 821">
    <p class='ocr_par' dir='ltr' id='par_1_2' title="bbox 49 329 1815 821">
     <span class='ocr_line' id='line_1_2' title="bbox 50 329 1757 409; baseline 0.003 -21"><span class='ocrx_word' id='word_1_10' title='bbox 50 335 124 390; x_wconf 85' lang='grc' dir='ltr'><strong>ιοίι.</strong></span> <span class='ocrx_word' id='word_1_11' title='bbox 141 329 1089 405; x_wconf 76' lang='lat' dir='ltr'>Eolrutoutolalloltes&#39;etanlreunie,onlllvollercrsLisbonne,</span> <span class='ocrx_word' id='word_1_12' title='bbox 1102 334 1757 409; x_wconf 74' lang='lat' dir='ltr'>devantlaquelleonarriva10281uin,veille</span> 
     </span>
     <span class='ocr_line' id='line_1_3' title="bbox 50 403 1758 481; baseline 0.002 -20"><span class='ocrx_word' id='word_1_13' title='bbox 50 406 86 461; x_wconf 92' lang='lat' dir='ltr'>de</span> <span class='ocrx_word' id='word_1_14' title='bbox 100 405 296 461; x_wconf 85' lang='lat' dir='ltr'>Salat-Plcrre</span> <span class='ocrx_word' id='word_1_15' title='bbox 311 407 338 459; x_wconf 85' lang='lat' dir='ltr'>et</span> <span class='ocrx_word' id='word_1_16' title='bbox 354 404 389 460; x_wconf 91' lang='lat' dir='ltr'>de</span> <span class='ocrx_word' id='word_1_17' title='bbox 405 403 585 460; x_wconf 83' lang='lat' dir='ltr'>Salui-Paul.</span> <span class='ocrx_word' id='word_1_18' title='bbox 597 407 674 461; x_wconf 84' lang='lat' dir='ltr'>lions</span> <span class='ocrx_word' id='word_1_19' title='bbox 691 406 717 462; x_wconf 93' lang='lat' dir='ltr'>le</span> <span class='ocrx_word' id='word_1_20' title='bbox 735 409 832 462; x_wconf 80' lang='lat' dir='ltr'>meme</span> <span class='ocrx_word' id='word_1_21' title='bbox 844 408 913 477; x_wconf 84' lang='lat' dir='ltr'>jour</span> <span class='ocrx_word' id='word_1_22' title='bbox 928 415 1013 480; x_wconf 90' lang='lat' dir='ltr'>parul</span> <span class='ocrx_word' id='word_1_23' title='bbox 1028 412 1043 463; x_wconf 82' lang='lat' dir='ltr'>t</span> <span class='ocrx_word' id='word_1_24' title='bbox 1058 407 1087 465; x_wconf 91' lang='lat' dir='ltr'>la</span> <span class='ocrx_word' id='word_1_25' title='bbox 1102 424 1157 464; x_wconf 84' lang='grc' dir='ltr'>ιιι</span> <span class='ocrx_word' id='word_1_26' title='bbox 1175 406 1211 463; x_wconf 91' lang='lat' dir='ltr'>de</span> <span class='ocrx_word' id='word_1_27' title='bbox 1225 408 1254 463; x_wconf 90' lang='lat' dir='ltr'>la</span> <span class='ocrx_word' id='word_1_28' title='bbox 1269 407 1351 479; x_wconf 91' lang='lat' dir='ltr'>place</span> <span class='ocrx_word' id='word_1_29' title='bbox 1366 407 1515 481; x_wconf 75' lang='lat' dir='ltr'>alphonse</span> <span class='ocrx_word' id='word_1_30' title='bbox 1528 408 1698 479; x_wconf 87' lang='lat' dir='ltr'>Honrlques,</span> <span class='ocrx_word' id='word_1_31' title='bbox 1715 410 1758 466; x_wconf 91' lang='lat' dir='ltr'>roi</span> 
     </span>
     <span class='ocr_line' id='line_1_4' title="bbox 50 477 1815 553; baseline 0.004 -21"><span class='ocrx_word' id='word_1_32' title='bbox 50 478 224 548; x_wconf 76' lang='lat' dir='ltr'>d&#39;llapaguc,</span> <span class='ocrx_word' id='word_1_33' title='bbox 241 491 309 531; x_wconf 85' lang='lat' dir='ltr'>avec</span> <span class='ocrx_word' id='word_1_34' title='bbox 320 492 372 532; x_wconf 89' lang='lat' dir='ltr'>son</span> <span class='ocrx_word' id='word_1_35' title='bbox 388 477 486 531; x_wconf 78' lang='lat' dir='ltr'>armes</span> <span class='ocrx_word' id='word_1_36' title='bbox 501 477 536 532; x_wconf 89' lang='lat' dir='ltr'>de</span> <span class='ocrx_word' id='word_1_37' title='bbox 551 482 634 534; x_wconf 89' lang='lat' dir='ltr'>terre.</span> <span class='ocrx_word' id='word_1_38' title='bbox 651 480 693 533; x_wconf 91' lang='lat' dir='ltr'>On</span> <span class='ocrx_word' id='word_1_39' title='bbox 712 479 743 533; x_wconf 91' lang='lat' dir='ltr'>llt</span> <span class='ocrx_word' id='word_1_40' title='bbox 758 479 882 535; x_wconf 85' lang='lat' dir='ltr'>auseilot</span> <span class='ocrx_word' id='word_1_41' title='bbox 897 479 924 535; x_wconf 84' lang='lat' dir='ltr'>la</span> <span class='ocrx_word' id='word_1_42' title='bbox 936 480 1083 547; x_wconf 87' lang='lat' dir='ltr'>descento,</span> <span class='ocrx_word' id='word_1_43' title='bbox 1094 484 1124 535; x_wconf 91' lang='lat' dir='ltr'>et</span> <span class='ocrx_word' id='word_1_44' title='bbox 1139 478 1164 534; x_wconf 93' lang='lat' dir='ltr'>ls</span> <span class='ocrx_word' id='word_1_45' title='bbox 1180 479 1306 551; x_wconf 75' lang='lat' dir='ltr'>premier</span> <span class='ocrx_word' id='word_1_46' title='bbox 1319 479 1415 550; x_wconf 87' lang='lat' dir='ltr'>juillet</span> <span class='ocrx_word' id='word_1_47' title='bbox 1431 479 1473 537; x_wconf 92' lang='lat' dir='ltr'>les</span> <span class='ocrx_word' id='word_1_48' title='bbox 1487 479 1643 553; x_wconf 79' lang='lat' dir='ltr'>laubourgs</span> <span class='ocrx_word' id='word_1_49' title='bbox 1658 480 1758 537; x_wconf 86' lang='lat' dir='ltr'>iurent</span> <span class='ocrx_word' id='word_1_50' title='bbox 1813 534 1815 539; x_wconf 81' lang='grc'>,</span> 
     </span>
     <span class='ocr_line' id='line_1_5' title="bbox 50 546 1758 623; baseline 0.003 -19"><span class='ocrx_word' id='word_1_51' title='bbox 50 550 208 620; x_wconf 82' lang='lat' dir='ltr'>emporles.</span> <span class='ocrx_word' id='word_1_52' title='bbox 221 547 336 603; x_wconf 83' lang='lat' dir='ltr'>linsuite</span> <span class='ocrx_word' id='word_1_53' title='bbox 348 548 476 617; x_wconf 89' lang='lat' dir='ltr'>pendant</span> <span class='ocrx_word' id='word_1_54' title='bbox 492 552 554 604; x_wconf 87' lang='lat' dir='ltr'>tout</span> <span class='ocrx_word' id='word_1_55' title='bbox 569 546 595 606; x_wconf 89' lang='lat' dir='ltr'>le</span> <span class='ocrx_word' id='word_1_56' title='bbox 610 566 694 604; x_wconf 86' lang='lat' dir='ltr'>cuore</span> <span class='ocrx_word' id='word_1_57' title='bbox 707 550 745 605; x_wconf 91' lang='lat' dir='ltr'>du</span> <span class='ocrx_word' id='word_1_58' title='bbox 763 550 836 606; x_wconf 90' lang='lat' dir='ltr'>mois</span> <span class='ocrx_word' id='word_1_59' title='bbox 851 566 888 606; x_wconf 95' lang='lat' dir='ltr'>on</span> <span class='ocrx_word' id='word_1_60' title='bbox 905 551 978 607; x_wconf 80' lang='lat' dir='ltr'>llera</span> <span class='ocrx_word' id='word_1_61' title='bbox 992 553 1085 607; x_wconf 88' lang='lat' dir='ltr'>divers</span> <span class='ocrx_word' id='word_1_62' title='bbox 1100 556 1215 607; x_wconf 89' lang='lat' dir='ltr'>assauts</span> <span class='ocrx_word' id='word_1_63' title='bbox 1234 555 1252 606; x_wconf 79' lang='lat' dir='ltr'>a</span> <span class='ocrx_word' id='word_1_64' title='bbox 1267 552 1295 607; x_wconf 87' lang='lat' dir='ltr'>la</span> <span class='ocrx_word' id='word_1_65' title='bbox 1309 550 1376 607; x_wconf 88' lang='lat' dir='ltr'>ville</span> <span class='ocrx_word' id='word_1_66' title='bbox 1391 567 1459 608; x_wconf 89' lang='lat' dir='ltr'>eveo</span> <span class='ocrx_word' id='word_1_67' title='bbox 1474 568 1556 609; x_wconf 82' lang='lat' dir='ltr'>essen</span> <span class='ocrx_word' id='word_1_68' title='bbox 1568 569 1622 623; x_wconf 90' lang='lat' dir='ltr'>peu</span> <span class='ocrx_word' id='word_1_69' title='bbox 1637 553 1674 608; x_wconf 90' lang='lat' dir='ltr'>de</span> <span class='ocrx_word' id='word_1_70' title='bbox 1690 568 1758 609; x_wconf 89' lang='lat' dir='ltr'>suo·</span> 
     </span>
     <span class='ocr_line' id='line_1_6' title="bbox 49 619 1760 696; baseline 0.002 -19"><span class='ocrx_word' id='word_1_71' title='bbox 49 623 109 678; x_wconf 81' lang='lat' dir='ltr'>ces.</span> <span class='ocrx_word' id='word_1_72' title='bbox 128 623 296 693; x_wconf 79' lang='lat' dir='ltr'>b&#39;avantage</span> <span class='ocrx_word' id='word_1_73' title='bbox 310 619 346 674; x_wconf 91' lang='lat' dir='ltr'>de</span> <span class='ocrx_word' id='word_1_74' title='bbox 372 635 425 675; x_wconf 85' lang='lat' dir='ltr'>sou</span> <span class='ocrx_word' id='word_1_75' title='bbox 439 621 568 688; x_wconf 90' lang='lat' dir='ltr'>assiette,</span> <span class='ocrx_word' id='word_1_76' title='bbox 585 624 611 676; x_wconf 88' lang='lat' dir='ltr'>la</span> <span class='ocrx_word' id='word_1_77' title='bbox 636 622 722 678; x_wconf 81' lang='lat' dir='ltr'>boote</span> <span class='ocrx_word' id='word_1_78' title='bbox 738 622 774 677; x_wconf 91' lang='lat' dir='ltr'>de</span> <span class='ocrx_word' id='word_1_79' title='bbox 794 639 841 678; x_wconf 89' lang='lat' dir='ltr'>ses</span> <span class='ocrx_word' id='word_1_80' title='bbox 858 622 1060 679; x_wconf 83' lang='lat' dir='ltr'>tortilloations</span> <span class='ocrx_word' id='word_1_81' title='bbox 1083 627 1111 678; x_wconf 95' lang='lat' dir='ltr'>et</span> <span class='ocrx_word' id='word_1_82' title='bbox 1126 623 1153 677; x_wconf 92' lang='lat' dir='ltr'>le</span> <span class='ocrx_word' id='word_1_83' title='bbox 1167 639 1256 679; x_wconf 90' lang='lat' dir='ltr'>coura</span> <span class='ocrx_word' id='word_1_84' title='bbox 1277 623 1358 679; x_wconf 89' lang='lat' dir='ltr'>edes</span> <span class='ocrx_word' id='word_1_85' title='bbox 1371 623 1501 696; x_wconf 79' lang='lat' dir='ltr'>assiegee</span> <span class='ocrx_word' id='word_1_86' title='bbox 1519 626 1702 693; x_wconf 86' lang='lat' dir='ltr'>menaqaient</span> <span class='ocrx_word' id='word_1_87' title='bbox 1715 622 1760 680; x_wconf 89' lang='lat' dir='ltr'>los</span> 
     </span>
     <span class='ocr_line' id='line_1_7' title="bbox 50 639 1759 821; baseline 0.002 -74"><span class='ocrx_word' id='word_1_88' title='bbox 50 692 160 748; x_wconf 78' lang='lat' dir='ltr'>croises</span> <span class='ocrx_word' id='word_1_89' title='bbox 184 691 271 747; x_wconf 90' lang='lat' dir='ltr'>d&#39;une</span> <span class='ocrx_word' id='word_1_90' title='bbox 294 689 400 762; x_wconf 80' lang='lat' dir='ltr'>longua</span> <span class='ocrx_word' id='word_1_91' title='bbox 416 691 585 759; x_wconf 80' lang='lat' dir='ltr'>resistanco,</span> <span class='ocrx_word' id='word_1_92' title='bbox 601 699 629 747; x_wconf 92' lang='lat' dir='ltr'>et</span> <span class='ocrx_word' id='word_1_93' title='bbox 651 709 687 748; x_wconf 91' lang='lat' dir='ltr'>ne</span> <span class='ocrx_word' id='word_1_94' title='bbox 701 692 763 750; x_wconf 90' lang='lat' dir='ltr'>leur</span> <span class='ocrx_word' id='word_1_95' title='bbox 784 693 980 763; x_wconf 86' lang='lat' dir='ltr'>annonqeient</span> <span class='ocrx_word' id='word_1_96' title='bbox 996 711 1048 767; x_wconf 88' lang='lat' dir='ltr'>pas</span> <span class='ocrx_word' id='word_1_97' title='bbox 1064 696 1158 750; x_wconf 75' lang='lat' dir='ltr'>meme</span> <span class='ocrx_word' id='word_1_98' title='bbox 1174 709 1229 749; x_wconf 90' lang='lat' dir='ltr'>une</span> <span class='ocrx_word' id='word_1_99' title='bbox 1246 639 1366 750; x_wconf 59' lang='lat' dir='ltr'>victoira</span> <span class='ocrx_word' id='word_1_100' title='bbox 1381 693 1446 752; x_wconf 90' lang='lat' dir='ltr'>bien</span> <span class='ocrx_word' id='word_1_101' title='bbox 1469 695 1607 751; x_wconf 90' lang='lat' dir='ltr'>oerlaiue.</span> <span class='ocrx_word' id='word_1_102' title='bbox 1623 698 1759 821; x_wconf 46' lang='lat' dir='ltr'>ceufre-</span> 
     </span>
    </p>
   </div>
   <div class='ocr_carea' id='block_1_3' title="bbox 50 760 1859 1768">
    <p class='ocr_par' dir='ltr' id='par_1_3' title="bbox 52 760 1759 837">
     <span class='ocr_line' id='line_1_8' title="bbox 52 760 1759 837; baseline 0.002 -19"><span class='ocrx_word' id='word_1_103' title='bbox 52 763 174 829; x_wconf 90' lang='lat' dir='ltr'>uoslics,</span> <span class='ocrx_word' id='word_1_104' title='bbox 191 761 250 818; x_wconf 92' lang='lat' dir='ltr'>loin</span> <span class='ocrx_word' id='word_1_105' title='bbox 266 762 303 817; x_wconf 91' lang='lat' dir='ltr'>de</span> <span class='ocrx_word' id='word_1_106' title='bbox 324 760 366 818; x_wconf 88' lang='lat' dir='ltr'>les</span> <span class='ocrx_word' id='word_1_107' title='bbox 386 762 509 828; x_wconf 86' lang='lat' dir='ltr'>aballro,</span> <span class='ocrx_word' id='word_1_108' title='bbox 531 763 734 820; x_wconf 79' lang='lat' dir='ltr'>redoublereat</span> <span class='ocrx_word' id='word_1_109' title='bbox 750 764 829 822; x_wconf 88' lang='lat' dir='ltr'>leurs</span> <span class='ocrx_word' id='word_1_110' title='bbox 844 765 943 822; x_wconf 84' lang='lat' dir='ltr'>ellorls</span> <span class='ocrx_word' id='word_1_111' title='bbox 957 771 983 822; x_wconf 88' lang='lat' dir='ltr'>el</span> <span class='ocrx_word' id='word_1_112' title='bbox 1003 768 1066 821; x_wconf 90' lang='lat' dir='ltr'>leur</span> <span class='ocrx_word' id='word_1_113' title='bbox 1080 763 1236 820; x_wconf 88' lang='lat' dir='ltr'>industrie.</span> <span class='ocrx_word' id='word_1_114' title='bbox 1252 764 1295 822; x_wconf 90' lang='lat' dir='ltr'>Un</span> <span class='ocrx_word' id='word_1_115' title='bbox 1313 765 1440 837; x_wconf 79' lang='lat' dir='ltr'>imagine</span> <span class='ocrx_word' id='word_1_116' title='bbox 1454 767 1489 822; x_wconf 88' lang='lat' dir='ltr'>de</span> <span class='ocrx_word' id='word_1_117' title='bbox 1503 768 1668 823; x_wconf 71' lang='lat' dir='ltr'>construite</span> <span class='ocrx_word' id='word_1_118' title='bbox 1703 779 1759 823; x_wconf 82' lang='lat' dir='ltr'>eux</span> 
     </span>
    </p>

    <p class='ocr_par' dir='ltr' id='par_1_4' title="bbox 50 832 1760 1052">
     <span class='ocr_line' id='line_1_9' title="bbox 71 832 1759 911; baseline 0.002 -22"><span class='ocrx_word' id='word_1_119' title='bbox 71 835 175 891; x_wconf 92' lang='lat' dir='ltr'>rondes</span> <span class='ocrx_word' id='word_1_120' title='bbox 190 838 272 889; x_wconf 89' lang='lat' dir='ltr'>toors</span> <span class='ocrx_word' id='word_1_121' title='bbox 288 832 323 889; x_wconf 91' lang='lat' dir='ltr'>de</span> <span class='ocrx_word' id='word_1_122' title='bbox 333 833 398 891; x_wconf 88' lang='lat' dir='ltr'>bois</span> <span class='ocrx_word' id='word_1_123' title='bbox 408 850 459 889; x_wconf 89' lang='lat' dir='ltr'>sur</span> <span class='ocrx_word' id='word_1_124' title='bbox 472 833 499 889; x_wconf 92' lang='lat' dir='ltr'>le</span> <span class='ocrx_word' id='word_1_125' title='bbox 515 835 585 891; x_wconf 92' lang='lat' dir='ltr'>bord</span> <span class='ocrx_word' id='word_1_126' title='bbox 601 837 640 890; x_wconf 93' lang='lat' dir='ltr'>du</span> <span class='ocrx_word' id='word_1_127' title='bbox 656 836 756 901; x_wconf 84' lang='lat' dir='ltr'>lleuvo,</span> <span class='ocrx_word' id='word_1_128' title='bbox 767 834 845 891; x_wconf 91' lang='lat' dir='ltr'>l&#39;uns</span> <span class='ocrx_word' id='word_1_129' title='bbox 860 834 1047 894; x_wconf 77' lang='lat' dir='ltr'>al&#39;orientde</span> <span class='ocrx_word' id='word_1_130' title='bbox 1060 835 1176 903; x_wconf 86' lang='lat' dir='ltr'>lovilio,</span> <span class='ocrx_word' id='word_1_131' title='bbox 1187 838 1225 891; x_wconf 84' lang='lat' dir='ltr'>ou</span> <span class='ocrx_word' id='word_1_132' title='bbox 1236 834 1279 891; x_wconf 92' lang='lat' dir='ltr'>les</span> <span class='ocrx_word' id='word_1_133' title='bbox 1292 837 1447 894; x_wconf 83' lang='lat' dir='ltr'>Flamands</span> <span class='ocrx_word' id='word_1_134' title='bbox 1461 837 1644 911; x_wconf 77' lang='lat' dir='ltr'>selegerant,</span> <span class='ocrx_word' id='word_1_135' title='bbox 1655 836 1759 893; x_wconf 88' lang='lat' dir='ltr'>l&#39;autre</span> 
     </span>
     <span class='ocr_line' id='line_1_10' title="bbox 50 851 1760 981; baseline 0.002 -20"><span class='ocrx_word' id='word_1_136' title='bbox 50 851 69 962; x_wconf 55' lang='grc' dir='ltr'><strong>ἓ</strong></span> <span class='ocrx_word' id='word_1_137' title='bbox 84 905 247 970; x_wconf 85' lang='lat' dir='ltr'>l’ocoldent,</span> <span class='ocrx_word' id='word_1_138' title='bbox 263 906 313 977; x_wconf 92' lang='lat' dir='ltr'>qui</span> <span class='ocrx_word' id='word_1_139' title='bbox 330 904 374 961; x_wconf 87' lang='lat' dir='ltr'>lut</span> <span class='ocrx_word' id='word_1_140' title='bbox 388 907 511 976; x_wconf 80' lang='lat' dir='ltr'>occupes</span> <span class='ocrx_word' id='word_1_141' title='bbox 527 905 628 978; x_wconf 90' lang='lat' dir='ltr'>parles</span> <span class='ocrx_word' id='word_1_142' title='bbox 643 907 772 979; x_wconf 76' lang='lat' dir='ltr'>Anglais.</span> <span class='ocrx_word' id='word_1_143' title='bbox 789 907 832 963; x_wconf 90' lang='lat' dir='ltr'>On</span> <span class='ocrx_word' id='word_1_144' title='bbox 849 909 882 963; x_wconf 83' lang='grc' dir='ltr'>ιιι</span> <span class='ocrx_word' id='word_1_145' title='bbox 896 917 978 965; x_wconf 87' lang='grc' dir='ltr'><strong>οιιιι</strong></span> <span class='ocrx_word' id='word_1_146' title='bbox 994 908 1056 965; x_wconf 89' lang='lat' dir='ltr'>celo</span> <span class='ocrx_word' id='word_1_147' title='bbox 1069 918 1172 979; x_wconf 85' lang='lat' dir='ltr'>quatre</span> <span class='ocrx_word' id='word_1_148' title='bbox 1187 913 1272 978; x_wconf 88' lang='lat' dir='ltr'>ponte</span> <span class='ocrx_word' id='word_1_149' title='bbox 1286 911 1413 981; x_wconf 78' lang='lat' dir='ltr'>appuyee</span> <span class='ocrx_word' id='word_1_150' title='bbox 1426 909 1536 965; x_wconf 87' lang='lat' dir='ltr'>cbaoun</span> <span class='ocrx_word' id='word_1_151' title='bbox 1558 925 1610 966; x_wconf 88' lang='lat' dir='ltr'>sur</span> <span class='ocrx_word' id='word_1_152' title='bbox 1624 910 1670 966; x_wconf 85' lang='lat' dir='ltr'>six</span> <span class='ocrx_word' id='word_1_153' title='bbox 1685 910 1760 964; x_wconf 87' lang='lat' dir='ltr'>reis·</span> 
     </span>
     <span class='ocr_line' id='line_1_11' title="bbox 50 976 1758 1052; baseline 0.002 -19"><span class='ocrx_word' id='word_1_154' title='bbox 50 976 292 1042; x_wconf 81' lang='lat' dir='ltr'>scau1,d&#39;oirl&#39;on</span> <span class='ocrx_word' id='word_1_155' title='bbox 308 977 425 1047; x_wconf 88' lang='lat' dir='ltr'>pouvait</span> <span class='ocrx_word' id='word_1_156' title='bbox 440 993 542 1049; x_wconf 89' lang='lat' dir='ltr'>passer</span> <span class='ocrx_word' id='word_1_157' title='bbox 556 995 607 1033; x_wconf 90' lang='lat' dir='ltr'>sur</span> <span class='ocrx_word' id='word_1_158' title='bbox 622 978 664 1035; x_wconf 90' lang='lat' dir='ltr'>les</span> <span class='ocrx_word' id='word_1_159' title='bbox 680 995 761 1035; x_wconf 90' lang='lat' dir='ltr'>murs</span> <span class='ocrx_word' id='word_1_160' title='bbox 777 979 812 1036; x_wconf 88' lang='lat' dir='ltr'>de</span> <span class='ocrx_word' id='word_1_161' title='bbox 827 979 855 1034; x_wconf 90' lang='lat' dir='ltr'>la</span> <span class='ocrx_word' id='word_1_162' title='bbox 870 977 962 1052; x_wconf 88' lang='lat' dir='ltr'>place.</span> <span class='ocrx_word' id='word_1_163' title='bbox 979 981 1030 1036; x_wconf 88' lang='lat' dir='ltr'>Les</span> <span class='ocrx_word' id='word_1_164' title='bbox 1045 983 1184 1050; x_wconf 76' lang='lat' dir='ltr'>moleges,</span> <span class='ocrx_word' id='word_1_165' title='bbox 1196 996 1231 1034; x_wconf 89' lang='lat' dir='ltr'>en</span> <span class='ocrx_word' id='word_1_166' title='bbox 1247 980 1413 1037; x_wconf 77' lang='lat' dir='ltr'>dilierentes</span> <span class='ocrx_word' id='word_1_167' title='bbox 1429 979 1689 1037; x_wconf 77' lang='lat' dir='ltr'>sorlieeruiuerent</span> <span class='ocrx_word' id='word_1_168' title='bbox 1700 995 1758 1037; x_wconf 84' lang='lat' dir='ltr'>une</span> 
     </span>
    </p>

    <p class='ocr_par' dir='ltr' id='par_1_5' title="bbox 52 1049 1859 1768">
     <span class='ocr_line' id='line_1_12' title="bbox 75 1049 1757 1123; baseline 0.001 -18"><span class='ocrx_word' id='word_1_169' title='bbox 75 1049 147 1105; x_wconf 87' lang='lat' dir='ltr'>artie</span> <span class='ocrx_word' id='word_1_170' title='bbox 161 1051 195 1104; x_wconf 91' lang='lat' dir='ltr'>de</span> <span class='ocrx_word' id='word_1_171' title='bbox 219 1065 267 1105; x_wconf 90' lang='lat' dir='ltr'>ces</span> <span class='ocrx_word' id='word_1_172' title='bbox 294 1064 444 1120; x_wconf 80' lang='lat' dir='ltr'>ouvrages.</span> <span class='ocrx_word' id='word_1_173' title='bbox 464 1050 690 1106; x_wconf 89' lang='lat' dir='ltr'>lleureusemenl</span> <span class='ocrx_word' id='word_1_174' title='bbox 710 1051 747 1106; x_wconf 89' lang='lat' dir='ltr'>ils</span> <span class='ocrx_word' id='word_1_175' title='bbox 772 1050 867 1107; x_wconf 86' lang='lat' dir='ltr'>luronl</span> <span class='ocrx_word' id='word_1_176' title='bbox 882 1052 913 1106; x_wconf 77' lang='lat' dir='ltr'>re</span> <span class='ocrx_word' id='word_1_177' title='bbox 935 1053 999 1107; x_wconf 73' lang='lat' dir='ltr'>ares</span> <span class='ocrx_word' id='word_1_178' title='bbox 1027 1067 1096 1107; x_wconf 85' lang='lat' dir='ltr'>avec</span> <span class='ocrx_word' id='word_1_179' title='bbox 1110 1051 1319 1123; x_wconf 77' lang='lat' dir='ltr'>promptitudo.</span> <span class='ocrx_word' id='word_1_180' title='bbox 1336 1051 1421 1108; x_wconf 85' lang='lat' dir='ltr'>Enfin</span> <span class='ocrx_word' id='word_1_181' title='bbox 1443 1055 1528 1122; x_wconf 78' lang='lat' dir='ltr'>apres</span> <span class='ocrx_word' id='word_1_182' title='bbox 1550 1057 1653 1121; x_wconf 91' lang='lat' dir='ltr'>quatre</span> <span class='ocrx_word' id='word_1_183' title='bbox 1682 1050 1757 1107; x_wconf 83' lang='lat' dir='ltr'>mois</span> 
     </span>
     <span class='ocr_line' id='line_1_13' title="bbox 52 1065 1756 1250; baseline 0.001 -74"><span class='ocrx_word' id='word_1_184' title='bbox 52 1065 88 1177; x_wconf 60' lang='lat' dir='ltr'>go</span> <span class='ocrx_word' id='word_1_185' title='bbox 103 1121 180 1193; x_wconf 80' lang='lat' dir='ltr'>siege</span> <span class='ocrx_word' id='word_1_186' title='bbox 199 1135 256 1176; x_wconf 88' lang='lat' dir='ltr'>une</span> <span class='ocrx_word' id='word_1_187' title='bbox 270 1119 347 1175; x_wconf 91' lang='lat' dir='ltr'>mine</span> <span class='ocrx_word' id='word_1_188' title='bbox 358 1124 443 1190; x_wconf 81' lang='lat' dir='ltr'>ayant</span> <span class='ocrx_word' id='word_1_189' title='bbox 454 1120 505 1174; x_wconf 79' lang='lat' dir='ltr'>tait</span> <span class='ocrx_word' id='word_1_190' title='bbox 519 1127 616 1177; x_wconf 90' lang='lat' dir='ltr'>sauter</span> <span class='ocrx_word' id='word_1_191' title='bbox 632 1123 707 1176; x_wconf 86' lang='lat' dir='ltr'>deux</span> <span class='ocrx_word' id='word_1_192' title='bbox 722 1127 803 1178; x_wconf 88' lang='lat' dir='ltr'>cents</span> <span class='ocrx_word' id='word_1_193' title='bbox 819 1121 901 1191; x_wconf 90' lang='lat' dir='ltr'>pieds</span> <span class='ocrx_word' id='word_1_194' title='bbox 913 1069 947 1179; x_wconf 60' lang='lat' dir='ltr'>ge</span> <span class='ocrx_word' id='word_1_195' title='bbox 964 1120 1108 1190; x_wconf 88' lang='lat' dir='ltr'>muraille,</span> <span class='ocrx_word' id='word_1_196' title='bbox 1126 1123 1166 1177; x_wconf 87' lang='lat' dir='ltr'>les</span> <span class='ocrx_word' id='word_1_197' title='bbox 1178 1122 1297 1206; x_wconf 77' lang='lat' dir='ltr'>eroiass,</span> <span class='ocrx_word' id='word_1_198' title='bbox 1308 1125 1486 1250; x_wconf 46' lang='lat' dir='ltr'>encourafes</span> <span class='ocrx_word' id='word_1_199' title='bbox 1506 1139 1559 1196; x_wconf 91' lang='lat' dir='ltr'>par</span> <span class='ocrx_word' id='word_1_200' title='bbox 1577 1123 1603 1179; x_wconf 93' lang='lat' dir='ltr'>ls</span> <span class='ocrx_word' id='word_1_201' title='bbox 1619 1122 1659 1179; x_wconf 92' lang='lat' dir='ltr'>roi</span> <span class='ocrx_word' id='word_1_202' title='bbox 1673 1122 1756 1206; x_wconf 57' lang='lat' dir='ltr'>‘ms&#39;</span> 
     </span>
     <span class='ocr_line' id='line_1_14' title="bbox 52 1191 1757 1348; baseline 0.002 -30"><span class='ocrx_word' id='word_1_203' title='bbox 52 1191 1157 1347; x_wconf 60' lang='lat' dir='ltr'>lllllaltlilllillllilillllttll„lltlllrltlllltllltlltlll</span> <span class='ocrx_word' id='word_1_204' title='bbox 1171 1193 1757 1348; x_wconf 53' lang='grc' dir='ltr'>11111111εἳιιῗέιιιῗὲῗιῖὀιιὲιῖξῖ</span> 
     </span>
     <span class='ocr_line' id='line_1_15' title="bbox 52 1334 1757 1410; baseline 0 -19"><span class='ocrx_word' id='word_1_205' title='bbox 52 1338 93 1391; x_wconf 80' lang='lat' dir='ltr'>la</span> <span class='ocrx_word' id='word_1_206' title='bbox 108 1336 286 1407; x_wconf 81' lang='lat' dir='ltr'>proposition</span> <span class='ocrx_word' id='word_1_207' title='bbox 298 1334 342 1389; x_wconf 92' lang='lat' dir='ltr'>lut</span> <span class='ocrx_word' id='word_1_208' title='bbox 356 1338 499 1406; x_wconf 78' lang='lat' dir='ltr'>arrceptee,</span> <span class='ocrx_word' id='word_1_209' title='bbox 516 1342 544 1391; x_wconf 89' lang='lat' dir='ltr'>et</span> <span class='ocrx_word' id='word_1_210' title='bbox 559 1335 601 1392; x_wconf 89' lang='lat' dir='ltr'>les</span> <span class='ocrx_word' id='word_1_211' title='bbox 617 1337 783 1392; x_wconf 75' lang='lat' dir='ltr'>conditione</span> <span class='ocrx_word' id='word_1_212' title='bbox 795 1338 892 1393; x_wconf 83' lang='lat' dir='ltr'>iurent</span> <span class='ocrx_word' id='word_1_213' title='bbox 906 1354 963 1409; x_wconf 89' lang='lat' dir='ltr'>que</span> <span class='ocrx_word' id='word_1_214' title='bbox 977 1336 1006 1392; x_wconf 90' lang='lat' dir='ltr'>la</span> <span class='ocrx_word' id='word_1_215' title='bbox 1020 1339 1087 1392; x_wconf 75' lang='lat' dir='ltr'>ville</span> <span class='ocrx_word' id='word_1_216' title='bbox 1102 1335 1299 1394; x_wconf 87' lang='lat' dir='ltr'>domeurerait</span> <span class='ocrx_word' id='word_1_217' title='bbox 1313 1353 1348 1393; x_wconf 90' lang='lat' dir='ltr'>au</span> <span class='ocrx_word' id='word_1_218' title='bbox 1364 1338 1404 1394; x_wconf 93' lang='lat' dir='ltr'>roi</span> <span class='ocrx_word' id='word_1_219' title='bbox 1420 1336 1487 1394; x_wconf 72' lang='lat' dir='ltr'>dlis</span> <span class='ocrx_word' id='word_1_220' title='bbox 1509 1353 1583 1410; x_wconf 84' lang='lat' dir='ltr'>agne</span> <span class='ocrx_word' id='word_1_221' title='bbox 1599 1337 1664 1393; x_wconf 90' lang='lat' dir='ltr'>etle</span> <span class='ocrx_word' id='word_1_222' title='bbox 1674 1338 1757 1392; x_wconf 82' lang='lat' dir='ltr'>buliu</span> 
     </span>
     <span class='ocr_line' id='line_1_16' title="bbox 53 1404 1758 1481; baseline 0.001 -20"><span class='ocrx_word' id='word_1_223' title='bbox 53 1422 108 1462; x_wconf 85' lang='lat' dir='ltr'>aux</span> <span class='ocrx_word' id='word_1_224' title='bbox 124 1407 242 1462; x_wconf 79' lang='lat' dir='ltr'>croises.</span> <span class='ocrx_word' id='word_1_225' title='bbox 257 1405 306 1462; x_wconf 80' lang='lat' dir='ltr'>&#39;l&#39;sl</span> <span class='ocrx_word' id='word_1_226' title='bbox 324 1410 369 1461; x_wconf 89' lang='lat' dir='ltr'>est</span> <span class='ocrx_word' id='word_1_227' title='bbox 384 1404 410 1460; x_wconf 94' lang='lat' dir='ltr'>le</span> <span class='ocrx_word' id='word_1_228' title='bbox 427 1408 519 1478; x_wconf 90' lang='lat' dir='ltr'>pre&#39;cls</span> <span class='ocrx_word' id='word_1_229' title='bbox 534 1405 570 1462; x_wconf 90' lang='lat' dir='ltr'>de</span> <span class='ocrx_word' id='word_1_230' title='bbox 596 1408 621 1462; x_wconf 90' lang='lat' dir='ltr'>la</span> <span class='ocrx_word' id='word_1_231' title='bbox 638 1406 759 1463; x_wconf 90' lang='lat' dir='ltr'>relation</span> <span class='ocrx_word' id='word_1_232' title='bbox 780 1408 928 1478; x_wconf 80' lang='lat' dir='ltr'>d&#39;Arnoul,</span> <span class='ocrx_word' id='word_1_233' title='bbox 944 1409 1091 1465; x_wconf 83' lang='lat' dir='ltr'>dllie&#39;renle</span> <span class='ocrx_word' id='word_1_234' title='bbox 1112 1410 1147 1463; x_wconf 88' lang='lat' dir='ltr'>do</span> <span class='ocrx_word' id='word_1_235' title='bbox 1162 1408 1234 1464; x_wconf 89' lang='lat' dir='ltr'>celle</span> <span class='ocrx_word' id='word_1_236' title='bbox 1255 1409 1290 1465; x_wconf 93' lang='lat' dir='ltr'>do</span> <span class='ocrx_word' id='word_1_237' title='bbox 1305 1409 1411 1465; x_wconf 83' lang='lat' dir='ltr'>llobert</span> <span class='ocrx_word' id='word_1_238' title='bbox 1430 1409 1469 1465; x_wconf 92' lang='lat' dir='ltr'>du</span> <span class='ocrx_word' id='word_1_239' title='bbox 1516 1413 1568 1465; x_wconf 91' lang='lat' dir='ltr'>ont</span> <span class='ocrx_word' id='word_1_240' title='bbox 1583 1407 1622 1481; x_wconf 83' lang='lat'>(2)</span> <span class='ocrx_word' id='word_1_241' title='bbox 1636 1408 1758 1480; x_wconf 70' lang='lat' dir='ltr'>adoptio</span> 
     </span>
     <span class='ocr_line' id='line_1_17' title="bbox 52 1476 1759 1551; baseline 0.001 -20"><span class='ocrx_word' id='word_1_242' title='bbox 52 1493 105 1551; x_wconf 86' lang='lat' dir='ltr'>par</span> <span class='ocrx_word' id='word_1_243' title='bbox 117 1479 152 1532; x_wconf 88' lang='lat' dir='ltr'>ll.</span> <span class='ocrx_word' id='word_1_244' title='bbox 171 1478 272 1550; x_wconf 80' lang='lat' dir='ltr'>Fleury</span> <span class='ocrx_word' id='word_1_245' title='bbox 283 1476 334 1548; x_wconf 75' lang='lat'>(3),</span> <span class='ocrx_word' id='word_1_246' title='bbox 351 1493 385 1532; x_wconf 91' lang='lat' dir='ltr'>eu</span> <span class='ocrx_word' id='word_1_247' title='bbox 402 1492 434 1534; x_wconf 90' lang='lat' dir='ltr'>ca</span> <span class='ocrx_word' id='word_1_248' title='bbox 449 1493 503 1549; x_wconf 90' lang='lat' dir='ltr'>que</span> <span class='ocrx_word' id='word_1_249' title='bbox 517 1477 631 1534; x_wconf 90' lang='lat' dir='ltr'>celle-ci</span> <span class='ocrx_word' id='word_1_250' title='bbox 648 1479 700 1535; x_wconf 87' lang='lat' dir='ltr'>leit</span> <span class='ocrx_word' id='word_1_251' title='bbox 714 1484 850 1551; x_wconf 85' lang='lat' dir='ltr'>altaquer</span> <span class='ocrx_word' id='word_1_252' title='bbox 860 1479 960 1537; x_wconf 84' lang='lat' dir='ltr'>luville</span> <span class='ocrx_word' id='word_1_253' title='bbox 976 1496 1027 1550; x_wconf 89' lang='lat' dir='ltr'>par</span> <span class='ocrx_word' id='word_1_254' title='bbox 1037 1479 1080 1535; x_wconf 86' lang='lat' dir='ltr'>les</span> <span class='ocrx_word' id='word_1_255' title='bbox 1095 1480 1202 1536; x_wconf 77' lang='lat' dir='ltr'>croises</span> <span class='ocrx_word' id='word_1_256' title='bbox 1216 1479 1252 1535; x_wconf 92' lang='lat' dir='ltr'>de</span> <span class='ocrx_word' id='word_1_257' title='bbox 1266 1480 1371 1536; x_wconf 88' lang='lat' dir='ltr'>deesus</span> <span class='ocrx_word' id='word_1_258' title='bbox 1387 1478 1466 1536; x_wconf 89' lang='lat' dir='ltr'>leurs</span> <span class='ocrx_word' id='word_1_259' title='bbox 1481 1481 1644 1547; x_wconf 85' lang='lat' dir='ltr'>vaisseaux,</span> <span class='ocrx_word' id='word_1_260' title='bbox 1659 1477 1759 1536; x_wconf 86' lang='lat' dir='ltr'>tendis</span> 
     </span>
     <span class='ocr_line' id='line_1_18' title="bbox 54 1548 1760 1625; baseline 0.001 -21"><span class='ocrx_word' id='word_1_261' title='bbox 54 1564 110 1620; x_wconf 89' lang='lat' dir='ltr'>que</span> <span class='ocrx_word' id='word_1_262' title='bbox 126 1548 152 1604; x_wconf 90' lang='lat' dir='ltr'>le</span> <span class='ocrx_word' id='word_1_263' title='bbox 167 1549 209 1604; x_wconf 89' lang='lat' dir='ltr'>roi</span> <span class='ocrx_word' id='word_1_264' title='bbox 227 1548 399 1617; x_wconf 78' lang='lat' dir='ltr'>l&#39;aeslegeait</span> <span class='ocrx_word' id='word_1_265' title='bbox 419 1565 470 1619; x_wconf 90' lang='lat' dir='ltr'>par</span> <span class='ocrx_word' id='word_1_266' title='bbox 484 1552 561 1605; x_wconf 89' lang='lat' dir='ltr'>terre</span> <span class='ocrx_word' id='word_1_267' title='bbox 575 1568 583 1618; x_wconf 90' lang='lat'>;</span> <span class='ocrx_word' id='word_1_268' title='bbox 598 1566 633 1604; x_wconf 93' lang='lat' dir='ltr'>au</span> <span class='ocrx_word' id='word_1_269' title='bbox 651 1550 707 1606; x_wconf 89' lang='lat' dir='ltr'>lieu</span> <span class='ocrx_word' id='word_1_270' title='bbox 724 1567 781 1623; x_wconf 91' lang='lat' dir='ltr'>quc</span> <span class='ocrx_word' id='word_1_271' title='bbox 793 1555 874 1607; x_wconf 92' lang='lat' dir='ltr'>notre</span> <span class='ocrx_word' id='word_1_272' title='bbox 889 1557 1004 1618; x_wconf 78' lang='lat' dir='ltr'>auteur,</span> <span class='ocrx_word' id='word_1_273' title='bbox 1019 1551 1131 1607; x_wconf 79' lang='lat' dir='ltr'>temolo</span> <span class='ocrx_word' id='word_1_274' title='bbox 1146 1549 1285 1620; x_wconf 89' lang='lat' dir='ltr'>oculaire,</span> <span class='ocrx_word' id='word_1_275' title='bbox 1300 1555 1406 1607; x_wconf 88' lang='lat' dir='ltr'>attesto</span> <span class='ocrx_word' id='word_1_276' title='bbox 1421 1567 1477 1624; x_wconf 90' lang='lat' dir='ltr'>que</span> <span class='ocrx_word' id='word_1_277' title='bbox 1492 1552 1535 1608; x_wconf 91' lang='lat' dir='ltr'>les</span> <span class='ocrx_word' id='word_1_278' title='bbox 1551 1550 1691 1625; x_wconf 82' lang='lat' dir='ltr'>premiere</span> <span class='ocrx_word' id='word_1_279' title='bbox 1706 1550 1760 1605; x_wconf 76' lang='lat' dir='ltr'>dt-</span> 
     </span>
     <span class='ocr_line' id='line_1_19' title="bbox 53 1620 1859 1696; baseline 0.001 -20"><span class='ocrx_word' id='word_1_280' title='bbox 53 1621 107 1676; x_wconf 89' lang='lat' dir='ltr'>bar</span> <span class='ocrx_word' id='word_1_281' title='bbox 131 1623 231 1677; x_wconf 85' lang='lat' dir='ltr'>nerent</span> <span class='ocrx_word' id='word_1_282' title='bbox 246 1621 467 1692; x_wconf 77' lang='lat' dir='ltr'>auseitotapris</span> <span class='ocrx_word' id='word_1_283' title='bbox 483 1620 547 1677; x_wconf 91' lang='lat' dir='ltr'>leur</span> <span class='ocrx_word' id='word_1_284' title='bbox 561 1622 680 1689; x_wconf 82' lang='lat' dir='ltr'>arrives,</span> <span class='ocrx_word' id='word_1_285' title='bbox 697 1623 843 1695; x_wconf 79' lang='lat' dir='ltr'>placerent</span> <span class='ocrx_word' id='word_1_286' title='bbox 857 1624 934 1680; x_wconf 88' lang='lat' dir='ltr'>leurs</span> <span class='ocrx_word' id='word_1_287' title='bbox 949 1628 1043 1680; x_wconf 89' lang='lat' dir='ltr'>tentes</span> <span class='ocrx_word' id='word_1_288' title='bbox 1059 1624 1133 1679; x_wconf 87' lang='lat' dir='ltr'>daus</span> <span class='ocrx_word' id='word_1_289' title='bbox 1150 1622 1177 1678; x_wconf 93' lang='lat' dir='ltr'>la</span> <span class='ocrx_word' id='word_1_290' title='bbox 1196 1637 1368 1696; x_wconf 84' lang='lat' dir='ltr'>campagus,</span> <span class='ocrx_word' id='word_1_291' title='bbox 1384 1627 1413 1680; x_wconf 90' lang='lat' dir='ltr'>et</span> <span class='ocrx_word' id='word_1_292' title='bbox 1432 1624 1518 1680; x_wconf 87' lang='lat' dir='ltr'>tirent</span> <span class='ocrx_word' id='word_1_293' title='bbox 1537 1638 1586 1680; x_wconf 90' lang='lat' dir='ltr'>sur</span> <span class='ocrx_word' id='word_1_294' title='bbox 1601 1625 1678 1679; x_wconf 90' lang='lat' dir='ltr'>terre</span> <span class='ocrx_word' id='word_1_295' title='bbox 1692 1635 1762 1679; x_wconf 81' lang='lat' dir='ltr'>esee</span> <span class='ocrx_word' id='word_1_296' title='bbox 1853 1657 1859 1663; x_wconf 95' lang='lat'><em>-</em></span> 
     </span>
     <span class='ocr_line' id='line_1_20' title="bbox 52 1638 915 1768; baseline 0.003 -21"><span class='ocrx_word' id='word_1_297' title='bbox 52 1691 96 1749; x_wconf 93' lang='lat' dir='ltr'>les</span> <span class='ocrx_word' id='word_1_298' title='bbox 109 1638 272 1765; x_wconf 48' lang='lat' dir='ltr'>{spagnols</span> <span class='ocrx_word' id='word_1_299' title='bbox 292 1706 415 1764; x_wconf 82' lang='lat' dir='ltr'>presque</span> <span class='ocrx_word' id='word_1_300' title='bbox 427 1697 522 1748; x_wconf 87' lang='lat' dir='ltr'>toutes</span> <span class='ocrx_word' id='word_1_301' title='bbox 537 1693 579 1749; x_wconf 89' lang='lat' dir='ltr'>les</span> <span class='ocrx_word' id='word_1_302' title='bbox 592 1693 757 1765; x_wconf 75' lang='lat' dir='ltr'>operatione</span> <span class='ocrx_word' id='word_1_303' title='bbox 773 1694 812 1750; x_wconf 93' lang='lat' dir='ltr'>du</span> <span class='ocrx_word' id='word_1_304' title='bbox 826 1694 915 1768; x_wconf 81' lang='lat' dir='ltr'>siege.</span> 
     </span>
    </p>
   </div>
   <div class='ocr_carea' id='block_1_4' title="bbox 90 1857 698 2001">
    <p class='ocr_par' dir='ltr' id='par_1_6' title="bbox 90 1857 698 2001">
     <span class='ocr_line' id='line_1_21' title="bbox 90 1857 343 1925; baseline 0.008 -15"><span class='ocrx_word' id='word_1_305' title='bbox 90 1857 126 1925; x_wconf 80' lang='grc'>(2)</span> <span class='ocrx_word' id='word_1_306' title='bbox 141 1857 184 1914; x_wconf 80' lang='lat' dir='ltr'>Ad</span> <span class='ocrx_word' id='word_1_307' title='bbox 199 1873 247 1914; x_wconf 90' lang='lat' dir='ltr'>an.</span> <span class='ocrx_word' id='word_1_308' title='bbox 265 1857 343 1913; x_wconf 76' lang='lat' dir='ltr'>llll.</span> 
     </span>
     <span class='ocr_line' id='line_1_22' title="bbox 91 1927 698 2001; baseline 0.005 -18"><span class='ocrx_word' id='word_1_309' title='bbox 91 1929 131 2001; x_wconf 84' lang='lat'>(3)</span> <span class='ocrx_word' id='word_1_310' title='bbox 147 1927 218 1985; x_wconf 86' lang='lat' dir='ltr'>Hist.</span> <span class='ocrx_word' id='word_1_311' title='bbox 233 1928 333 1986; x_wconf 86' lang='lat' dir='ltr'>eccles.</span> <span class='ocrx_word' id='word_1_312' title='bbox 352 1932 373 1984; x_wconf 90' lang='lat' dir='ltr'>t.</span> <span class='ocrx_word' id='word_1_313' title='bbox 389 1927 465 1997; x_wconf 82' lang='lat' dir='ltr'>lllV,</span> <span class='ocrx_word' id='word_1_314' title='bbox 481 1928 500 1984; x_wconf 94' lang='lat' dir='ltr'>l.</span> <span class='ocrx_word' id='word_1_315' title='bbox 514 1947 590 2000; x_wconf 78' lang='lat' dir='ltr'>cxlx,</span> <span class='ocrx_word' id='word_1_316' title='bbox 607 1947 636 1986; x_wconf 92' lang='lat' dir='ltr'>n.</span> <span class='ocrx_word' id='word_1_317' title='bbox 652 1932 698 1986; x_wconf 84' lang='lat'>21.</span> 
     </span>
    </p>
   </div>
   <div class='ocr_carea' id='block_1_5' title="bbox 320 2313 1507 2678">
    <p class='ocr_par' dir='ltr' id='par_1_7' title="bbox 320 2313 1507 2678">
     <span class='ocr_line' id='line_1_23' title="bbox 510 2313 1311 2451; baseline -0.004 -3"><span class='ocrx_word' id='word_1_318' title='bbox 510 2313 912 2451; x_wconf 72' lang='lat' dir='ltr'>Epistola</span> <span class='ocrx_word' id='word_1_319' title='bbox 959 2314 1311 2451; x_wconf 73' lang='lat' dir='ltr'>lullum</span> 
     </span>
     <span class='ocr_line' id='line_1_24' title="bbox 320 2578 1507 2678; baseline -0.012 -2"><span class='ocrx_word' id='word_1_320' title='bbox 320 2589 391 2676; x_wconf 85' lang='grc' dir='ltr'>ιι</span> <span class='ocrx_word' id='word_1_321' title='bbox 421 2585 692 2678; x_wconf 81' lang='grc' dir='ltr'><strong>ιιιιοιιιιι</strong></span> <span class='ocrx_word' id='word_1_322' title='bbox 722 2583 1081 2675; x_wconf 79' lang='lat' dir='ltr'>asrrsuorull</span> <span class='ocrx_word' id='word_1_323' title='bbox 1110 2578 1507 2674; x_wconf 78' lang='lat' dir='ltr'>Moeranusnll.</span> 
     </span>
    </p>
   </div>
   <div class='ocr_carea' id='block_1_6' title="bbox 645 2795 1186 2878">
    <p class='ocr_par' dir='ltr' id='par_1_8' title="bbox 645 2795 1186 2878">
     <span class='ocr_line' id='line_1_25' title="bbox 645 2795 1186 2878; baseline -0.007 -19"><span class='ocrx_word' id='word_1_324' title='bbox 645 2795 796 2873; x_wconf 77' lang='lat' dir='ltr'>Quomodo</span> <span class='ocrx_word' id='word_1_325' title='bbox 822 2795 1000 2860; x_wconf 81' lang='lat' dir='ltr'>Uliclslono</span> <span class='ocrx_word' id='word_1_326' title='bbox 1019 2804 1108 2878; x_wconf 81' lang='lat' dir='ltr'>copto</span> <span class='ocrx_word' id='word_1_327' title='bbox 1132 2804 1186 2858; x_wconf 83' lang='lat' dir='ltr'>eat.</span> 
     </span>
    </p>
   </div>
   <div class='ocr_carea' id='block_1_7' title="bbox 291 2969 1536 3050">
    <p class='ocr_par' dir='ltr' id='par_1_9' title="bbox 291 2969 1536 3050">
     <span class='ocr_line' id='line_1_26' title="bbox 291 2969 1536 3050; baseline -0.004 -19"><span class='ocrx_word' id='word_1_328' title='bbox 291 2976 430 3049; x_wconf 81' lang='grc' dir='ltr'><strong>(Μιιιιιιι.</strong></span> <span class='ocrx_word' id='word_1_329' title='bbox 446 2975 535 3047; x_wconf 81' lang='lat' dir='ltr'>dmpl.</span> <span class='ocrx_word' id='word_1_330' title='bbox 547 2973 673 3045; x_wconf 77' lang='lat' dir='ltr'>Collect,</span> <span class='ocrx_word' id='word_1_331' title='bbox 689 2978 711 3031; x_wconf 89' lang='grc' dir='ltr'>ι.</span> <span class='ocrx_word' id='word_1_332' title='bbox 729 2975 751 3046; x_wconf 93' lang='lat' dir='ltr'>l,</span> <span class='ocrx_word' id='word_1_333' title='bbox 771 2975 827 3035; x_wconf 89' lang='lat' dir='ltr'>ool.</span> <span class='ocrx_word' id='word_1_334' title='bbox 838 2975 901 3046; x_wconf 82' lang='lat'>800,</span> <span class='ocrx_word' id='word_1_335' title='bbox 911 2989 946 3032; x_wconf 81' lang='lat' dir='ltr'>ex</span> <span class='ocrx_word' id='word_1_336' title='bbox 961 2991 1018 3033; x_wconf 91' lang='lat' dir='ltr'>me.</span> <span class='ocrx_word' id='word_1_337' title='bbox 1033 2973 1252 3050; x_wconf 86' lang='lat' dir='ltr'>ltquieinoleusi</span> <span class='ocrx_word' id='word_1_338' title='bbox 1267 2976 1297 3031; x_wconf 91' lang='lat' dir='ltr'>et</span> <span class='ocrx_word' id='word_1_339' title='bbox 1310 2969 1536 3043; x_wconf 84' lang='lat' dir='ltr'>Gembleoenal.)</span> 
     </span>
    </p>
   </div>
   <div class='ocr_carea' id='block_1_8' title="bbox 64 3291 1767 3562">
    <p class='ocr_par' dir='ltr' id='par_1_10' title="bbox 64 3291 1767 3562">
     <span class='ocr_line' id='line_1_27' title="bbox 99 3291 1765 3379; baseline -0.011 -12"><span class='ocrx_word' id='word_1_340' title='bbox 99 3315 202 3367; x_wconf 82' lang='lat' dir='ltr'>tlraoru</span> <span class='ocrx_word' id='word_1_341' title='bbox 213 3306 371 3366; x_wconf 85' lang='lat' dir='ltr'>venerabili</span> <span class='ocrx_word' id='word_1_342' title='bbox 386 3307 563 3364; x_wconf 79' lang='lat' dir='ltr'>Tarvauensi</span> <span class='ocrx_word' id='word_1_343' title='bbox 574 3307 721 3379; x_wconf 86' lang='lat' dir='ltr'>episcopo,</span> <span class='ocrx_word' id='word_1_344' title='bbox 734 3309 884 3364; x_wconf 69' lang='lat' dir='ltr'>Aaronem</span> <span class='ocrx_word' id='word_1_345' title='bbox 900 3307 926 3375; x_wconf 74' lang='grc' dir='ltr'><strong>Α</strong></span> <span class='ocrx_word' id='word_1_346' title='bbox 942 3302 1278 3363; x_wconf 77' lang='lat' dir='ltr'>milliaribusdistat.1td</span> <span class='ocrx_word' id='word_1_347' title='bbox 1290 3291 1765 3373; x_wconf 79' lang='lat' dir='ltr'>cujusveuerabilesepulerumin</span> 
     </span>
     <span class='ocr_line' id='line_1_28' title="bbox 65 3383 1766 3473; baseline -0.012 -15"><span class='ocrx_word' id='word_1_348' title='bbox 65 3401 114 3458; x_wconf 87' lang='lat' dir='ltr'>Dei</span> <span class='ocrx_word' id='word_1_349' title='bbox 129 3400 223 3473; x_wconf 82' lang='lat' dir='ltr'>gratia</span> <span class='ocrx_word' id='word_1_350' title='bbox 239 3398 268 3455; x_wconf 91' lang='lat' dir='ltr'>ld</span> <span class='ocrx_word' id='word_1_351' title='bbox 281 3397 358 3470; x_wconf 91' lang='lat' dir='ltr'>quod</span> <span class='ocrx_word' id='word_1_352' title='bbox 375 3402 428 3466; x_wconf 89' lang='lat' dir='ltr'>est,</span> <span class='ocrx_word' id='word_1_353' title='bbox 446 3398 584 3470; x_wconf 90' lang='lat' dir='ltr'>spirltum</span> <span class='ocrx_word' id='word_1_354' title='bbox 600 3395 750 3469; x_wconf 88' lang='lat' dir='ltr'>sapientia</span> <span class='ocrx_word' id='word_1_355' title='bbox 761 3396 889 3454; x_wconf 81' lang='lat' dir='ltr'>subditis</span> <span class='ocrx_word' id='word_1_356' title='bbox 943 3396 1043 3473; x_wconf 84' lang='lat' dir='ltr'>vigilia</span> <span class='ocrx_word' id='word_1_357' title='bbox 1058 3396 1244 3455; x_wconf 87' lang='lat' dir='ltr'>Pentecostes</span> <span class='ocrx_word' id='word_1_358' title='bbox 1264 3391 1424 3461; x_wconf 86' lang='lat' dir='ltr'>venientes,</span> <span class='ocrx_word' id='word_1_359' title='bbox 1444 3392 1574 3446; x_wconf 87' lang='lat' dir='ltr'>sanctam</span> <span class='ocrx_word' id='word_1_360' title='bbox 1590 3383 1766 3444; x_wconf 85' lang='lat' dir='ltr'>solemnita-</span> 
     </span>
     <span class='ocr_line' id='line_1_29' title="bbox 64 3469 1767 3562; baseline -0.021 0"><span class='ocrx_word' id='word_1_361' title='bbox 64 3490 226 3562; x_wconf 70' lang='lat' dir='ltr'>llrovidere.</span> <span class='ocrx_word' id='word_1_362' title='bbox 944 3493 1003 3545; x_wconf 88' lang='lat' dir='ltr'>tem</span> <span class='ocrx_word' id='word_1_363' title='bbox 1019 3502 1087 3543; x_wconf 94' lang='lat' dir='ltr'>cum</span> <span class='ocrx_word' id='word_1_364' title='bbox 1107 3499 1214 3556; x_wconf 79' lang='lat' dir='ltr'>magna</span> <span class='ocrx_word' id='word_1_365' title='bbox 1234 3480 1381 3538; x_wconf 73' lang='lat' dir='ltr'>hilaritate</span> <span class='ocrx_word' id='word_1_366' title='bbox 1395 3476 1613 3536; x_wconf 84' lang='lat' dir='ltr'>celebravimus.</span> <span class='ocrx_word' id='word_1_367' title='bbox 1630 3471 1712 3530; x_wconf 87' lang='lat' dir='ltr'>Unde</span> <span class='ocrx_word' id='word_1_368' title='bbox 1730 3469 1767 3529; x_wconf 82' lang='lat' dir='ltr'>sd</span> 
     </span>
    </p>
   </div>
   <div class='ocr_carea' id='block_1_9' title="bbox 66 3559 1770 3738">
    <p class='ocr_par' dir='ltr' id='par_1_11' title="bbox 66 3559 1770 3738">
     <span class='ocr_line' id='line_1_30' title="bbox 100 3559 1768 3650; baseline -0.011 -16"><span class='ocrx_word' id='word_1_369' title='bbox 100 3578 213 3636; x_wconf 91' lang='lat' dir='ltr'>Scimus</span> <span class='ocrx_word' id='word_1_370' title='bbox 224 3593 341 3635; x_wconf 90' lang='lat' dir='ltr'>murum</span> <span class='ocrx_word' id='word_1_371' title='bbox 352 3577 493 3634; x_wconf 86' lang='lat' dir='ltr'>virtulum</span> <span class='ocrx_word' id='word_1_372' title='bbox 504 3580 667 3633; x_wconf 84' lang='lat' dir='ltr'>vestrarum</span> <span class='ocrx_word' id='word_1_373' title='bbox 681 3575 785 3632; x_wconf 89' lang='lat' dir='ltr'>turrim</span> <span class='ocrx_word' id='word_1_374' title='bbox 797 3574 890 3632; x_wconf 90' lang='lat' dir='ltr'>humi·</span> <span class='ocrx_word' id='word_1_375' title='bbox 945 3581 1062 3650; x_wconf 88' lang='lat' dir='ltr'>portum</span> <span class='ocrx_word' id='word_1_376' title='bbox 1075 3580 1248 3632; x_wconf 84' lang='lat' dir='ltr'>revertenles</span> <span class='ocrx_word' id='word_1_377' title='bbox 1263 3571 1293 3627; x_wconf 95' lang='lat' dir='ltr'>in</span> <span class='ocrx_word' id='word_1_378' title='bbox 1308 3568 1418 3628; x_wconf 88' lang='lat' dir='ltr'>octavis</span> <span class='ocrx_word' id='word_1_379' title='bbox 1429 3568 1611 3625; x_wconf 74' lang='lat' dir='ltr'>Pentecosten</span> <span class='ocrx_word' id='word_1_380' title='bbox 1625 3559 1768 3635; x_wconf 80' lang='lat' dir='ltr'>navigeri·</span> 
     </span>
     <span class='ocr_line' id='line_1_31' title="bbox 66 3649 1770 3738; baseline -0.011 -13"><span class='ocrx_word' id='word_1_381' title='bbox 66 3668 157 3726; x_wconf 90' lang='lat' dir='ltr'>litatis</span> <span class='ocrx_word' id='word_1_382' title='bbox 171 3668 243 3725; x_wconf 90' lang='lat' dir='ltr'>adeo</span> <span class='ocrx_word' id='word_1_383' title='bbox 258 3667 399 3737; x_wconf 88' lang='lat' dir='ltr'>munisse,</span> <span class='ocrx_word' id='word_1_384' title='bbox 411 3671 441 3722; x_wconf 92' lang='grc' dir='ltr'>ιι</span> <span class='ocrx_word' id='word_1_385' title='bbox 452 3665 545 3723; x_wconf 91' lang='lat' dir='ltr'>hostis</span> <span class='ocrx_word' id='word_1_386' title='bbox 555 3665 604 3722; x_wconf 90' lang='lat' dir='ltr'>ille</span> <span class='ocrx_word' id='word_1_387' title='bbox 620 3666 758 3738; x_wconf 86' lang='lat' dir='ltr'>antiquus</span> <span class='ocrx_word' id='word_1_388' title='bbox 774 3664 891 3736; x_wconf 82' lang='lat' dir='ltr'>longius</span> <span class='ocrx_word' id='word_1_389' title='bbox 945 3683 1021 3724; x_wconf 89' lang='lat' dir='ltr'>mus.</span> <span class='ocrx_word' id='word_1_390' title='bbox 1037 3664 1170 3722; x_wconf 80' lang='lat' dir='ltr'>Secunda</span> <span class='ocrx_word' id='word_1_391' title='bbox 1184 3661 1254 3718; x_wconf 87' lang='lat' dir='ltr'>ioris</span> <span class='ocrx_word' id='word_1_392' title='bbox 1271 3660 1307 3717; x_wconf 91' lang='lat' dir='ltr'>ad</span> <span class='ocrx_word' id='word_1_393' title='bbox 1322 3656 1502 3728; x_wconf 71' lang='lat' dir='ltr'>portugalim</span> <span class='ocrx_word' id='word_1_394' title='bbox 1519 3671 1571 3728; x_wconf 90' lang='lat' dir='ltr'>per</span> <span class='ocrx_word' id='word_1_395' title='bbox 1584 3652 1699 3710; x_wconf 84' lang='lat' dir='ltr'>alveum</span> <span class='ocrx_word' id='word_1_396' title='bbox 1714 3649 1770 3707; x_wconf 87' lang='lat' dir='ltr'>llo·</span> 
     </span>
    </p>
   </div>
   <div class='ocr_carea' id='block_1_10' title="bbox 67 3738 1874 3830">
    <p class='ocr_par' dir='ltr' id='par_1_12' title="bbox 67 3738 1874 3830">
     <span class='ocr_line' id='line_1_32' title="bbox 67 3738 1874 3830; baseline -0.01 -15"><span class='ocrx_word' id='word_1_397' title='bbox 67 3763 210 3827; x_wconf 74' lang='lat' dir='ltr'>arceatur,</span> <span class='ocrx_word' id='word_1_398' title='bbox 240 3758 317 3830; x_wconf 87' lang='lat' dir='ltr'>quod</span> <span class='ocrx_word' id='word_1_399' title='bbox 348 3757 547 3830; x_wconf 87' lang='lat' dir='ltr'>experimento</span> <span class='ocrx_word' id='word_1_400' title='bbox 577 3756 744 3825; x_wconf 89' lang='lat' dir='ltr'>didicimus,</span> <span class='ocrx_word' id='word_1_401' title='bbox 773 3755 890 3827; x_wconf 83' lang='lat' dir='ltr'>quando</span> <span class='ocrx_word' id='word_1_402' title='bbox 946 3755 1035 3812; x_wconf 90' lang='lat' dir='ltr'>minis</span> <span class='ocrx_word' id='word_1_403' title='bbox 1050 3752 1102 3825; x_wconf 91' lang='lat' dir='ltr'>qui</span> <span class='ocrx_word' id='word_1_404' title='bbox 1116 3752 1219 3809; x_wconf 86' lang='lat' dir='ltr'>Uorlus</span> <span class='ocrx_word' id='word_1_405' title='bbox 1243 3744 1571 3819; x_wconf 84' lang='lat' dir='ltr'>diciturapplicuimus,</span> <span class='ocrx_word' id='word_1_406' title='bbox 1587 3740 1636 3798; x_wconf 90' lang='lat' dir='ltr'>ubi</span> <span class='ocrx_word' id='word_1_407' title='bbox 1659 3738 1770 3810; x_wconf 84' lang='lat' dir='ltr'>episco-</span> <span class='ocrx_word' id='word_1_408' title='bbox 1820 3784 1824 3789; x_wconf 97' lang='lat'>.</span> <span class='ocrx_word' id='word_1_409' title='bbox 1866 3774 1874 3797; x_wconf 91' lang='grc'>-.</span> 
     </span>
    </p>
   </div>
   <div class='ocr_carea' id='block_1_11' title="bbox 62 3837 1872 5620">
    <p class='ocr_par' dir='ltr' id='par_1_13' title="bbox 62 3837 1872 5620">
     <span class='ocr_line' id='line_1_33' title="bbox 64 3837 1772 3917; baseline -0.014 -11"><span class='ocrx_word' id='word_1_410' title='bbox 64 3848 149 3906; x_wconf 84' lang='lat' dir='ltr'>uobis</span> <span class='ocrx_word' id='word_1_411' title='bbox 165 3848 308 3905; x_wconf 87' lang='lat' dir='ltr'>sanctitas</span> <span class='ocrx_word' id='word_1_412' title='bbox 321 3855 417 3904; x_wconf 86' lang='lat' dir='ltr'>vestra</span> <span class='ocrx_word' id='word_1_413' title='bbox 432 3844 650 3912; x_wconf 78' lang='lat' dir='ltr'>condescendit,</span> <span class='ocrx_word' id='word_1_414' title='bbox 660 3849 689 3902; x_wconf 91' lang='lat' dir='ltr'>et</span> <span class='ocrx_word' id='word_1_415' title='bbox 699 3844 905 3902; x_wconf 87' lang='lat' dir='ltr'>navalesmo··</span> <span class='ocrx_word' id='word_1_416' title='bbox 946 3861 1017 3917; x_wconf 93' lang='lat' dir='ltr'>pum</span> <span class='ocrx_word' id='word_1_417' title='bbox 1032 3840 1158 3900; x_wconf 86' lang='lat' dir='ltr'>civitatis</span> <span class='ocrx_word' id='word_1_418' title='bbox 1172 3839 1305 3911; x_wconf 84' lang='lat' dir='ltr'>ejusdem</span> <span class='ocrx_word' id='word_1_419' title='bbox 1320 3837 1478 3893; x_wconf 85' lang='lat' dir='ltr'>adventum</span> <span class='ocrx_word' id='word_1_420' title='bbox 1489 3837 1618 3889; x_wconf 86' lang='lat' dir='ltr'>nostrum</span> <span class='ocrx_word' id='word_1_421' title='bbox 1633 3843 1701 3885; x_wconf 92' lang='lat' dir='ltr'>oum</span> <span class='ocrx_word' id='word_1_422' title='bbox 1711 3841 1772 3883; x_wconf 89' lang='lat' dir='ltr'>me·</span> 
     </span>
     <span class='ocr_line' id='line_1_34' title="bbox 62 3916 1771 4019; baseline -0.015 -23"><span class='ocrx_word' id='word_1_423' title='bbox 62 3944 112 3997; x_wconf 88' lang='lat' dir='ltr'>tus</span> <span class='ocrx_word' id='word_1_424' title='bbox 127 3937 326 3995; x_wconf 84' lang='lat' dir='ltr'>secretissima</span> <span class='ocrx_word' id='word_1_425' title='bbox 350 3936 554 3993; x_wconf 87' lang='lat' dir='ltr'>benediollone</span> <span class='ocrx_word' id='word_1_426' title='bbox 568 3934 694 3993; x_wconf 79' lang='lat' dir='ltr'>dextere</span> <span class='ocrx_word' id='word_1_427' title='bbox 715 3939 815 3991; x_wconf 79' lang='lat' dir='ltr'>eostre</span> <span class='ocrx_word' id='word_1_428' title='bbox 835 3934 893 3990; x_wconf 89' lang='lat' dir='ltr'>cir·</span> <span class='ocrx_word' id='word_1_429' title='bbox 946 3950 1004 4009; x_wconf 82' lang='lat' dir='ltr'>gno</span> <span class='ocrx_word' id='word_1_430' title='bbox 1032 3931 1138 4005; x_wconf 82' lang='lat' dir='ltr'>gaudio</span> <span class='ocrx_word' id='word_1_431' title='bbox 1163 3931 1245 4002; x_wconf 74' lang='lat' dir='ltr'>juxta</span> <span class='ocrx_word' id='word_1_432' title='bbox 1260 3929 1437 4000; x_wconf 81' lang='lat' dir='ltr'>preceptum</span> <span class='ocrx_word' id='word_1_433' title='bbox 1458 3922 1534 3996; x_wconf 78' lang='lat' dir='ltr'>regis</span> <span class='ocrx_word' id='word_1_434' title='bbox 1554 3916 1771 4019; x_wconf 73' lang='lat' dir='ltr'>prestolentem</span> 
     </span>
     <span class='ocr_line' id='line_1_35' title="bbox 64 4005 1772 4101; baseline -0.015 -15"><span class='ocrx_word' id='word_1_435' title='bbox 64 4028 238 4101; x_wconf 90' lang='lat' dir='ltr'>cumsepsit,</span> <span class='ocrx_word' id='word_1_436' title='bbox 253 4032 286 4084; x_wconf 93' lang='grc' dir='ltr'>ιι</span> <span class='ocrx_word' id='word_1_437' title='bbox 306 4042 359 4083; x_wconf 90' lang='lat' dir='ltr'>neo</span> <span class='ocrx_word' id='word_1_438' title='bbox 389 4025 580 4098; x_wconf 88' lang='lat' dir='ltr'>procellarum</span> <span class='ocrx_word' id='word_1_439' title='bbox 602 4031 684 4082; x_wconf 90' lang='lat' dir='ltr'>motn</span> <span class='ocrx_word' id='word_1_440' title='bbox 704 4025 893 4083; x_wconf 86' lang='lat' dir='ltr'>turbaremur</span> <span class='ocrx_word' id='word_1_441' title='bbox 947 4023 1118 4097; x_wconf 84' lang='lat' dir='ltr'>reperimus.</span> <span class='ocrx_word' id='word_1_442' title='bbox 1135 4018 1190 4077; x_wconf 90' lang='lat' dir='ltr'>Ubi</span> <span class='ocrx_word' id='word_1_443' title='bbox 1207 4033 1258 4090; x_wconf 91' lang='lat' dir='ltr'>per</span> <span class='ocrx_word' id='word_1_444' title='bbox 1280 4014 1561 4073; x_wconf 84' lang='lat' dir='ltr'>diesxladventum</span> <span class='ocrx_word' id='word_1_445' title='bbox 1585 4011 1702 4066; x_wconf 80' lang='lat' dir='ltr'>comatre</span> <span class='ocrx_word' id='word_1_446' title='bbox 1718 4005 1772 4062; x_wconf 77' lang='grc' dir='ltr'>Αι-</span> 
     </span>
     <span class='ocr_line' id='line_1_36' title="bbox 67 4097 1772 4197; baseline -0.016 -21"><span class='ocrx_word' id='word_1_447' title='bbox 67 4136 120 4176; x_wconf 90' lang='lat' dir='ltr'>ueo</span> <span class='ocrx_word' id='word_1_448' title='bbox 144 4117 307 4174; x_wconf 89' lang='lat' dir='ltr'>llamiuum.</span> <span class='ocrx_word' id='word_1_449' title='bbox 322 4118 501 4188; x_wconf 87' lang='lat' dir='ltr'>Quapropter</span> <span class='ocrx_word' id='word_1_450' title='bbox 525 4133 578 4173; x_wconf 91' lang='lat' dir='ltr'>nos</span> <span class='ocrx_word' id='word_1_451' title='bbox 597 4116 684 4187; x_wconf 90' lang='lat' dir='ltr'>posili</span> <span class='ocrx_word' id='word_1_452' title='bbox 709 4115 738 4172; x_wconf 93' lang='lat' dir='ltr'>in</span> <span class='ocrx_word' id='word_1_453' title='bbox 758 4115 829 4172; x_wconf 87' lang='lat' dir='ltr'>valle</span> <span class='ocrx_word' id='word_1_454' title='bbox 850 4115 893 4172; x_wconf 90' lang='lat' dir='ltr'>la·</span> <span class='ocrx_word' id='word_1_455' title='bbox 947 4113 1026 4172; x_wconf 90' lang='lat' dir='ltr'>noldi</span> <span class='ocrx_word' id='word_1_456' title='bbox 1042 4103 1408 4179; x_wconf 79' lang='lat' dir='ltr'>deArdescot[ol.lrnulli</span> <span class='ocrx_word' id='word_1_457' title='bbox 1424 4103 1459 4159; x_wconf 92' lang='lat' dir='ltr'>de</span> <span class='ocrx_word' id='word_1_458' title='bbox 1483 4097 1642 4197; x_wconf 63' lang='lat' dir='ltr'>Aresobotl,</span> <span class='ocrx_word' id='word_1_459' title='bbox 1658 4107 1772 4152; x_wconf 87' lang='lat' dir='ltr'>necnon</span> 
     </span>
     <span class='ocr_line' id='line_1_37' title="bbox 66 4187 1772 4281; baseline -0.016 -15"><span class='ocrx_word' id='word_1_460' title='bbox 66 4224 232 4280; x_wconf 80' lang='lat' dir='ltr'>crymerum</span> <span class='ocrx_word' id='word_1_461' title='bbox 242 4206 273 4263; x_wconf 94' lang='lat' dir='ltr'>in</span> <span class='ocrx_word' id='word_1_462' title='bbox 285 4206 458 4281; x_wconf 90' lang='lat' dir='ltr'>compendio</span> <span class='ocrx_word' id='word_1_463' title='bbox 466 4210 567 4263; x_wconf 84' lang='lat' dir='ltr'>vestras</span> <span class='ocrx_word' id='word_1_464' title='bbox 579 4205 747 4279; x_wconf 87' lang='lat' dir='ltr'>paternitati</span> <span class='ocrx_word' id='word_1_465' title='bbox 758 4204 894 4262; x_wconf 89' lang='lat' dir='ltr'>transcri-</span> <span class='ocrx_word' id='word_1_466' title='bbox 947 4200 1103 4260; x_wconf 82' lang='lat' dir='ltr'>Christiani</span> <span class='ocrx_word' id='word_1_467' title='bbox 1118 4195 1339 4262; x_wconf 78' lang='lat' dir='ltr'>constabularii,</span> <span class='ocrx_word' id='word_1_468' title='bbox 1356 4193 1406 4265; x_wconf 93' lang='lat' dir='ltr'>qui</span> <span class='ocrx_word' id='word_1_469' title='bbox 1421 4209 1439 4249; x_wconf 89' lang='lat' dir='ltr'>a</span> <span class='ocrx_word' id='word_1_470' title='bbox 1452 4188 1681 4261; x_wconf 82' lang='lat' dir='ltr'>uobisprosdrota</span> <span class='ocrx_word' id='word_1_471' title='bbox 1695 4187 1772 4241; x_wconf 86' lang='lat' dir='ltr'>tam·</span> 
     </span>
     <span class='ocr_line' id='line_1_38' title="bbox 69 4271 1771 4379; baseline -0.015 -25"><span class='ocrx_word' id='word_1_472' title='bbox 69 4297 178 4365; x_wconf 89' lang='lat' dir='ltr'>bimus,</span> <span class='ocrx_word' id='word_1_473' title='bbox 189 4311 274 4368; x_wconf 90' lang='lat' dir='ltr'>quem</span> <span class='ocrx_word' id='word_1_474' title='bbox 291 4294 350 4352; x_wconf 84' lang='lat' dir='ltr'>Rex</span> <span class='ocrx_word' id='word_1_475' title='bbox 363 4293 630 4365; x_wconf 79' lang='lat' dir='ltr'>requmtirunculls</span> <span class='ocrx_word' id='word_1_476' title='bbox 646 4294 709 4350; x_wconf 88' lang='lat' dir='ltr'>sula</span> <span class='ocrx_word' id='word_1_477' title='bbox 725 4293 824 4350; x_wconf 83' lang='lat' dir='ltr'>lecerit</span> <span class='ocrx_word' id='word_1_478' title='bbox 834 4299 892 4350; x_wconf 88' lang='lat' dir='ltr'>eta·</span> <span class='ocrx_word' id='word_1_479' title='bbox 948 4298 1057 4365; x_wconf 84' lang='lat' dir='ltr'>pestate</span> <span class='ocrx_word' id='word_1_480' title='bbox 1076 4287 1162 4347; x_wconf 85' lang='lat' dir='ltr'>divisi</span> <span class='ocrx_word' id='word_1_481' title='bbox 1181 4289 1265 4344; x_wconf 91' lang='lat' dir='ltr'>srant</span> <span class='ocrx_word' id='word_1_482' title='bbox 1290 4284 1501 4356; x_wconf 81' lang='lat' dir='ltr'>exspectantes,</span> <span class='ocrx_word' id='word_1_483' title='bbox 1526 4291 1640 4379; x_wconf 77' lang='lat' dir='ltr'>aquam</span> <span class='ocrx_word' id='word_1_484' title='bbox 1668 4271 1771 4331; x_wconf 86' lang='lat' dir='ltr'>rendi·</span> 
     </span>
     <span class='ocr_line' id='line_1_39' title="bbox 68 4361 1769 4467; baseline -0.015 -23"><span class='ocrx_word' id='word_1_485' title='bbox 68 4391 144 4443; x_wconf 91' lang='lat' dir='ltr'>tum.</span> <span class='ocrx_word' id='word_1_486' title='bbox 161 4389 193 4443; x_wconf 94' lang='lat' dir='ltr'>ln</span> <span class='ocrx_word' id='word_1_487' title='bbox 208 4386 319 4459; x_wconf 75' lang='lat' dir='ltr'>anglie</span> <span class='ocrx_word' id='word_1_488' title='bbox 331 4390 414 4457; x_wconf 87' lang='lat' dir='ltr'>portu</span> <span class='ocrx_word' id='word_1_489' title='bbox 431 4385 481 4457; x_wconf 89' lang='lat' dir='ltr'>qui</span> <span class='ocrx_word' id='word_1_490' title='bbox 493 4385 696 4443; x_wconf 72' lang='lat' dir='ltr'>&#39;tredemunde</span> <span class='ocrx_word' id='word_1_491' title='bbox 708 4386 769 4459; x_wconf 88' lang='lat' dir='ltr'>[ol.,</span> <span class='ocrx_word' id='word_1_492' title='bbox 785 4384 894 4441; x_wconf 85' lang='lat' dir='ltr'>Trede-</span> <span class='ocrx_word' id='word_1_493' title='bbox 947 4383 1057 4439; x_wconf 89' lang='lat' dir='ltr'>tionem</span> <span class='ocrx_word' id='word_1_494' title='bbox 1069 4384 1129 4436; x_wconf 91' lang='lat' dir='ltr'>tam</span> <span class='ocrx_word' id='word_1_495' title='bbox 1144 4377 1202 4433; x_wconf 88' lang='lat' dir='ltr'>rinl</span> <span class='ocrx_word' id='word_1_496' title='bbox 1218 4391 1307 4448; x_wconf 86' lang='lat' dir='ltr'>quem</span> <span class='ocrx_word' id='word_1_497' title='bbox 1318 4361 1769 4467; x_wconf 77' lang='lat' dir='ltr'>craterarumdelrcrarumexbe-</span> 
     </span>
     <span class='ocr_line' id='line_1_40' title="bbox 70 4450 1770 4557; baseline -0.015 -25"><span class='ocrx_word' id='word_1_498' title='bbox 70 4473 177 4548; x_wconf 81' lang='lat' dir='ltr'>madal,</span> <span class='ocrx_word' id='word_1_499' title='bbox 199 4475 318 4544; x_wconf 90' lang='lat' dir='ltr'>dicitur,</span> <span class='ocrx_word' id='word_1_500' title='bbox 343 4474 475 4547; x_wconf 88' lang='lat' dir='ltr'>undique</span> <span class='ocrx_word' id='word_1_501' title='bbox 496 4477 639 4532; x_wconf 89' lang='lat' dir='ltr'>terrarum</span> <span class='ocrx_word' id='word_1_502' title='bbox 657 4474 756 4531; x_wconf 89' lang='lat' dir='ltr'>divino</span> <span class='ocrx_word' id='word_1_503' title='bbox 775 4472 894 4531; x_wconf 88' lang='lat' dir='ltr'>llamiuo</span> <span class='ocrx_word' id='word_1_504' title='bbox 948 4467 1111 4529; x_wconf 84' lang='lat' dir='ltr'>nevoleotia</span> <span class='ocrx_word' id='word_1_505' title='bbox 1125 4466 1202 4540; x_wconf 81' lang='lat' dir='ltr'>regis</span> <span class='ocrx_word' id='word_1_506' title='bbox 1216 4463 1387 4521; x_wconf 89' lang='lat' dir='ltr'>habuimus.</span> <span class='ocrx_word' id='word_1_507' title='bbox 1399 4459 1510 4517; x_wconf 76' lang='lat' dir='ltr'>Exinde</span> <span class='ocrx_word' id='word_1_508' title='bbox 1524 4450 1770 4557; x_wconf 69' lang='lat' dir='ltr'>oomrteArnaldo</span> 
     </span>
     <span class='ocr_line' id='line_1_41' title="bbox 69 4542 1771 4637; baseline -0.016 -15"><span class='ocrx_word' id='word_1_509' title='bbox 69 4562 236 4637; x_wconf 86' lang='lat' dir='ltr'>compulsus</span> <span class='ocrx_word' id='word_1_510' title='bbox 260 4561 397 4620; x_wconf 81' lang='lat' dir='ltr'>convenit</span> <span class='ocrx_word' id='word_1_511' title='bbox 416 4561 529 4620; x_wconf 85' lang='lat' dir='ltr'>navalis</span> <span class='ocrx_word' id='word_1_512' title='bbox 552 4564 708 4621; x_wconf 86' lang='lat' dir='ltr'>exercitus.</span> <span class='ocrx_word' id='word_1_513' title='bbox 730 4562 763 4620; x_wconf 94' lang='lat' dir='ltr'>In</span> <span class='ocrx_word' id='word_1_514' title='bbox 779 4564 806 4619; x_wconf 89' lang='lat' dir='ltr'>vl</span> <span class='ocrx_word' id='word_1_515' title='bbox 822 4561 894 4619; x_wconf 88' lang='lat' dir='ltr'>laria</span> <span class='ocrx_word' id='word_1_516' title='bbox 948 4558 1097 4630; x_wconf 87' lang='lat' dir='ltr'>simulque</span> <span class='ocrx_word' id='word_1_517' title='bbox 1126 4550 1342 4612; x_wconf 86' lang='lat' dir='ltr'>constabulario</span> <span class='ocrx_word' id='word_1_518' title='bbox 1371 4545 1506 4620; x_wconf 88' lang='lat' dir='ltr'>receptis,</span> <span class='ocrx_word' id='word_1_519' title='bbox 1536 4545 1718 4617; x_wconf 81' lang='lat' dir='ltr'>navigantes,</span> <span class='ocrx_word' id='word_1_520' title='bbox 1740 4542 1771 4596; x_wconf 91' lang='lat' dir='ltr'>et</span> 
     </span>
     <span class='ocr_line' id='line_1_42' title="bbox 69 4634 1769 4726; baseline -0.016 -15"><span class='ocrx_word' id='word_1_521' title='bbox 69 4660 136 4711; x_wconf 86' lang='lat' dir='ltr'>ante</span> <span class='ocrx_word' id='word_1_522' title='bbox 154 4652 330 4726; x_wconf 83' lang='lat' dir='ltr'>Rogationee</span> <span class='ocrx_word' id='word_1_523' title='bbox 354 4651 554 4724; x_wconf 82' lang='lat' dir='ltr'>navigavimus</span> <span class='ocrx_word' id='word_1_524' title='bbox 583 4668 650 4709; x_wconf 90' lang='lat' dir='ltr'>cum</span> <span class='ocrx_word' id='word_1_525' title='bbox 671 4651 806 4709; x_wconf 89' lang='lat' dir='ltr'>ducentis</span> <span class='ocrx_word' id='word_1_526' title='bbox 834 4651 893 4708; x_wconf 83' lang='lat' dir='ltr'>lere</span> <span class='ocrx_word' id='word_1_527' title='bbox 949 4649 1063 4705; x_wconf 86' lang='lat' dir='ltr'>alveum</span> <span class='ocrx_word' id='word_1_528' title='bbox 1080 4641 1211 4702; x_wconf 83' lang='lat' dir='ltr'>fluminis</span> <span class='ocrx_word' id='word_1_529' title='bbox 1227 4641 1277 4716; x_wconf 91' lang='lat' dir='ltr'>qui</span> <span class='ocrx_word' id='word_1_530' title='bbox 1293 4639 1412 4713; x_wconf 82' lang='lat' dir='ltr'>Tangua</span> <span class='ocrx_word' id='word_1_531' title='bbox 1427 4635 1536 4695; x_wconf 88' lang='lat' dir='ltr'>dicitur</span> <span class='ocrx_word' id='word_1_532' title='bbox 1549 4634 1704 4697; x_wconf 87' lang='lat' dir='ltr'>intrantes,</span> <span class='ocrx_word' id='word_1_533' title='bbox 1720 4640 1769 4684; x_wconf 84' lang='lat' dir='ltr'>se·</span> 
     </span>
     <span class='ocr_line' id='line_1_43' title="bbox 72 4697 1829 4824; baseline -0.017 -24"><span class='ocrx_word' id='word_1_534' title='bbox 72 4741 205 4808; x_wconf 86' lang='lat' dir='ltr'>naribus,</span> <span class='ocrx_word' id='word_1_535' title='bbox 221 4745 249 4798; x_wconf 87' lang='lat' dir='ltr'>et</span> <span class='ocrx_word' id='word_1_536' title='bbox 259 4741 415 4800; x_wconf 88' lang='lat' dir='ltr'>continuos</span> <span class='ocrx_word' id='word_1_537' title='bbox 429 4745 538 4812; x_wconf 89' lang='lat' dir='ltr'>septem</span> <span class='ocrx_word' id='word_1_538' title='bbox 555 4743 617 4798; x_wconf 89' lang='lat' dir='ltr'>dlee</span> <span class='ocrx_word' id='word_1_539' title='bbox 633 4745 662 4798; x_wconf 84' lang='lat' dir='ltr'>et</span> <span class='ocrx_word' id='word_1_540' title='bbox 673 4746 773 4799; x_wconf 90' lang='lat' dir='ltr'>noctes</span> <span class='ocrx_word' id='word_1_541' title='bbox 794 4741 822 4797; x_wconf 91' lang='lat' dir='ltr'>in</span> <span class='ocrx_word' id='word_1_542' title='bbox 834 4740 893 4796; x_wconf 91' lang='lat' dir='ltr'>alto</span> <span class='ocrx_word' id='word_1_543' title='bbox 908 4697 933 4762; x_wconf 75' lang='lat' dir='ltr'>B</span> <span class='ocrx_word' id='word_1_544' title='bbox 948 4738 1044 4794; x_wconf 87' lang='lat' dir='ltr'>cunda</span> <span class='ocrx_word' id='word_1_545' title='bbox 1057 4735 1104 4791; x_wconf 90' lang='lat' dir='ltr'>die</span> <span class='ocrx_word' id='word_1_546' title='bbox 1115 4733 1191 4806; x_wconf 90' lang='lat' dir='ltr'>apud</span> <span class='ocrx_word' id='word_1_547' title='bbox 1208 4730 1408 4789; x_wconf 84' lang='lat' dir='ltr'>Ulixisbouam</span> <span class='ocrx_word' id='word_1_548' title='bbox 1421 4727 1452 4784; x_wconf 91' lang='lat' dir='ltr'>in</span> <span class='ocrx_word' id='word_1_549' title='bbox 1462 4717 1770 4824; x_wconf 68' lang='lat' dir='ltr'>vigiliaapostolorum</span> <span class='ocrx_word' id='word_1_550' title='bbox 1824 4776 1829 4785; x_wconf 53' lang='grc'><strong>,</strong></span> 
     </span>
     <span class='ocr_line' id='line_1_44' title="bbox 72 4805 1773 4908; baseline -0.017 -18"><span class='ocrx_word' id='word_1_551' title='bbox 72 4831 147 4890; x_wconf 88' lang='lat' dir='ltr'>marl</span> <span class='ocrx_word' id='word_1_552' title='bbox 162 4831 338 4897; x_wconf 88' lang='lat' dir='ltr'>laborantes,</span> <span class='ocrx_word' id='word_1_553' title='bbox 355 4830 384 4886; x_wconf 93' lang='lat' dir='ltr'>in</span> <span class='ocrx_word' id='word_1_554' title='bbox 409 4831 510 4903; x_wconf 80' lang='lat' dir='ltr'>vigilia</span> <span class='ocrx_word' id='word_1_555' title='bbox 529 4831 716 4888; x_wconf 71' lang='lat' dir='ltr'>ascensionis</span> <span class='ocrx_word' id='word_1_556' title='bbox 736 4834 765 4887; x_wconf 91' lang='lat' dir='ltr'>et</span> <span class='ocrx_word' id='word_1_557' title='bbox 780 4830 809 4886; x_wconf 88' lang='lat' dir='ltr'>ia</span> <span class='ocrx_word' id='word_1_558' title='bbox 829 4831 895 4902; x_wconf 87' lang='lat' dir='ltr'>ipsa</span> <span class='ocrx_word' id='word_1_559' title='bbox 950 4826 1025 4884; x_wconf 87' lang='lat' dir='ltr'>Petri</span> <span class='ocrx_word' id='word_1_560' title='bbox 1040 4829 1069 4882; x_wconf 94' lang='lat' dir='ltr'>et</span> <span class='ocrx_word' id='word_1_561' title='bbox 1083 4821 1164 4879; x_wconf 87' lang='lat' dir='ltr'>Pauli</span> <span class='ocrx_word' id='word_1_562' title='bbox 1179 4820 1433 4895; x_wconf 74' lang='lat' dir='ltr'>appulimusoue</span> <span class='ocrx_word' id='word_1_563' title='bbox 1444 4813 1643 4881; x_wconf 83' lang='lat' dir='ltr'>civitas,sieut</span> <span class='ocrx_word' id='word_1_564' title='bbox 1652 4805 1773 4908; x_wconf 78' lang='lat' dir='ltr'>tradunt</span> 
     </span>
     <span class='ocr_line' id='line_1_45' title="bbox 72 4895 1772 4991; baseline -0.016 -15"><span class='ocrx_word' id='word_1_565' title='bbox 72 4920 119 4976; x_wconf 90' lang='lat' dir='ltr'>dle</span> <span class='ocrx_word' id='word_1_566' title='bbox 134 4917 259 4976; x_wconf 87' lang='lat' dir='ltr'>solemni</span> <span class='ocrx_word' id='word_1_567' title='bbox 274 4918 435 4977; x_wconf 80' lang='lat' dir='ltr'>saevissima</span> <span class='ocrx_word' id='word_1_568' title='bbox 450 4923 619 4991; x_wconf 86' lang='lat' dir='ltr'>tempestate</span> <span class='ocrx_word' id='word_1_569' title='bbox 639 4919 778 4990; x_wconf 91' lang='lat' dir='ltr'>quassati,</span> <span class='ocrx_word' id='word_1_570' title='bbox 794 4922 894 4975; x_wconf 78' lang='lat' dir='ltr'>octavo</span> <span class='ocrx_word' id='word_1_571' title='bbox 950 4915 1077 4973; x_wconf 81' lang='lat' dir='ltr'>historias</span> <span class='ocrx_word' id='word_1_572' title='bbox 1107 4914 1329 4977; x_wconf 88' lang='lat' dir='ltr'>Saracenorum,</span> <span class='ocrx_word' id='word_1_573' title='bbox 1354 4909 1390 4965; x_wconf 89' lang='lat' dir='ltr'>ab</span> <span class='ocrx_word' id='word_1_574' title='bbox 1421 4905 1503 4963; x_wconf 84' lang='lat' dir='ltr'>Ulixe</span> <span class='ocrx_word' id='word_1_575' title='bbox 1531 4906 1598 4976; x_wconf 92' lang='lat' dir='ltr'>post</span> <span class='ocrx_word' id='word_1_576' title='bbox 1625 4895 1772 4954; x_wconf 81' lang='lat' dir='ltr'>excidium</span> 
     </span>
     <span class='ocr_line' id='line_1_46' title="bbox 72 4995 1774 5091; baseline -0.015 -25"><span class='ocrx_word' id='word_1_577' title='bbox 72 5009 190 5066; x_wconf 88' lang='lat' dir='ltr'>demum</span> <span class='ocrx_word' id='word_1_578' title='bbox 203 5008 250 5065; x_wconf 90' lang='lat' dir='ltr'>die</span> <span class='ocrx_word' id='word_1_579' title='bbox 264 5008 295 5064; x_wconf 92' lang='lat' dir='ltr'>ln</span> <span class='ocrx_word' id='word_1_580' title='bbox 310 5013 428 5080; x_wconf 91' lang='lat' dir='ltr'>portum</span> <span class='ocrx_word' id='word_1_581' title='bbox 439 5007 644 5081; x_wconf 72' lang='lat' dir='ltr'>Hispaniaqui</span> <span class='ocrx_word' id='word_1_582' title='bbox 655 5008 761 5064; x_wconf 88' lang='lat' dir='ltr'>Gollim</span> <span class='ocrx_word' id='word_1_583' title='bbox 772 5007 896 5080; x_wconf 76' lang='lat' dir='ltr'>[alum—</span> <span class='ocrx_word' id='word_1_584' title='bbox 951 5006 1044 5077; x_wconf 75' lang='lat' dir='ltr'>&#39;trojae</span> <span class='ocrx_word' id='word_1_585' title='bbox 1068 5001 1197 5070; x_wconf 87' lang='lat' dir='ltr'>condite,</span> <span class='ocrx_word' id='word_1_586' title='bbox 1226 4996 1355 5055; x_wconf 89' lang='lat' dir='ltr'>mirabili</span> <span class='ocrx_word' id='word_1_587' title='bbox 1376 4998 1525 5053; x_wconf 85' lang='lat' dir='ltr'>structura</span> <span class='ocrx_word' id='word_1_588' title='bbox 1547 4995 1606 5091; x_wconf 74' lang='lat' dir='ltr'>tem</span> <span class='ocrx_word' id='word_1_589' title='bbox 1623 4997 1774 5090; x_wconf 78' lang='lat' dir='ltr'>mororum</span> 
     </span>
     <span class='ocr_line' id='line_1_47' title="bbox 73 5074 1776 5171; baseline -0.015 -17"><span class='ocrx_word' id='word_1_590' title='bbox 73 5097 147 5170; x_wconf 85' lang='lat' dir='ltr'>aem]</span> <span class='ocrx_word' id='word_1_591' title='bbox 163 5096 346 5154; x_wconf 89' lang='lat' dir='ltr'>diciturcum</span> <span class='ocrx_word' id='word_1_592' title='bbox 363 5097 577 5171; x_wconf 80' lang='lat' dir='ltr'>quinquaginta</span> <span class='ocrx_word' id='word_1_593' title='bbox 592 5097 796 5165; x_wconf 85' lang='lat' dir='ltr'>serenavibus,</span> <span class='ocrx_word' id='word_1_594' title='bbox 810 5105 895 5153; x_wconf 82' lang='lat' dir='ltr'>cele·</span> <span class='ocrx_word' id='word_1_595' title='bbox 952 5110 1041 5168; x_wconf 91' lang='lat' dir='ltr'>quam</span> <span class='ocrx_word' id='word_1_596' title='bbox 1058 5092 1185 5149; x_wconf 89' lang='lat' dir='ltr'>turrium</span> <span class='ocrx_word' id='word_1_597' title='bbox 1201 5105 1290 5162; x_wconf 88' lang='lat' dir='ltr'>super</span> <span class='ocrx_word' id='word_1_598' title='bbox 1307 5090 1436 5145; x_wconf 90' lang='lat' dir='ltr'>montem</span> <span class='ocrx_word' id='word_1_599' title='bbox 1451 5084 1588 5139; x_wconf 76' lang='lat' dir='ltr'>humanis</span> <span class='ocrx_word' id='word_1_600' title='bbox 1603 5074 1717 5135; x_wconf 83' lang='lat' dir='ltr'>rrrlbua</span> <span class='ocrx_word' id='word_1_601' title='bbox 1730 5088 1776 5129; x_wconf 85' lang='lat' dir='ltr'>tn·</span> 
     </span>
     <span class='ocr_line' id='line_1_48' title="bbox 72 5168 1777 5272; baseline -0.015 -28"><span class='ocrx_word' id='word_1_602' title='bbox 72 5188 114 5244; x_wconf 87' lang='lat' dir='ltr'>ris</span> <span class='ocrx_word' id='word_1_603' title='bbox 129 5187 360 5261; x_wconf 87' lang='lat' dir='ltr'>circumquaque</span> <span class='ocrx_word' id='word_1_604' title='bbox 370 5188 520 5260; x_wconf 88' lang='lat' dir='ltr'>dispersis,</span> <span class='ocrx_word' id='word_1_605' title='bbox 536 5188 715 5262; x_wconf 92' lang='lat' dir='ltr'>appulimus,</span> <span class='ocrx_word' id='word_1_606' title='bbox 728 5188 777 5244; x_wconf 89' lang='lat' dir='ltr'>ubi</span> <span class='ocrx_word' id='word_1_607' title='bbox 790 5188 897 5260; x_wconf 88' lang='lat' dir='ltr'>pertri·</span> <span class='ocrx_word' id='word_1_608' title='bbox 953 5181 1138 5256; x_wconf 88' lang='lat' dir='ltr'>superabilis,</span> <span class='ocrx_word' id='word_1_609' title='bbox 1155 5180 1277 5235; x_wconf 86' lang='lat' dir='ltr'>lundata</span> <span class='ocrx_word' id='word_1_610' title='bbox 1290 5182 1335 5236; x_wconf 90' lang='lat' dir='ltr'>est</span> <span class='ocrx_word' id='word_1_611' title='bbox 1350 5192 1357 5232; x_wconf 91' lang='lat'>:</span> <span class='ocrx_word' id='word_1_612' title='bbox 1375 5177 1453 5233; x_wconf 91' lang='lat' dir='ltr'>circa</span> <span class='ocrx_word' id='word_1_613' title='bbox 1467 5185 1557 5246; x_wconf 91' lang='lat' dir='ltr'>quam</span> <span class='ocrx_word' id='word_1_614' title='bbox 1578 5168 1698 5272; x_wconf 64' lang='lat' dir='ltr'>liqeulos</span> <span class='ocrx_word' id='word_1_615' title='bbox 1714 5171 1777 5219; x_wconf 89' lang='lat' dir='ltr'>leu-</span> 
     </span>
     <span class='ocr_line' id='line_1_49' title="bbox 75 5253 1778 5351; baseline -0.016 -15"><span class='ocrx_word' id='word_1_616' title='bbox 75 5279 167 5336; x_wconf 92' lang='lat' dir='ltr'>duum</span> <span class='ocrx_word' id='word_1_617' title='bbox 196 5277 272 5335; x_wconf 84' lang='lat' dir='ltr'>iesse</span> <span class='ocrx_word' id='word_1_618' title='bbox 295 5294 415 5351; x_wconf 86' lang='lat' dir='ltr'>corpora</span> <span class='ocrx_word' id='word_1_619' title='bbox 434 5287 577 5349; x_wconf 88' lang='lat' dir='ltr'>curantes,</span> <span class='ocrx_word' id='word_1_620' title='bbox 593 5295 711 5337; x_wconf 89' lang='lat' dir='ltr'>rursum</span> <span class='ocrx_word' id='word_1_621' title='bbox 728 5280 757 5335; x_wconf 93' lang='lat' dir='ltr'>in</span> <span class='ocrx_word' id='word_1_622' title='bbox 782 5282 897 5350; x_wconf 90' lang='lat' dir='ltr'>portum</span> <span class='ocrx_word' id='word_1_623' title='bbox 953 5273 1029 5331; x_wconf 87' lang='lat' dir='ltr'>toria</span> <span class='ocrx_word' id='word_1_624' title='bbox 1045 5270 1181 5327; x_wconf 88' lang='lat' dir='ltr'>llalcudis</span> <span class='ocrx_word' id='word_1_625' title='bbox 1196 5268 1278 5337; x_wconf 84' lang='lat' dir='ltr'>lulli,</span> <span class='ocrx_word' id='word_1_626' title='bbox 1294 5263 1546 5334; x_wconf 89' lang='lat' dir='ltr'>suburbanaejue,</span> <span class='ocrx_word' id='word_1_627' title='bbox 1559 5258 1658 5316; x_wconf 77' lang='lat' dir='ltr'>dianna</span> <span class='ocrx_word' id='word_1_628' title='bbox 1671 5253 1778 5314; x_wconf 78' lang='lat' dir='ltr'>virtuts</span> 
     </span>
     <span class='ocr_line' id='line_1_50' title="bbox 76 5345 1780 5446; baseline -0.016 -21"><span class='ocrx_word' id='word_1_629' title='bbox 76 5368 127 5440; x_wconf 85' lang='lat' dir='ltr'>qul</span> <span class='ocrx_word' id='word_1_630' title='bbox 141 5368 227 5424; x_wconf 84' lang='lat' dir='ltr'>Vircr</span> <span class='ocrx_word' id='word_1_631' title='bbox 250 5366 357 5424; x_wconf 87' lang='lat' dir='ltr'>dieitur</span> <span class='ocrx_word' id='word_1_632' title='bbox 372 5369 515 5426; x_wconf 86' lang='lat' dir='ltr'>venimus.</span> <span class='ocrx_word' id='word_1_633' title='bbox 542 5370 611 5425; x_wconf 90' lang='lat' dir='ltr'>ludo</span> <span class='ocrx_word' id='word_1_634' title='bbox 625 5372 766 5425; x_wconf 84' lang='lat' dir='ltr'>exeuntes</span> <span class='ocrx_word' id='word_1_635' title='bbox 785 5384 812 5422; x_wconf 87' lang='lat' dir='ltr'>vr</span> <span class='ocrx_word' id='word_1_636' title='bbox 829 5366 900 5423; x_wconf 83' lang='lat' dir='ltr'>ieris</span> <span class='ocrx_word' id='word_1_637' title='bbox 955 5361 1058 5432; x_wconf 85' lang='lat' dir='ltr'>adjuti,</span> <span class='ocrx_word' id='word_1_638' title='bbox 1075 5360 1218 5433; x_wconf 88' lang='lat' dir='ltr'>cepimus.</span> <span class='ocrx_word' id='word_1_639' title='bbox 1231 5357 1299 5414; x_wconf 89' lang='lat' dir='ltr'>Post</span> <span class='ocrx_word' id='word_1_640' title='bbox 1315 5345 1780 5446; x_wconf 79' lang='lat' dir='ltr'>becessultusvarioscireamu·</span> 
     </span>
     <span class='ocr_line' id='line_1_51' title="bbox 78 5435 1872 5535; baseline -0.017 -20"><span class='ocrx_word' id='word_1_641' title='bbox 78 5457 406 5523; x_wconf 89' lang='lat' dir='ltr'>snlePeutecosteu,in</span> <span class='ocrx_word' id='word_1_642' title='bbox 436 5462 551 5531; x_wconf 88' lang='lat' dir='ltr'>portum</span> <span class='ocrx_word' id='word_1_643' title='bbox 568 5457 695 5514; x_wconf 84' lang='lat' dir='ltr'>Gallicie</span> <span class='ocrx_word' id='word_1_644' title='bbox 715 5457 901 5530; x_wconf 87' lang='lat' dir='ltr'>quiFembrs</span> <span class='ocrx_word' id='word_1_645' title='bbox 955 5435 1778 5534; x_wconf 76' lang='lat' dir='ltr'>rosnonsinemagnonostrorumetlllorumdetrimento</span> <span class='ocrx_word' id='word_1_646' title='bbox 1869 5530 1872 5535; x_wconf 28' lang='grc' dir='ltr'>Ι</span> 
     </span>
     <span class='ocr_line' id='line_1_52' title="bbox 77 5520 1778 5620; baseline -0.018 -14"><span class='ocrx_word' id='word_1_647' title='bbox 77 5547 184 5606; x_wconf 87' lang='lat' dir='ltr'>dieitur</span> <span class='ocrx_word' id='word_1_648' title='bbox 199 5545 378 5620; x_wconf 87' lang='lat' dir='ltr'>appulimus,</span> <span class='ocrx_word' id='word_1_649' title='bbox 390 5546 441 5619; x_wconf 91' lang='lat' dir='ltr'>qui</span> <span class='ocrx_word' id='word_1_650' title='bbox 456 5551 557 5620; x_wconf 87' lang='lat' dir='ltr'>portus</span> <span class='ocrx_word' id='word_1_651' title='bbox 572 5565 588 5604; x_wconf 90' lang='lat' dir='ltr'>a</span> <span class='ocrx_word' id='word_1_652' title='bbox 603 5546 827 5606; x_wconf 84' lang='lat' dir='ltr'>Senotoieoobo</span> <span class='ocrx_word' id='word_1_653' title='bbox 837 5548 902 5602; x_wconf 90' lang='lat' dir='ltr'>octo</span> <span class='ocrx_word' id='word_1_654' title='bbox 957 5541 1105 5611; x_wconf 83' lang='lat' dir='ltr'>lactentes,</span> <span class='ocrx_word' id='word_1_655' title='bbox 1122 5554 1215 5611; x_wconf 91' lang='lat' dir='ltr'>usque</span> <span class='ocrx_word' id='word_1_656' title='bbox 1230 5538 1265 5594; x_wconf 90' lang='lat' dir='ltr'>ad</span> <span class='ocrx_word' id='word_1_657' title='bbox 1283 5535 1426 5594; x_wconf 80' lang='lat' dir='ltr'>llalrudas</span> <span class='ocrx_word' id='word_1_658' title='bbox 1441 5530 1565 5607; x_wconf 76' lang='lat' dir='ltr'>Augusti</span> <span class='ocrx_word' id='word_1_659' title='bbox 1580 5529 1609 5587; x_wconf 87' lang='lat' dir='ltr'>io</span> <span class='ocrx_word' id='word_1_660' title='bbox 1632 5520 1778 5584; x_wconf 79' lang='lat' dir='ltr'>machinis</span> 
     </span>
    </p>
   </div>
   <div class='ocr_carea' id='block_1_12' title="bbox 0 0 1904 6006">
    <p class='ocr_par' dir='ltr' id='par_1_14' title="bbox 0 0 1904 6006">
     <span class='ocr_line' id='line_1_53' title="bbox 0 0 1904 6006; baseline 0 0"><span class='ocrx_word' id='word_1_661' title='bbox 0 0 1904 6006; x_wconf 95' lang='lat' dir='ltr'> </span> 
     </span>
    </p>
   </div>
  </div>
 </body>
</html>
