3750 6000
169 208 248 271 test
621 207 824 269 wthttttttt
845 205 1216 270 ttatbtbstttttttuttsts
1239 203 1415 267 700Νο0711
1519 245 1522 249 -
1799 206 1869 269 lasa

170 345 300 403 0000007
308 343 472 418 )00770707,
482 342 575 399 voluit
584 342 614 398 ln
624 341 737 399 vivente
747 342 805 414 (72)
815 341 987 413 decoquere.
1002 347 1033 414 Α
1047 340 1137 397 077070
1151 338 1245 396 000077
1259 338 1401 396 Pancratii
1415 338 1553 396 defertur.
1564 336 1620 396 7777
1636 338 1814 414 aliquandiu
1826 357 1868 399 sn·

169 434 242 492 Huic
258 451 363 507 nempe
382 433 534 490 assertioni
555 432 662 488 7700770
682 431 833 488 0707700777
855 436 990 488 attestata
1045 428 1204 501 pervirens,
1230 444 1312 487 roseo
1332 428 1415 485 laeiei
1441 430 1548 485 rubore
1568 430 1680 500 suavis,
1696 431 1801 487 eadem
1816 430 1865 487 disi

169 532 223 582 est.
240 525 312 580 Nam
329 540 394 580 cum
410 522 514 595 quinta
525 524 594 579 feria
608 527 676 578 ante
687 521 857 578 Passionem
872 521 989 577 Domini
1044 519 1115 575 hora
1133 536 1192 591 qua
1213 519 1382 591 purgandus
1402 519 1567 575 infirmatus
1582 523 1638 586 est,
1654 519 1805 576 cariturus
1819 537 1863 593 ps·

169 614 335 682 incolumia,
351 612 428 667 07070
438 628 472 666 ex
484 612 658 684 quotidiana
672 610 907 682 Quadragesimae
922 625 991 665 eun·
1043 609 1173 665 renuiter
1188 609 1268 664 omni
1285 607 1372 678 malo,
1397 624 1487 679 purus
1503 608 1640 680 migravit
1656 608 1692 663 00
1711 608 1860 666 Christum.

168 703 324 761 suetudine
340 700 488 772 psalterio,
514 703 584 756 hora
607 701 692 756 tertia
717 702 836 757 missum
858 699 990 756 celebra·
1042 697 1077 753 777
1090 697 1155 754 7700
1170 714 1259 770 quam
1275 696 1445 754 mirabiliter
1460 698 1516 770 (70)
1531 699 1561 754 70
1577 714 1609 754 eo
1625 703 1733 754 cuncta
1748 714 1861 757 concur·

168 800 249 850 turus
264 807 356 864 usque
367 791 403 846 00
414 791 542 846 00007070
554 789 710 854 700070007,
721 797 750 844 07
763 805 856 861 usqua
869 791 904 844 00
916 789 989 845 iuci-
1043 794 1163 843 rerunt:
1181 788 1277 860 passio
1301 787 1375 843 servi
1390 804 1456 844 cum
1481 787 1617 860 passione
1642 789 1762 844 0007707
1774 808 1781 857 ;
1798 788 1858 847 hort

167 882 303 956 piendam
312 883 431 936 missam
441 879 696 952 quaquediccuda
704 882 786 934 erant
797 880 986 950 predixisset,
1042 878 1210 949 incipientia
1226 877 1416 946 infirmitatis,
1437 894 1504 934 cum
1522 878 1591 935 hors
1606 877 1778 950 incipientis
1792 884 1857 936 0707·

166 972 264 1029 707770
279 974 420 1044 languore
440 973 501 1026 tem
526 969 648 1026 molesto
672 969 837 1041 corripitur,
859 973 890 1024 07
912 969 986 1041 ipse,
1042 968 1853 1044 naesalutis;quinquediesquossustinuitasgritudinis,

167 1076 229 1134 que
244 1061 379 1117 induerat
391 1058 565 1117 vestimenta
575 1073 693 1125 exuens,
708 1057 797 1114 etiam
809 1073 867 1115 non
883 1058 989 1130 plicata
1042 1056 1141 1129 quinis
1156 1058 1287 1129 corporis
1297 1058 1445 1127 sensibus,
1457 1058 1565 1130 quibus
1576 1075 1663 1115 nemo
1684 1061 1759 1116 vitat
1768 1076 1853 1133 pecca·

166 1149 333 1223 reliquerit:
345 1164 539 1223 egressusque
549 1149 684 1213 oratorio,
696 1149 760 1205 sine
770 1149 988 1207 intermissione
1040 1150 1116 1214 tum,
1131 1146 1337 1205 emundandis.
1357 1148 1446 1204 Porro
1461 1148 1539 1220 quod
1555 1151 1659 1221 qulnto
1674 1149 1725 1208 die
1745 1152 1850 1208 necdum

165 1257 216 1314 per
230 1240 363 1311 biduum,
381 1240 436 1295 hoc
450 1241 505 1308 est,
516 1253 610 1308 usque
623 1237 656 1293 ad
673 1237 845 1306 Sabbatum,
859 1239 988 1294 couteri-
1040 1242 1185 1294 transacto
1209 1238 1344 1305 decessit,
1364 1242 1397 1294 ut
1419 1254 1518 1295 remur
1540 1239 1610 1312 (77),
1632 1239 1811 1297 7000770007
1827 1240 1849 1297 70

166 1335 304 1398 707ςοοο
324 1329 463 1394 7000000,
489 1343 546 1383 000
568 1326 755 1396 0077070000,
781 1342 838 1384 000
850 1328 986 1398 iacendo,
1041 1325 1144 1383 0777070
1167 1343 1267 1398 seusu,
1290 1326 1341 1398 qui
1366 1331 1461 1384 700700
1486 1327 1602 1390 dieitur.
1624 1344 1683 1385 non
1711 1329 1851 1403 perfecisse

165 1437 224 1478 non
241 1419 357 1489 stando,
380 1432 474 1489 nequa
493 1415 677 1485 0077070000,
693 1414 782 1472 077070
805 1417 924 1474 omnine
939 1431 983 1474 re·
1039 1420 1203 1487 peccatum.
1219 1417 1315 1473 Tertia
1334 1433 1401 1475 vero
1417 1416 1475 1474 diei
1487 1417 1565 1486 hora,
1583 1435 1642 1490 qua
1657 1422 1687 1474 et
1701 1419 1850 1477 7007070777

165 1509 264 1582 quiem
279 1508 400 1564 hebens.
421 1506 576 1578 Nunquam
596 1513 694 1562 temen
710 1506 845 1563 nectibus
860 1505 986 1576 locutus,
1039 1510 1084 1562 eat
1099 1509 1126 1562 et
1142 1505 1292 1562 moriendo
1318 1507 1347 1562 in
1363 1506 1455 1562 vitam
1479 1508 1629 1579 ingressus
1644 1513 1691 1565 cet
1716 1515 1849 1577 aternam,

165 1596 332 1668 rogantibus
342 1596 441 1668 (73)07
451 1593 600 1650 7770077070
616 1593 738 1651 solveret
753 1610 810 1651 uon
823 1595 984 1667 acquievit;
1039 1596 1108 1667 quid
1123 1596 1203 1652 aliud
1219 1595 1350 1653 insinuet
1369 1612 1459 1668 quam
1479 1598 1600 1653 eandem
1621 1597 1752 1671 Spiritus
1767 1596 1849 1656 Ssued

164 1702 272 1759 rogans
299 1701 335 1742 ne
366 1683 557 1741 monachatus
586 1683 634 1739 sui
657 1682 825 1755 pudicitiam
849 1683 985 1756 libarent,
1001 1716 1025 1783 B
1040 1685 1173 1758 gratiam,
1184 1703 1240 1758 qua
1250 1702 1368 1743 omnem
1376 1688 1440 1759 ejus
1452 1687 1540 1744 vitam
1553 1688 1750 1760 gubernatam
1762 1705 1849 1764 cogno

164 1779 241 1835 676
253 1777 329 1849 quod
341 1792 504 1847 nunquam,
517 1778 673 1847 postquam
686 1776 890 1833 monachicum
901 1776 985 1833 habi·
1040 1776 1149 1832 seimus
1164 1779 1192 1831 et
1207 1775 1355 1831 infirmato
1375 1781 1405 1832 07
1423 1776 1543 1833 obeunti
1557 1777 1708 1834 evidenter
1729 1778 1850 1835 atiuissst

164 1877 226 1925 tum
258 1867 428 1940 accepisset,
452 1884 470 1922 a
493 1865 682 1936 completorio
706 1865 805 1922 eniens
829 1883 923 1939 usque
948 1869 984 1924 ad
1039 1863 1075 1919 Ut
1085 1866 1170 1920 etiam
1181 1881 1412 1936 essesupparem
1422 1865 1482 1922 illis
1495 1865 1628 1936 patribus
1639 1868 1760 1937 nostris,
1772 1868 1846 1925 Odon

164 1962 313 2031 sequentis
340 1957 398 2013 diei
423 1955 547 2028 primam
576 1955 693 2012 locutus
721 1956 832 2012 fuisset.
857 1946 985 2014 Sabbata
1037 1952 1148 2010 seilicet
1169 1960 1256 2026 utque
1280 1955 1394 2010 0777007
1416 1957 1484 2026 (78),
1509 1959 1537 2011 et
1562 1955 1665 2012 merito
1681 1962 1712 2012 02
1733 1958 1845 2028 77177177

163 2054 261 2105 autem
277 2052 416 2119 sequente
432 2047 501 2101 dum
518 2046 556 2100 ita
578 2050 734 2117 quassatus
751 2061 781 2103 se
795 2051 909 2118 putaret
921 2047 983 2119 jam
1040 2059 1096 2098 uon
1113 2043 1307 2116 ambigemus,
1324 2042 1439 2116 insigne
1459 2045 1599 2116 quiddam
1615 2045 1677 2100 illie
1688 2063 1845 2103 concessum

159 2138 282 2209 Jamque
296 2133 427 2206 defungi,
443 2137 597 2205 surgentes
611 2131 648 2188 ad
661 2133 836 2188 matutinam
851 2134 983 2206 synaxim
1039 2132 1106 2188 huic
1117 2149 1235 2206 quoque
1245 2134 1384 2190 collatum
1396 2138 1449 2190 est.
1461 2136 1532 2190 Cum
1543 2135 1623 2190 euim
1635 2135 1696 2192 illis
1706 2136 1846 2192 contulerit

163 2226 266 2282 7707707
282 2225 316 2280 00
332 2239 363 2280 00
388 2221 590 2295 inungendum
615 2222 715 2277 venire
737 2223 892 2295 praecepit3
908 2239 984 2294 quos
1038 2222 1180 2278 Dominus
1191 2228 1332 2280 utoetavo
1343 2225 1388 2280 die
1400 2223 1610 2279 solennitatum
1625 2241 1701 2296 quas
1713 2231 1845 2297 praecata·

161 2328 229 2372 cum
246 2314 428 2370 7000070007
440 2328 520 2368 70070
531 2309 658 2368 07007077
669 2310 816 2380 7077770007,
832 2311 922 2368 077070
934 2329 983 2369 00·
1037 2311 1078 2367 777
1094 2313 1255 2385 diligebant
1269 2314 1447 2381 transirent;
1464 2319 1571 2370 namet
1585 2313 1690 2370 beatus
1705 2314 1766 2371 000
1779 2313 1845 2370 festi·

161 2420 226 2461 rum
242 2402 412 2476 compulsos
426 2417 536 2470 amore,
553 2416 610 2457 non
621 2401 757 2472 jacendo,
774 2416 827 2458 uec
841 2402 981 2473 sedendo,
1035 2402 1155 2458 vitatem
1172 2403 1247 2457 beuti
1264 2402 1393 2472 Martini,
1405 2408 1434 2459 07
1444 2410 1563 2459 7000707
1573 2403 1658 2460 00770
1672 2404 1841 2461 Nativitatem

161 2492 224 2563 sed,
245 2491 379 2565 quamvis
400 2490 576 2546 0070077070
601 2489 748 2560 anxiatus,
768 2488 843 2546 iuter
864 2489 983 2546 brachia
1035 2490 1151 2548 Domini
1166 2490 1309 2565 precipue
1333 2492 1481 2559 amabant,
1499 2492 1528 2547 70
1554 2508 1680 2564 quornm
1697 2499 1793 2551 007070
1805 2491 1841 2548 dis

160 2587 341 2640 sustentatus
352 2581 453 2638 stende
464 2581 612 2637 osculatus
624 2584 679 2636 est.
694 2579 742 2636 Die
753 2579 940 2637 illucescente
950 2581 981 2637 in
1035 2585 1158 2653 uterque
1172 2581 1299 2638 decessit
1310 2600 1317 2650 ;
1334 2581 1451 2638 domiuo
1464 2581 1602 2654 honneni,
1618 2583 1667 2654 qui
1678 2600 1737 2656 pra
1748 2580 1839 2640 ceteris

159 2673 323 2745 capitulum
348 2672 465 2740 duetus,
489 2687 557 2727 cum
583 2670 716 2736 sedisset,
741 2670 843 2727 iratres
869 2676 982 2728 antaee
1035 2670 1123 2743 hujus
1151 2672 1202 2728 avi
1231 2672 1402 2728 hominibus
1431 2672 1560 2744 reguiam
1589 2674 1684 2729 000077
1711 2672 1837 2731 Benedicti

159 2777 262 2818 omncs
283 2759 381 2816 7077770
403 2759 534 2830 rogavit;
559 2758 667 2832 quibus
687 2769 839 2830 paternum
860 2760 981 2816 benedi·
1033 2762 1214 2830 observabat,
1230 2766 1258 2818 et
1278 2763 1392 2819 beatem
1408 2760 1459 2817 Dei
1479 2762 1650 2834 genitricem
1666 2764 1787 2836 ejusque
1803 2778 1838 2818 sc·

158 2850 284 2906 ctionem
293 2858 319 2904 07
327 2848 541 2904 0770707700070
553 2848 734 2919 impertiens,
744 2849 821 2905 idem
833 2848 889 2905 sibi
899 2851 934 2905 ab
945 2849 981 2906 iis
1031 2851 1280 2925 lenniusinguieri
1291 2852 1482 2908 venerabatur
1494 2852 1607 2920 0770070,
1620 2853 1758 2925 00070777,
1769 2857 1838 2910 uteo

68 2988 71 2993 .
157 2936 248 2993 voluit
268 2936 421 3008 impertiri.
447 2937 551 2993 Postea
565 2937 664 2992 docuit
679 2937 758 3008 quid,
776 2938 800 2992 si
821 2937 923 3008 obiret,
939 2940 980 2996 077
1032 2941 1174 2998 7770678
1195 2942 1251 2996 7777
1277 2941 1498 3009 000700700700,
1521 2947 1550 2998 07
1565 2941 1594 2996 70
1615 2943 1741 3000 transitu
1761 2941 1837 3000 sancti

156 3031 235 3083 esset
248 3026 406 3099 agendum.
422 3025 525 3096 Sicque
535 3041 684 3096 regressus
698 3030 743 3082 est
756 3025 834 3082 unde
848 3033 977 3100 venerat,
1033 3030 1192 3102 Benedicti,
1208 3035 1237 3087 et
1252 3031 1282 3086 in
1298 3031 1455 3087 festivitate
1473 3040 1580 3087 sanctes
1600 3030 1702 3088 Marias
1717 3049 1779 3105 qua
1793 3034 1836 3088 lu·

155 3116 302 3188 reliquum
328 3115 385 3172 diei
412 3131 481 3171 cum
502 3115 636 3186 sequenti
656 3115 806 3172 Dominica
827 3115 976 3189 aliquanto
992 3087 1014 3156 (ἶ
1033 3121 1182 3177 0000777770
1204 3120 1357 3177 7700770700
1382 3120 1498 3191 0707707,
1521 3121 1661 3191 majorem
1681 3121 1836 3178 7077007077

155 3206 283 3279 quietius
298 3205 480 3277 transigens:
507 3219 574 3260 cum
599 3219 665 3260 0000
689 3209 754 3277 post
778 3204 850 3272 hae,
874 3206 975 3277 70077,
1031 3216 1175 3265 conventu
1202 3209 1371 3276 celebraret,
1393 3214 1540 3265 07007070
1564 3227 1581 3265 0
1604 3212 1745 3283 predicto
1759 3208 1833 3268 sancti

153 3303 216 3368 post
239 3295 433 3362 Dominicam,
459 3292 639 3350 imminentis
664 3293 768 3350 mortis
792 3295 902 3352 indicia
924 3298 975 3353 00·
1030 3297 1176 3355 7700007077
1199 3298 1322 3354 77000770
1350 3299 1397 3354 070
1420 3303 1581 3363 preventus
1596 3299 1768 3357 infirmitate
1781 3299 1832 3370 (77),

151 3384 371 3455 prehenduutur
382 3403 389 3452 ;
402 3383 502 3454 etiepe
511 3382 649 3439 07007707
658 3382 775 3451 0770777,
788 3400 858 3455 pexo
869 3387 974 3456 eapite,
1029 3395 1128 3444 octavo
1145 3387 1338 3444 nihilominus
1349 3388 1396 3443 die
1407 3389 1443 3444 ab
1453 3388 1686 3446 Annuneiatiune
1702 3389 1832 3446 Dominict

151 3473 269 3529 missam
282 3471 436 3528 auditurus
446 3471 789 3542 oratoriumingreditur,
799 3478 974 3546 sumptoque
1029 3477 1163 3550 migraret
1186 3477 1221 3532 00
1244 3476 1401 3533 Christum.
1422 3476 1522 3547 igitur,
1548 3477 1598 3549 qui
1624 3478 1716 3533 vitam
1741 3474 1831 3535 domiui

150 3560 455 3633 corporeetsanguiue
469 3560 629 3618 Dominiad
640 3559 747 3616 lectum
759 3572 972 3634 regressusest.
1028 3567 1168 3623 Lanzonis
1182 3567 1308 3638 ignorat,
1324 3582 1412 3638 quam
1428 3565 1545 3639 placens
1562 3565 1619 3623 7700
1640 3568 1728 3623 700777
1743 3584 1774 3623 07
1789 3567 1831 3621 070

150 3651 217 3709 Post
232 3651 381 3708 medicum
392 3651 539 3706 obmutuit
552 3668 559 3708 :
572 3650 672 3706 tratres
683 3657 751 3706 0070
761 3650 844 3706 777007
859 3654 972 3710 venien·
1028 3657 1163 3730 colligat3
1180 3673 1232 3712 nec
1248 3656 1353 3712 usitato
1365 3655 1552 3712 morientium
1567 3672 1647 3712 more
1657 3658 1788 3729 predicta
1800 3651 1830 3710 7777

148 3749 191 3797 707
206 3739 354 3813 sigillatim
370 3739 568 3809 benedicebat,
584 3739 675 3795 simili
690 3740 776 3796 modo
792 3744 886 3797 totum
901 3758 971 3798 con·
1027 3747 1186 3819 contigisse
1202 3747 1355 3801 nobiseum
1380 3745 1488 3813 070007,
1506 3760 1591 3816 quem
1607 3744 1735 3817 Spiritus
1754 3740 1830 3802 Sturii

147 3836 286 3890 ventum:
303 3835 425 3900 077070,
441 3829 580 3886 00077070
597 3829 703 3886 nmium
719 3831 832 3901 erectis,
849 3835 971 3904 utraque
1026 3838 1251 3892 charismatibus
1267 3836 1383 3892 nemine
1394 3835 1481 3906 hujus
1496 3834 1634 3907 temporis
1645 3837 1763 3894 inferius
1776 3836 1829 3890 dita·

148 3936 237 3976 manu
255 3920 405 3976 dominum
431 3919 563 3976 abbatem
586 3936 653 3974 cum
669 3920 806 3976 omnibus
820 3920 876 3977 sibi
892 3938 969 3979 0007·
1026 3936 1087 3982 7070
1103 3930 1187 3983 seint.
1203 3948 1217 3976 »7

147 4009 247 4065 missis
262 4008 432 4066 benedicere
448 4009 604 4065 nitebatur.
621 4009 748 4081 Rogatus
763 4014 858 4066 autern
874 4027 891 4066 a
910 4011 969 4068 fru-
1179 4032 1214 4070 na
1229 4030 1385 4070 0007770700
1405 4030 1510 4070 nareae
1524 4030 1693 4071 7777707770.

145 4097 241 4154 777707
256 4102 288 4154 07
302 4099 379 4169 apud
394 4099 495 4162 Deum.
506 4098 542 4153 00
559 4113 646 4169 quem
658 4098 728 4164 ibat,
740 4114 841 4155 007007
854 4115 968 4157 7007007
1057 4107 1147 4175 §tlt
1162 4107 1219 4161 Nec
1234 4103 1528 4162 memoriuGodefridi
1546 4105 1652 4174 prioris
1664 4104 1828 4162 Wintoniec·

144 4194 232 4255 esset,
242 4197 328 4256 caput
343 4186 576 4259 (il)inclinando
591 4187 800 4260 benignissime
815 4189 964 4258 acquievit.
1021 4193 1062 4249 sis
1076 4194 1134 4266 (80)
1155 4196 1195 4251 770
1210 4196 1294 4252 00707
1309 4195 1338 4251 70
1355 4195 1513 4268 perditum,
1529 4195 1580 4267 qul
1600 4197 1780 4268 temporibus
1796 4192 1829 4249 hit

144 4275 210 4333 Haec
222 4281 251 4332 et
265 4278 312 4332 hie
327 4275 435 4332 similia
449 4291 515 4333 cum
531 4275 656 4344 iecisset,
673 4276 770 4332 innuit
784 4276 841 4333 sibi
857 4280 965 4352 porrigi
1019 4281 1171 4339 literatura
1198 4289 1227 4339 et
1248 4283 1389 4355 religione
1411 4284 1536 4356 insignis
1559 4283 1626 4341 7077.
1655 4285 1830 4342 literaturam

142 4381 279 4434 crucem;
307 4381 394 4438 quem
421 4364 524 4437 capite,
540 4364 600 4421 imo
614 4368 675 4422 7070
690 4381 809 4435 corpore
825 4366 963 4426 inclinato
1019 4378 1217 4444 protestantur
1236 4372 1302 4430 libri
1324 4374 1433 4446 plures,
1450 4380 1478 4429 et
1493 4372 1621 4446 epistola
1642 4375 1778 4431 familiari
1792 4372 1830 4429 ille

143 4454 279 4522 adorans,
294 4453 430 4510 manibus
445 4452 625 4524 amplexans,
641 4452 703 4512 tato
718 4471 766 4512 cra
781 4456 908 4515 salutare
923 4460 965 4515 vi·
980 4465 1003 4530 D
1018 4471 1045 4517 et
1070 4461 1146 4518 dulci
1172 4464 1248 4536 07770
1273 4463 1354 4519 edite
1371 4479 1379 4529 ;
1408 4463 1590 4536 maximeque
1620 4467 1831 4538 epigrammata,

142 4543 553 4613 debaturotjueunduaiiectu
567 4543 628 4614 (75)
644 4544 966 4616 00070770707777ςο070
1021 4567 1083 4624 ques
1099 4553 1223 4624 satyrico
1250 4553 1333 4609 07000
1359 4552 1490 4624 07707777,
1520 4561 1658 4625 praterea
1683 4571 1785 4613 versus
1804 4554 1831 4609 ds

140 4632 218 4690 illico
232 4637 363 4690 astantes
379 4633 533 4707 migrando
554 4634 628 4689 677
647 4635 787 4706 percellit,
808 4642 966 4711 raptusque
1020 4641 1178 4712 primatum
1195 4642 1305 4714 anglis
1321 4642 1467 4698 laudibus.
1489 4642 1591 4706 00707
1609 4645 1831 4701 00700οἰ77000

140 4723 171 4779 in
183 4722 320 4780 manibus
331 4737 433 4779 eorum
442 4722 524 4780 77700
532 4721 627 4780 adhuc
637 4723 666 4779 in
677 4725 888 4797 presbyterium
899 4735 966 4787 ante
1019 4731 1246 4803 officium,quod
1258 4731 1364 4805 agresti
1376 4731 1655 4802 quadamvctustate
1665 4734 1831 4799 obsoletum,

175 4867 231 4942 (72)
254 4869 287 4924 ln
309 4866 426 4923 uiuente.
452 4882 479 4923 a.
502 4883 527 4924 e.
548 4867 558 4923 l
581 4868 610 4937 2,
637 4869 666 4923 is
691 4868 847 4938 juventate,
871 4887 894 4925 s.
925 4886 963 4943 0.,
1018 4872 1217 4930 Cluniaceusis
1232 4875 1334 4942 abbas,
1359 4876 1491 4931 00007707
1509 4875 1566 4932 7077
1580 4875 1829 4936 07007000007070

139 4941 237 4995 omitt.
251 4938 281 4994 in
298 4939 327 4994 0.
1017 4944 1100 5017 gula,
1116 4946 1144 5000 in
1159 4945 1264 5002 seculo
1280 4946 1404 5002 decimo.
1421 4946 1506 5004 00770
1519 4948 1574 5003 7077
1589 4951 1716 5021 quintus
1732 4949 1828 5008 Clunia·

173 5011 230 5082 (73)
263 5009 442 5082 stupentibus.
471 5025 497 5066 c.
522 5009 551 5067 0.
580 5025 617 5080 0.,
630 5012 794 5080 repentibus
816 5014 961 5083 frutribus.
1016 5020 1112 5074 censis
1128 5017 1238 5086 abbas3
1255 5016 1332 5073 idem
1348 5018 1492 5074 successit
1505 5019 1537 5074 A.
1552 5017 1585 5075 b.
1601 5020 1666 5076 997.

142 5099 168 5140 0.
186 5100 211 5138 7.
229 5084 272 5140 72.
1050 5090 1108 5161 (70)
1128 5090 1161 5144 at
1184 5098 1274 5144 octavo
1296 5105 1311 5143 o
1335 5090 1467 5159 praedicto
1485 5092 1828 5151 caecilianistarum·

173 5154 230 5224 (77)
247 5155 343 5219 Caput.
357 5170 384 5212 0.
401 5171 426 5212 0.
438 5155 468 5211 0.
484 5169 510 5212 0.
526 5153 534 5209 l
549 5154 578 5226 2,
592 5155 683 5228 sopite
698 5172 721 5215 s.
1014 5162 1056 5215 itu
1078 5161 1124 5216 dte
1144 5166 1298 5231 praetentus
1321 5160 1495 5231 infirmitate.
1521 5179 1547 5218 a.
1570 5178 1595 5218 s.
1618 5164 1671 5231 72,
1699 5168 1792 5223 007777.
1806 5164 1828 5218 77

172 5224 230 5295 (75)
245 5227 360 5306 Aperta.
377 5243 403 5281 a.
424 5243 449 5284 s.
466 5225 514 5295 t2,
531 5226 625 5282 omitt.
644 5226 674 5283 in
689 5243 715 5284 c.
732 5228 761 5282 0.
776 5244 801 5283 e.
1013 5247 1039 5288 0.
1057 5233 1087 5285 d.
1104 5247 1130 5287 e.

182 5297 227 5357 707
244 5296 419 5353 derabiliter.
435 5315 461 5353 a.
479 5314 503 5353 s.
515 5298 544 5354 0.
563 5298 620 5367 72.,
637 5298 822 5367 mutabiliter,
839 5316 864 5357 c.
880 5315 906 5356 e.
1048 5303 1105 5374 (80)
1128 5303 1275 5373 00000707
1301 5303 1405 5373 prioris
1433 5303 1638 5363 Wintcnisasis.
1664 5307 1830 5366 0000777007

182 5366 228 5435 77)
243 5367 354 5423 Remus.
371 5384 396 5424 0.
413 5370 441 5425 d.
459 5385 497 5439 0.,
512 5385 586 5430 reor.
601 5388 626 5424 0.
644 5387 668 5425 0.
686 5372 694 5426 7
709 5371 736 5425 2.
1012 5375 1092 5446 prior
1117 5373 1330 5434 wintoniensis
1353 5376 1411 5434 fuit
1433 5377 1469 5432 ab
1490 5392 1567 5434 annu
1591 5377 1663 5435 1082
1685 5396 1780 5454 nsque
1799 5377 1829 5434 00

172 5436 229 5508 (78)
250 5437 336 5494 odoni
350 5439 454 5497 70777007
472 5447 553 5514 atque
570 5442 693 5499 Odiloni.
716 5443 786 5506 000,
808 5444 956 5502 70000000
1011 5446 1091 5501 7707.
