3772 6006
104 182 155 239 na
738 191 945 253 runcornru
962 199 988 255 11
1007 172 1103 257 enen
1153 214 1156 219 ·
1703 226 1755 281 ιιι

140 306 288 366 Dominum
302 312 481 386 negligentes,
497 314 590 384 tepidi,
607 313 665 370 siro
679 314 728 373 rei.
756 317 800 373 Ex
814 317 904 376 officio
918 322 947 383 Α
960 322 1040 381 liceat
1053 328 1279 398 prenominatum
1294 336 1446 394 caenobium
1464 346 1563 400 nmero
1588 347 1757 417 perturbare,

105 396 240 496 siquidem
268 401 434 472 apostolatus
461 402 582 472 injuncte
595 402 675 460 nobis
701 412 741 461 est
754 421 771 461 a
783 406 842 462 Deo
855 425 906 463 na·
961 421 1007 469 eut
1020 415 1080 485 ejus
1094 420 1278 489 possessiones
1301 424 1416 496 auferre,
1432 429 1476 485 rel
1503 430 1606 489 ablatas
1630 438 1745 493 retinere

104 495 224 556 cessam,
240 495 268 543 ιιι
283 488 593 560 majoribushonorilioe
606 491 780 562 providentes
802 496 908 553 minore
960 504 1092 573 minuere,
1117 508 1160 563 rol
1183 509 1317 582 aliquibus
1342 518 1529 575 vexationibus
1556 522 1681 596 fatigare,
1710 482 1758 582 sed

103 575 311 677 salubritersine
321 578 430 677 tesiam
444 596 578 637 nummus.
615 669 620 678 Ι
960 593 1053 650 omnia
1066 594 1173 669 integm
1185 609 1326 658 seruentur
1338 619 1441 673 eorum,
1459 624 1507 679 pro
1523 625 1635 681 quornm
1654 615 1758 687 guber·

140 665 200 738 Egc
215 666 305 724 Gurdo
319 666 392 724 diac.
411 669 488 725 cord.
508 669 540 727 S.
559 668 668 725 tenant
683 669 737 729 SS.
961 682 1070 740 natione
1098 693 1125 741 et
1142 690 1334 747 sustentatione
1361 710 1488 752 concessa
1507 708 1577 767 sunt,
1595 704 1760 760 omnimodis

142 754 201 828 Ego
217 756 308 854 Droga
318 755 448 813 Ostiensis
458 773 518 830 eps.
533 758 587 816 SS.
960 771 1053 828 usibus
1066 774 1216 846 prolatura,
1244 780 1320 837 salsa
1331 781 1456 840 nimirum
1472 786 1617 846 dioecesani
1640 793 1759 864 episcopi

142 843 202 915 Ego
217 844 371 901 Bazairedus
379 846 442 917 pbr.
457 846 532 902 card.
548 848 591 904 tit.
610 849 725 908 vestine
735 851 786 909 SS.
961 860 1052 917 debita
1067 867 1226 922 reuerentia.
1248 868 1276 925 si
1289 886 1342 940 quo
1353 870 1436 944 igitur
1463 874 1491 929 in
1505 885 1641 948 posterum
1670 882 1759 937 eccle·

143 930 202 1004 ligo
217 932 302 1032 Lucas
317 933 377 1005 pbr.
391 934 464 990 card.
481 935 521 991 lit.
537 936 592 993 SS.
606 938 720 994 loannis
731 946 757 996 et
771 939 846 996 Pauli
856 940 905 998 SS.
960 949 1069 1008 siastica
1081 956 1249 1014 secularisve
1269 974 1395 1031 persona,
1421 962 1490 1019 hanc
1504 974 1602 1023 nasum
1627 971 1760 1025 constitu·

140 1019 202 1093 Ego
217 1022 348 1079 ananus
363 1023 424 1095 pbr.
440 1023 516 1080 card.
533 1024 572 1083 tit.
591 1026 620 1084 S.
637 1028 768 1103 Stephani
782 1029 810 1085 ia
830 1030 907 1087 caelio
962 1040 1042 1097 tionis
1061 1044 1190 1117 paginam
1218 1049 1315 1115 sciens,
1343 1058 1436 1107 conus
1458 1068 1518 1108 eam
1539 1064 1640 1113 temere
1668 1059 1760 1116 venire

105 1109 196 1166 blonte
210 1108 261 1167 88.
963 1133 1114 1202 tentaverit,
1130 1136 1248 1191 secundo
1263 1139 1374 1196 tortiora
1389 1143 1563 1211 commonita,
1591 1146 1613 1201 si
1627 1163 1683 1204 non
1697 1165 1761 1204 rea·

143 1199 204 1272 Ego
217 1199 390 1274 crysogonus
418 1202 491 1262 diac.
511 1206 586 1265 dard.
603 1207 633 1264 S.
651 1206 743 1264 Mariae
757 1206 785 1263 in
803 1207 909 1265 Portiett
965 1225 1019 1274 tum
1035 1235 1113 1276 suum
1128 1238 1249 1297 congrua
1262 1225 1444 1287 satisfactione
1456 1233 1611 1302 corruerit,
1640 1243 1762 1308 potesta-

108 1285 159 1344 SS.
964 1308 998 1364 tis
1024 1311 1187 1383 honorisque
1215 1314 1255 1370 sui
1282 1314 1412 1389 dignitate
1448 1330 1549 1385 careat,
1576 1339 1706 1395 reamque
1732 1343 1761 1381 se

146 1376 245 1478 Datum
257 1379 354 1480 bornae
367 1396 417 1452 per
443 1399 554 1441 manum
568 1385 650 1444 tuce
668 1385 729 1458 phai
756 1386 908 1455 cardinalis.
963 1397 1056 1455 divino
1084 1399 1187 1470 judicio
1215 1403 1329 1460 existere
1367 1406 1402 1464 de
1442 1417 1595 1480 perpetrata
1623 1413 1761 1486 iniquitate

109 1475 326 1568 agennensem
353 1469 457 1531 domini
494 1473 624 1529 alimerici
651 1483 750 1533 wacta
781 1476 910 1533 Romana!
963 1496 1117 1560 cognoscat
1148 1499 1213 1547 eta
1240 1494 1419 1552 sacmtissimo
1444 1513 1557 1569 corpore
1585 1516 1617 1556 ec
1630 1501 1762 1574 sangsrine

115 1555 243 1656 Ecclesia!
256 1555 327 1657 datas
350 1558 493 1616 cmdinelis
507 1569 535 1616 θῑ
547 1562 712 1632 canfflllssrfi,
725 1580 746 1619 ¹¹
760 1564 823 1621 Kal·
852 1564 911 1620 De·
964 1577 1015 1633 Dei
1027 1585 1055 1634 et
1067 1579 1176 1636 Domini
1203 1582 1286 1638 nostri
1309 1584 1372 1640 lesa
1387 1585 1484 1641 Christi
1507 1588 1664 1655 alienafiat,
1680 1599 1761 1661 atque

113 1644 239 1714 cembns,
268 1645 377 1704 rudrcet.
398 1662 418 1718 1,
441 1648 635 1707 iucarnationis
661 1652 811 1710 Dominicae
837 1670 950 1738 aanoB
967 1666 995 1724 in
1036 1677 1156 1726 extremo
1180 1671 1306 1728 examine
1345 1673 1471 1731 districtae
1495 1677 1589 1733 ultioni
1611 1679 1760 1749 subjaceat.

117 1736 196 1799 ¹¹³7·
223 1732 394 1806 P⁰⁰¹ifl⁰⁸ffl⁵
421 1752 486 1794 lem
510 1738 614 1796 d⁰¹¹¹i⁰i
640 1741 788 1799 ¹¹¹¹¹⁰⁰0⁰ffi
802 1742 853 1798 ΡΡ·
883 1744 908 1798 ῙῘ
966 1761 1075 1819 Cunctis
1085 1769 1174 1817 autem
1198 1761 1286 1817 eidem
1300 1762 1361 1819 loco
1375 1780 1423 1818 sue
1446 1763 1509 1834 jure
1536 1767 1705 1823 servantibus
1730 1770 1764 1824 sit

113 1837 183 1880 anno
198 1838 259 1879 rur.
967 1867 1020 1923 pax
1048 1850 1158 1906 Domini
1181 1851 1264 1907 nostri
1296 1850 1359 1906 Jesu
1382 1852 1489 1923 Christi,
1519 1862 1649 1925 quatenus
1675 1865 1702 1912 et
1720 1858 1764 1913 hic

451 1952 571 2011 ccxw,
967 1939 1081 1997 trucum
1109 1938 1189 1995 boner
1216 1939 1329 1995 actionis
1348 1940 1508 2013 percipiant,
1538 1951 1565 1998 et
1591 1945 1662 2016 apud
1677 1946 1766 2001 disat.

114 2075 298 2148 Prioileoium
312 2093 362 2149 pro
377 2080 551 2136 monasterio
576 2080 715 2146 Portensi,
731 2080 840 2138 ordinis
866 2078 913 2137 di·
967 2036 1039 2086 cmm
1077 2028 1198 2099 jndioem
1232 2029 1345 2099 mmm
1371 2037 1479 2087 ΜΨ
1506 2032 1581 2104 pm
1615 2034 1763 2092 invenim-

150 2149 328 2204 sterciearis.
346 2179 380 2190 -
396 2150 434 2206 Ne
448 2151 480 2206 in
498 2150 633 2208 districtu
653 2154 914 2210 monosteriiceno-
967 2121 1063 2176 Amen·
1221 2207 1227 2220 ,
1385 2209 1390 2220 ,
1555 2210 1561 2223 ,
1648 2212 1654 2225 .

151 2221 243 2276 tiones
257 2237 275 2276 a
288 2221 522 2294 quoquomfiont.
1003 2209 1062 2282 Ego
1089 2210 1261 2265 Innocentius
1288 2210 1433 2266 Catholmas
1459 2211 1588 2268 Ecoleere
1611 2228 1764 2285 episcopus.

339 2345 611 2416 (annonaque.
635 2348 693 2422 ιι.)
968 2298 1063 2443 affl
1075 2299 1171 2444 ἔξω
1197 2297 1340 2355 ordinatis
1361 2299 1501 2372 pressae
1515 2300 1554 2356 tit·
1581 2301 1686 2358 Sancte
1710 2304 1766 2360 sa-

328 2467 545 2542 [Cccournmrs
565 2471 601 2537 ll,
621 2471 701 2540 aaa]
1005 2477 1065 2550 Ego
1078 2475 1226 2550 Gregorius
1248 2475 1377 2534 diaconus
1391 2478 1536 2535 cardinalis
1559 2479 1608 2537 SS.
1623 2480 1713 2554 Sergii
1740 2488 1768 2538 et

151 2586 347 2640 lsnoonnrrus
362 2584 514 2656 episcopus,
525 2600 619 2640 servus
633 2600 773 2642 serrorum
788 2586 849 2653 Dei,
870 2585 915 2640 di·
969 2565 1078 2622 Mihi·

115 2673 186 2730 lecto
218 2672 274 2728 lilio
315 2674 489 2727 Aosoaanro
527 2673 648 2730 Porteosi
680 2673 772 2730 abbati
806 2675 916 2746 ejusque
971 2742 977 2754 .
1004 2653 1065 2727 ¹38⁰
1080 2653 1216 2711 Gfflldus
1243 2655 1383 2728 Presbyter
1396 2655 1470 2712 wd-
1486 2656 1526 2713 21¹·
1543 2657 1649 2715 5⁰¹¹&ae
1676 2659 1769 2716 Crucis

116 2759 314 2817 successoribus
349 2760 509 2832 regulariter
535 2761 724 2818 substituendis
751 2763 780 2819 in
815 2778 916 2836 perpa-
969 2743 1164 2801 mmmm·

117 2858 202 2904 quum,
1005 2833 1066 2905 Ego
1108 2833 1196 2890 Guido
1233 2834 1362 2892 diaconus
1389 2835 1533 2893 cardinalis
1569 2837 1598 2893 8.
1631 2838 1723 2894 llariae
1742 2838 1770 2894 in

154 2937 209 2993 Pisa
222 2937 520 3010 posmlatinvcluntatis
533 2938 629 2996 effectu
644 2939 725 2997 debet
739 2948 918 3014 pmsequente
971 2923 1086 2978 Ρθηῑω·

117 3025 259 3098 compleri,
288 3035 419 3099 quatenus
441 3035 469 3083 et
492 3027 642 3086 devotionis
655 3029 794 3088 sinceritas
820 3030 958 3100 lauda-(¹,
1007 3011 1077 3067 ΒΜ
1103 3012 1197 3069 R0¹¹¹ae
1223 3028 1272 3085 Pei
1296 3030 1407 3070 minum
1431 3015 1565 3087 Al¹¹¹l³li⁰i
1588 3015 1621 3072 S·
1640 3016 1771 3072 R⁰¹⁰¹¹⁰⁰2

117 3116 210 3173 bime„
235 3115 374 3183 emme,
390 3117 530 3173 puppim,
556 3119 690 3190 postulata
704 3119 776 3175 ,qm
805 3118 916 3174 impubi.
971 3099 1101 3156 Ecclesiae
1134 3100 1242 3158 diaconi
1269 3102 1413 3160 cardinalis
1453 3113 1480 3160 et
1502 3104 1666 3170 cancellarii,
1698 3104 1769 3161 ldib.

119 3213 207 3263 mppr
234 3213 364 3262 mmm,
397 3205 522 3275 proinde,
552 3206 650 3264 dipem,
677 3207 706 3262 in
733 3208 852 3264 Domino
880 3207 917 3263 qq
971 3188 1093 3258 ienuam,
1109 3190 1241 3247 locarunt.
1257 3193 1582 3264 Dominicaeannollt'l,
1599 3191 1771 3264 pontificatus

119 3294 264 3352 adelberte
276 3293 370 3362 abbas,
389 3294 439 3349 tuis
459 3294 665 3352 rationabilibus
693 3297 919 3367 postulationibus
972 3277 1077 3334 d⁰mi¹¹i
1093 3280 1240 3336 ¹³⁰⁰⁰0¹¹fii
1255 3297 1334 3355 1³³1)oe
1348 3284 1372 3338 ῙῙ
1388 3299 1459 3340 ³¹¹¹²⁰
1471 3299 1523 3340 vn.

118 3392 227 3458 gratum
254 3382 407 3455 prebemus
447 3399 594 3452 assensum,
624 3392 650 3439 ct
677 3391 707 3440 ut
733 3384 762 3440 in
800 3385 919 3441 Portensi
1293 3398 1448 3456 ccxcvfl,

119 3470 245 3529 coenobio
273 3470 316 3526 eui
330 3478 439 3528 auctore
460 3471 576 3527 Domino
604 3487 719 3543 preesse
742 3472 918 3546 dignosceris,
972 3507 1015 3565 Ad
1026 3508 1047 3565 Α

120 3558 285 3614 monasticus
316 3559 399 3624 Ordo,
443 3559 488 3629 qui
524 3559 672 3615 secundum
712 3560 743 3615 ll.
784 3561 921 3628 Benedicti
1055 3549 1062 3564 ’
1300 3587 1448 3643 mem

121 3648 255 3720 regulam,
270 3655 297 3702 et
310 3661 433 3702 normam
462 3647 675 3705 Cisterciensium
704 3648 825 3714 imtmm,
855 3646 922 3705 inibi

123 3737 242 3792 noscitur
269 3735 413 3802 institutus,
447 3736 582 3808 perpetuis
624 3738 720 3794 suturis
757 3739 923 3808 temporibus
1204 3701 1293 3771 (ΜΟ
1313 3703 1393 3772 1138*
1412 3700 1472 3758 ³⁸¹¹·
1492 3705 1550 3773 ἢ)

124 3823 316 3880 inviolabiliter
328 3824 494 3892 observetur,
511 3826 634 3896 presenti
648 3826 748 3897 scripto
771 3826 919 3882 sancimus.
1159 3817 1280 3891 {Bam-i
1303 3818 1430 3888 Ιὶιθθιὶι,
1448 3820 1495 3889 lV,
1515 3819 1592 3895 5⁹0]

125 3911 322 3969 confirmamus
349 3918 377 3968 et
398 3913 588 3969 concambium
614 3931 631 3972 a
657 3913 807 3973 venerabili
843 3916 925 3972 fratre
1014 3908 1202 3963 ladocmws
1232 3923 1326 3964 terlata
1350 3923 1489 3964 salvorum
1520 3909 1583 3974 Dei.
1603 3908 1707 3964 dilectis
1738 3907 1775 3963 fi·

125 4009 218 4060 nostre
246 4001 352 4069 Udone,
381 4001 587 4076 Nuenburgensi
615 4004 743 4075 episcopo
780 4012 869 4061 tecum
900 4009 926 4058 et
978 3997 1022 4054 liis
1039 3999 1074 4053 Α.
1106 3995 1296 4053 archidiacono
1316 4005 1342 4052 et
1356 3999 1388 4051 Δ.
1404 3997 1633 4069 archipresbytem
1661 3999 1775 4055 Lucanas

127 4107 189 4149 cum
216 4089 343 4146 betribns
371 4091 423 4146 tuis
448 4091 644 4148 rationabiliter
670 4093 782 4160 lactum,
801 4093 928 4150 videlicet
978 4086 1116 4153 Ecclesiee
1131 4085 1245 4142 salntem
1261 4093 1287 4142 et
1300 4086 1710 4157 apostolicambenedictionem.

128 4180 284 4237 Portensern
299 4179 389 4237 locum
404 4196 465 4236 cum
479 4181 606 4237 omnibns
618 4180 675 4236 sois
687 4182 855 4253 appendiciis
878 4198 926 4255 pro
1014 4177 1077 4233 Non
1091 4175 1202 4231 dubium
1223 4173 1301 4229 vobis
1314 4182 1355 4230 est
1383 4174 1455 4245 quod
1480 4175 1630 4232 sollicitudo
1654 4175 1776 4259 omnium

128 4268 264 4326 smolensi
278 4268 349 4337 loco,
365 4269 459 4340 inquo
485 4270 561 4340 prius
575 4271 655 4327 emtis
668 4270 785 4326 Domino
809 4271 930 4328 serrien·
978 4265 1171 4332 Eccleeiomm,
1199 4271 1226 4319 et
1246 4263 1382 4336 precipue
1397 4281 1458 4334 quae
1479 4265 1509 4320 B.
1540 4265 1610 4321 Petri
1623 4265 1691 4336 juris
1716 4265 1777 4320 exi·

128 4366 176 4424 les,
214 4356 250 4415 ab
287 4357 383 4413 eodem
421 4358 549 4430 episcopo
575 4358 726 4415 concambii
754 4359 829 4416 titulo
848 4360 926 4416 vobis
980 4363 1062 4422 stunt,
1087 4352 1122 4410 ad
1148 4354 1300 4409 Romanum
1329 4352 1485 4424 pontificem
1509 4353 1638 4425 peculiari
1660 4353 1777 4424 quadem

128 4446 266 4512 collatam,
281 4445 320 4500 ita
343 4452 443 4512 mmau,
460 4453 488 4500 ut
502 4445 575 4501 idem
599 4447 836 4504 smolensislocus
862 4465 924 4506 earm
981 4443 1161 4518 prerogativa
1178 4443 1320 4514 pertineat,
1345 4442 1574 4499 Miramurautem
1599 4442 1681 4513 quod,
1710 4443 1779 4498 sicut

128 4535 184 4590 suis
197 4533 323 4590 omnibus
337 4532 506 4604 appendiciis
530 4535 709 4606 jurisdictioni
723 4545 748 4594 et
762 4537 821 4592 usui
849 4539 929 4595 cedat
981 4531 1314 4606 accepimusaccelimus
1334 4538 1361 4588 et
1375 4531 1515 4587 albericus
1540 4532 1699 4604 presbyteri,
1728 4547 1779 4589 nec

128 4622 234 4697 praelati
248 4622 378 4694 episcopi.
408 4622 555 4680 statuimus
577 4623 729 4697 insuperut
754 4641 926 4697 quascunque
981 4640 1035 4681 non
1050 4622 1219 4690 Lambertus,
1240 4621 1375 4693 Capellae,
1389 4620 1512 4677 canonici
1521 4628 1617 4678 vestrm
1639 4620 1777 4690 Ecclesia,

129 4711 321 4786 possessiones,
350 4727 518 4783 quaecunque
538 4711 611 4768 bona
637 4712 709 4769 idem
734 4717 926 4772 monasterium
980 4711 1139 4769 institutioni
1154 4727 1235 4782 quem
1258 4712 1292 4766 de
1314 4710 1436 4767 Ecclesia
1450 4709 1478 4765 S.
1495 4710 1674 4777 Pantaleonis‚
1703 4710 1780 4766 salue

128 4799 372 4872 impresentiarum
393 4799 466 4871 juste
478 4808 506 4856 et
517 4800 712 4858 rationabiliter
733 4802 861 4873 possidet,
881 4812 927 4860 aut
980 4804 1009 4858 tt.
1026 4800 1130 4857 llartini
1154 4800 1258 4871 justitia
1276 4799 1398 4865 lecimus,
1427 4799 1551 4870 impmbe
1579 4799 1777 4867 adversantem

129 4891 156 4946 in
172 4894 290 4946 laturum
303 4889 479 4946 concessione
493 4888 661 4961 pontificum,
677 4890 820 4962 largitione
830 4908 925 4964 regum
979 4897 1006 4948 et
1020 4889 1148 4961 quoniam
1172 4888 1223 4959 ipsi
1237 4895 1328 4944 nostra
1354 4888 1483 4959 patientia
1497 4887 1651 4957 abutuntur,
1681 4896 1708 4943 ct
1733 4905 1780 4945 co-

129 4979 173 5037 rel
187 4979 348 5051 principum,
373 4978 512 5037 oblatione
538 4976 667 5047 iidelium,
696 4995 743 5035 sou
765 4979 825 5035 aliis
848 4980 926 5049 justis
979 4984 1183 5035 nanturccntra
1210 4977 1346 5031 stimulum
1363 4976 1514 5044 calcitrare,
1538 4976 1700 5033 mandamus
1726 4993 1779 5033 ro·

129 5067 229 5134 modis,
257 5075 400 5139 praeeunte
420 5067 549 5135 Domine,
577 5067 675 5139 poterit
694 5068 819 5140 adipisci,
847 5067 926 5126 iirma
982 5069 1023 5124 bis
1050 5074 1130 5138 etque
1151 5065 1323 5137 precipimus
1358 5074 1488 5135 quatenus
1515 5064 1634 5122 districte
1669 5066 1779 5123 eosdem

130 5155 179 5209 tibi
205 5156 310 5224 tuisque
349 5156 557 5224 successoribus,
576 5164 604 5212 et
630 5156 733 5213 illibata
769 5157 926 5215 consistant.
982 5157 1127 5213 canonicos
1140 5155 1272 5211 moneatis
1295 5154 1330 5210 ab
1353 5152 1507 5224 hujusmodi
1530 5154 1676 5210 vexatione
1704 5155 1780 5212 desi-

131 5244 167 5300 Ut
179 5251 269 5298 autem
284 5243 399 5312 quietius
412 5245 590 5314 omnipotenti
612 5245 669 5301 Deo
683 5244 783 5303 seruire
810 5244 927 5317 possitis,
982 5254 1061 5314 stem,
1078 5251 1105 5300 et
1119 5242 1222 5299 dilectis
1249 5240 1312 5297 liliis
1338 5243 1436 5298 nostris
1448 5242 1473 5296 J.
1502 5243 1584 5315 priori
1604 5251 1630 5299 et
1653 5243 1782 5300 iratribus

131 5331 261 5404 presenti
275 5331 377 5402 scripto
391 5329 517 5387 duximus
532 5332 718 5403 inhibendum,
731 5342 761 5391 ιιι
774 5334 928 5391 naduscle-
983 5334 1012 5391 8.
1029 5333 1156 5400 Fridiani,
1172 5331 1270 5404 quibus
1292 5331 1440 5387 Ecclesiam
1454 5331 1540 5404 ipsam
1570 5331 1756 5388 commisimus
1772 5348 1779 5403 ;

131 5419 212 5489 neus,
228 5419 315 5474 nullus
331 5419 413 5474 laicus
426 5419 497 5475 inira
512 5420 642 5479 terminos
656 5429 758 5479 vestrm
780 5421 930 5482 venedoni·
983 5439 1032 5496 per
1058 5438 1088 5478 se
1112 5421 1156 5479 sel
1183 5420 1344 5498 submissam
1372 5435 1515 5492 personam
1544 5420 1645 5475 nullam
1672 5436 1780 5491 praesu-

132 5509 183 5563 bus
207 5507 304 5564 audeat
328 5523 434 5575 uacare,
451 5517 496 5565 aut
521 5511 601 5584 nugis
615 5511 800 5567 consimilibus
818 5526 929 5584 operam
982 5518 1058 5568 ment
1084 5508 1234 5566 molestiam
1249 5508 1379 5581 irrogare.
1395 5507 1474 5577 Quod
1496 5507 1517 5562 si
1531 5507 1602 5564 inira
1625 5509 1779 5579 quindecim

130 5594 208 5656 dare.
241 5597 416 5655 Decunimta
429 5613 496 5672 erqo
516 5599 620 5657 utnulli
647 5599 758 5657 omnino
787 5601 928 5657 bominum
982 5600 1040 5656 dies
1066 5589 1208 5672 postquam
1231 5597 1329 5671 scripta
1343 5595 1486 5669 presentia
1498 5596 1677 5670 susceperitis,
1707 5613 1780 5671 pree·

1081 3507 1312 3569 archidiaconum
1337 3518 1365 3570 et
1379 3515 1421 3599 A..
1435 3516 1629 3590 presbyterum
1642 3516 1774 3575 Ecclesiae
