3750 6000
90 220 132 273 rii
692 211 865 271 EPISTOLAE
884 210 930 269 ΕΤ
948 213 1162 271 etttVttEGta.
1686 224 1740 283 102

89 342 219 413 gratisne
242 340 303 397 sine
327 341 461 414 pravitate
478 340 595 399 veluerit
611 339 733 397 exibere.
759 333 885 406 Alioquin
900 338 928 398 A
942 340 991 390 tius
1007 337 1178 391 stelendernlo
1195 338 1301 393 arctiori
1312 338 1733 420 debeamuscbaritatediligerc,

89 445 135 501 pro
148 429 312 486 eommdem
327 438 568 487 sacramentorum
578 428 751 499 susceptione
766 422 889 478 Catnoli-
943 440 1010 496 quas
1026 425 1104 480 beato
1132 426 1212 480 Petro
1224 433 1251 481 et
1266 436 1368 483 sunctae
1396 429 1524 486 Romana
1538 433 1667 492 Ecclesiae
1681 453 1735 494 non

92 535 159 588 curn,
175 536 258 591 quern
273 518 418 575 volueritis
433 520 592 592 episcopum
599 513 769 586 adeatis,qui
783 520 890 583 aposto-
942 521 983 569 est
993 513 1103 569 debium
1119 513 1265 585 specialius
1280 517 1430 573 adbaerere.
1449 519 1568 592 Dignum
1582 537 1700 596 namque
1710 534 1737 582 et

93 607 150 663 licre
164 607 240 663 sedis
255 607 339 663 tultus
353 609 529 675 auctoritate,
545 607 616 680 quod
628 604 790 676 postulatur,
802 599 889 655 indul·
941 611 1056 666 honeste
1079 612 1246 667 conveniens
1262 629 1323 668 esse
1337 616 1513 687 cognoscitur
1528 627 1557 671 ut
1573 620 1617 690 qui
1631 621 1666 676 ad
1679 621 1735 679 Ec·

93 711 167 776 geat.
188 704 313 761 Obeunte
329 721 395 761 vero
406 701 708 775 tenuncejusdemloci
723 699 830 763 abbate,
842 696 889 753 vel
942 699 1088 754 clesiarum
1106 700 1228 772 regimen
1243 702 1377 773 assumpti
1389 720 1493 770 sumus,
1509 720 1603 762 carum
1618 709 1702 777 quieti
1712 719 1739 768 et

92 800 199 849 tuorum
217 792 341 866 quolibet
370 810 571 859 successorum,
597 792 687 849 nullus
706 789 746 845 ibi
771 786 890 860 qualibet
942 787 1049 842 utilitati
1078 788 1233 855 salubriter,
1263 791 1408 847 auxiliante
1437 794 1563 864 Domino,
1594 798 1738 867 providere

94 879 281 952 subreptionis
295 881 398 936 astutia
422 897 470 937 sen
485 880 612 937 violentia
625 881 813 951 praeponatur,
837 869 889 929 nisi
943 890 1080 931 curemus.
1097 876 1229 944 Proinde,
1245 878 1344 935 dilecte
1358 879 1385 934 in
1396 881 1512 938 Domino
1527 883 1565 938 lili
1578 883 1738 957 ildeprande

94 985 172 1041 qnam
188 968 290 1025 iratres
314 970 611 1035 communiconsensu,
637 966 800 1023 rollratrum
829 979 891 1034 pars
943 963 1022 1030 abba,
1044 964 1097 1019 tuis
1113 965 1322 1022 rationabilibus
1332 969 1560 1038 postulationibus
1569 971 1739 1046 benignitate

91 1056 194 1114 consilii
222 1057 341 1112 sanioris
366 1058 517 1114 secundum
534 1057 583 1113 Dei
594 1057 730 1120 timorem,
761 1061 788 1109 et
816 1049 889 1107 beati
943 1051 1035 1108 debita
1058 1053 1182 1108 duximus
1197 1055 1371 1111 annuendum
1395 1058 1738 1120 etNonantulanumbcati

91 1145 231 1201 Benedicti
261 1145 389 1219 regulam
407 1146 551 1218 elegerint.
566 1143 746 1201 Decernimus
766 1155 834 1213 ergo
861 1145 891 1193 ut
943 1139 1064 1195 silvestri
1080 1143 1285 1207 monasterium,
1302 1144 1346 1199 cui
1363 1144 1481 1202 Domino
1495 1155 1738 1222 auctorepraeesse

89 1242 154 1297 nulli
168 1242 282 1298 omniuo
298 1245 439 1299 bominum
455 1242 495 1298 las
510 1243 543 1300 sit
557 1242 782 1314 praenominatum
798 1252 890 1294 coeno·
942 1238 1125 1311 dignosceris,
1142 1239 1214 1312 quod
1229 1241 1322 1314 utique
1338 1244 1372 1298 ab
1383 1244 1737 1322 nstuttotongobaroorum

88 1331 158 1386 bium
186 1339 293 1387 temere
323 1333 500 1403 perturbare,
529 1339 575 1386 ant
610 1330 670 1401 ejus
700 1327 890 1401 possessiones
941 1343 1020 1398 rege,
1046 1329 1167 1398 eiusdem
1184 1329 1236 1386 loci
1260 1330 1411 1400 fundatore,
1429 1334 1506 1390 beato
1524 1337 1602 1393 Petro
1617 1338 1737 1396 oblatum

88 1428 204 1497 auterre,
221 1429 264 1485 vel
280 1428 387 1484 ablatas
403 1429 679 1496 retinere,minuere,
695 1435 740 1482 ant
754 1425 890 1497 aliquibus
942 1422 992 1471 esi·
1010 1415 1047 1472 ed
1062 1419 1204 1489 exemplar
1217 1420 1448 1489 predecessorum
1471 1432 1626 1481 nostrorum
1651 1427 1737 1487 ielicis

90 1518 284 1573 vexationibus
300 1515 425 1591 fatigare,
442 1518 491 1573 sed
506 1519 599 1573 omnia
609 1517 716 1589 integra
729 1528 891 1570 conserven·
941 1505 1082 1561 memOriae
1110 1507 1219 1574 Leonis,
1242 1507 1400 1575 Alexandri.
1428 1512 1566 1568 Ptsehrlis
1578 1524 1605 1570 et
1626 1516 1735 1588 citimi,

87 1614 130 1661 tm·
141 1623 242 1662 eorum
259 1622 437 1679 proquorum
448 1607 679 1678 gubernationem
692 1602 889 1659 sustentatione
941 1593 1129 1649 Romanorum
1146 1594 1314 1666 pontificum,
1331 1599 1488 1668 apostolice
1506 1601 1580 1657 sedis
1593 1604 1736 1678 privilegio

86 1710 220 1751 concessa
235 1704 301 1750 sunt
316 1696 410 1751 usibus
419 1694 584 1751 omnimbdis
601 1693 753 1766 profutura.
765 1689 889 1761 adjudi—
898 1704 925 1766 Β
942 1682 1151 1738 communimus·
1170 1682 1612 1762 Statuimusentmutquaecunque
1621 1694 1735 1763 praedia,

86 1783 159 1839 cium
174 1795 275 1840 sutem
301 1792 437 1854 perceptae
465 1783 547 1853 hujus
574 1799 591 1839 a
618 1783 739 1839 ilomana
765 1778 888 1836 Ecclesia

87 1870 221 1928 libertatis
236 1887 341 1929 aureos
354 1872 426 1928 duos
442 1873 587 1944 quotannis
601 1868 774 1927 Lateranensi
789 1867 889 1939 palatio

87 1970 265 2043 pemolvetis.
292 1971 322 2028 Si
338 1972 401 2043 quis
415 1971 498 2041 igitur
512 1970 679 2043 patriarcba,
700 1967 888 2038 archiepisco·

87 2074 145 2130 pns,
154 2061 317 2131 episcopus,
330 2065 377 2114 aut
386 2059 572 2117 ecclesiastica
580 2058 752 2115 saecularisve
760 2070 886 2128 persona,

87 2147 112 2202 in
137 2146 268 2204 loturum
293 2149 365 2203 hanc
395 2157 496 2204 nostrae
526 2145 729 2204 constitutionis
761 2144 887 2217 pagiuam

89 2237 189 2303 mens,
207 2246 307 2292 contra
322 2244 489 2293 eamtemere
504 2231 888 2300 veniretentaverit,secundo

89 2327 203 2382 tertiove
230 2326 408 2391 commonita,
436 2327 459 2380 si
483 2341 537 2381 non
560 2323 743 2380 satisfactione
766 2336 888 2394 congrua

91 2424 288 2489 emendaverit,
318 2423 460 2495 potestatis
491 2423 657 2494 honorisque
689 2421 732 2476 sui
757 2419 888 2493 dignitate

89 2520 189 2581 eareat,
203 2528 337 2584 reamque
359 2528 389 2569 se
399 2512 492 2568 divino
503 2512 607 2581 judicio
624 2511 743 2568 existere
770 2510 805 2565 de
821 2525 887 2579 per·

90 2610 190 2673 patrata
205 2592 351 2673 iniquitate
366 2609 526 2673 cognoscat,
535 2610 561 2657 et
571 2616 587 2655 a
596 2599 889 2669 sanctissimocorpore

90 2696 115 2746 et
127 2690 264 2762 sangnine
281 2690 330 2746 Dei
350 2699 377 2746 et
387 2689 495 2746 Domini
515 2690 600 2745 nostri
616 2687 806 2760 Redemptoris
821 2688 888 2742 lesu

93 2777 184 2834 Christi
216 2778 310 2835 aliena
350 2777 408 2845 liat,
449 2787 531 2850 atque
555 2779 583 2832 in
610 2788 732 2834 extremo
761 2775 888 2831 examine

93 2864 220 2923 districtae
234 2866 332 2922 ultioni
347 2867 482 2936 sujaceat.
498 2865 609 2921 Cunctis
624 2874 712 2920 autern
722 2864 810 2919 eidem
827 2862 888 2919 loco

95 2977 139 3017 sna
160 2964 225 3032 jura
256 2962 429 3019 servantibus
453 2962 487 3018 sit
501 2978 551 3034 pax
583 2960 690 3017 Domini
711 2959 795 3015 nostri
822 2960 888 3013 iesu

942 1795 1118 1852 quascunque
1126 1782 1374 1851 possessionesseu
1386 1785 1536 1842 bonsidem
1545 1790 1738 1848 monasterium

941 1866 1190 1938 impraesentiarum
1215 1871 1288 1940 juste
1315 1879 1342 1928 et
1365 1872 1486 1945 legitime
1505 1877 1636 1947 possidet,
1661 1878 1738 1937 firma

942 1955 1000 2022 tibi,
1018 1956 1126 2029 tuisque
1142 1961 1351 2016 successoribus
1375 1969 1402 2017 et
1416 1962 1522 2019 illibata
1549 1978 1736 2040 permaneant,

940 2043 968 2099 in
985 2045 1084 2115 quibus
1098 2047 1158 2103 haec
1172 2048 1290 2119 propriis
1300 2051 1455 2106 nominibus
1469 2052 1622 2111 adnotanda
1630 2057 1739 2131 subjun-

941 2140 1032 2212 gimus
1051 2143 1161 2214 :ipsum
1181 2145 1311 2201 videlicet
1338 2147 1480 2204 castellum
1507 2151 1736 2225 Nonantulauum,

941 2229 1084 2286 castellum
1101 2232 1196 2299 Vetus,
1214 2234 1352 2290 Galianum
1371 2237 1568 2307 cathinianum,
1586 2243 1735 2314 Fanenum,

942 2318 1085 2389 Lisanum,
1104 2320 1271 2392 sclopinum,
1283 2322 1440 2393 Samonum,
1459 2327 1630 2399 campilium,
1648 2333 1733 2388 biars·

941 2423 1018 2474 num,
1035 2409 1144 2464 Pratum
1158 2408 1297 2476 Albinum,
1313 2415 1509 2471 monesterium
1525 2415 1632 2475 Sancte
1646 2420 1738 2480 Lusias

942 2510 1004 2553 cum
1020 2498 1147 2554 ecclesiis
1175 2508 1202 2554 at
1220 2500 1389 2571 pertinentiis
1406 2503 1472 2570 suis,
1501 2505 1645 2564 ecclesiam
1669 2508 1738 2567 Sau-

943 2594 1071 2650 ctisslmae
1090 2596 1231 2652 Trinitatis
1255 2598 1289 2653 de
1301 2598 1411 2668 Savino,
1427 2602 1621 2671 lilanzolinum,
1647 2608 1737 2666 Rava-

942 2680 1018 2750 lium,
1037 2681 1227 2750 Rastellinunt,
1250 2684 1376 2741 Sanctam
1401 2689 1516 2744 Mariam
1531 2691 1565 2748 de
1593 2694 1736 2767 Grumolo,

943 2769 1120 2840 spinalberti,
1137 2772 1282 2840 Solarium,
1300 2774 1443 2842 Roncalia,
1458 2778 1652 2852 camoranam,
1669 2784 1737 2841 Cur·

942 2867 988 2924 tile
999 2868 1117 2934 Siccum,
1133 2870 1275 2925 castollum
1292 2871 1424 2941 Pollacci,
1439 2874 1612 2946 Trecentula,
1629 2883 1737 2940 Bonde-

942 2972 1016 3024 num,
1027 2957 1189 3027 Nogariam,
1210 2959 1471 3030 castellumCellam,
1481 2966 1736 3027 etilarzsliamcum

96 3050 204 3117 Cbristi,
221 3061 358 3122 qnatenus
373 3058 400 3106 et
414 3052 459 3107 bic
469 3051 588 3106 fructum
604 3051 682 3105 bouae
695 3047 809 3104 actionis
822 3063 887 3119 per·
903 3058 928 3123 C
942 3045 1114 3115 pertiuentiis
1133 3062 1241 3102 corum.
1276 3049 1411 3105 Praeterea
1439 3053 1579 3108 castellum
1614 3057 1736 3127 Cellulae,

98 3139 191 3211 cipiunt
206 3147 234 3195 et
249 3140 321 3211 apud
342 3139 495 3196 districtum
509 3139 632 3195 iudicem
654 3137 767 3209 praemis
780 3145 889 3193 aeternae

99 3238 167 3307 pacis
179 3237 333 3294 inveniant.
345 3238 447 3305 Amen,
463 3253 554 3303 amen,
570 3252 660 3292 amen.

126 3327 186 3400 ligo
202 3326 381 3383 Innocentius
391 3324 542 3382 Catholicae
549 3324 684 3382 Ecclesiae
692 3322 840 3395 episcopus
848 3337 887 3376 ss.

127 3415 186 3489 Ego
202 3414 363 3472 Gualterius
377 3413 407 3470 S.
422 3413 589 3470 Ravennatis
605 3411 829 3483 archiepiscopus
843 3427 883 3466 ss.

128 3504 183 3576 Fgo
198 3503 364 3561 Guillelmus
379 3502 562 3559 Praenestinus
576 3501 721 3573 episcopus
735 3516 778 3556 ss.

127 3591 184 3665 Ego
199 3593 338 3650 Romanus
352 3592 425 3648 diac.
440 3591 517 3649 card.
534 3591 563 3647 S.
579 3590 671 3647 biariae
684 3590 712 3645 in
727 3588 832 3644 Portica
842 3603 883 3643 ss.

130 3680 186 3754 Ego
201 3680 353 3753 Gregorius
368 3680 439 3737 dian.
454 3680 531 3737 card.
548 3679 598 3736 SS.
608 3679 696 3751 Sergii
708 3676 887 3733 etBaccbiss.

129 3769 183 3841 ligo
199 3769 282 3825 Oddo
297 3768 367 3825 diac.
385 3769 465 3825 card.
482 3768 514 3824 S.
534 3767 647 3840 Georgii
661 3767 697 3823 ad
712 3765 816 3822 Vallum
831 3768 887 3820 llu-

99 3873 169 3914 reum
183 3874 225 3914 sa.

129 3955 224 4013 batum
250 3954 412 4012 Nonautulae
430 3969 481 4027 per
502 3969 612 4010 manum
635 3952 764 4010 atmerici
787 3956 888 4009 sanctas

101 4043 220 4102 Romane
243 4044 376 4102 Ecclesiae
390 4043 464 4099 diac.
482 4043 562 4100 card.
591 4051 617 4099 et
644 4040 779 4107 cancell„
794 4041 888 4097 Nonas

102 4140 233 4211 octobris,
250 4140 398 4196 indictione
412 4139 527 4209 decima,
544 4137 743 4196 iucarnationis
762 4137 888 4192 Domini-

101 4243 135 4284 η
146 4244 219 4285 anno
233 4229 379 4285 millesimo
387 4227 688 4300 centesimotrigesimo
697 4224 787 4293 tertio,
799 4224 890 4297 ponti-

100 4315 187 4375 ficatus
201 4333 269 4376 aero
284 4317 378 4374 domni
391 4317 543 4374 Innocentii
559 4318 582 4372 tt
597 4332 676 4389 papae
691 4331 763 4371 anno
779 4331 822 4369 ur.

445 4415 532 4470 CXX.

102 4515 257 4573 emiserit
285 4513 484 4571 Nonontulnrri
499 4512 685 4584 possessiones
698 4513 728 4566 et
744 4509 892 4583 priuilegio

407 4601 572 4671 confirmet.

321 4699 414 4768 (Anno
432 4698 509 4765 ttae,
525 4697 586 4755 Oct.
603 4695 660 4758 tat

192 4788 363 4862 {itomanam
380 4788 475 4857 antiq.
489 4787 566 4851 ilat,
583 4792 602 4839 t.
620 4784 651 4851 V,
667 4799 697 4855 p.
718 4782 797 4855 iia]

132 4888 322 4943 lasocanrtns
350 4885 506 4956 episcopus,
535 4898 632 4940 servus
660 4896 802 4937 serrorum
829 4879 889 4941 Dei,

100 4974 196 5033 dilecto
211 4975 238 5031 in
254 4973 365 5031 cbristo
380 4970 438 5028 lilio
451 4974 629 5027 tmssnumo
643 4968 826 5026 Nouantulani
835 4983 892 5023 mo

99 5064 207 5122 nasterii
226 5061 332 5133 abbati,
358 5063 475 5134 ejusque
502 5058 704 5117 successoribus
730 5056 893 5132 regulariter

98 5160 133 5217 ibi
143 5159 300 5219 virentibus
313 5157 341 5213 iu
354 5160 529 5231 perpetuum,
544 5155 659 5212 salntem
674 5160 702 5210 et
716 5151 894 5226 apostolicam

98 5248 325 5308 benedictionem.

129 5340 198 5397 Cum
220 5337 349 5394 omnibus
363 5333 496 5392 Ecclesiis
519 5340 545 5389 et
560 5329 753 5390 ecclesiasticis
768 5327 893 5403 personis

96 5426 234 5486 debitores
255 5442 288 5483 es
303 5424 463 5497 apostolicae
482 5421 727 5480 sedisauctoritate
746 5435 779 5476 ac
805 5419 892 5474 bene-

95 5516 213 5575 rcientia
235 5515 398 5582 exismmus,
413 5510 469 5568 illis
484 5519 575 5568 umen
589 5508 729 5568 ardentius
745 5506 892 5581 providere

92 5622 145 5664 nos
159 5606 300 5674 morenis,
314 5611 346 5660 ut
357 5616 446 5673 ess,a
460 5615 606 5673 praromm
620 5600 762 5659 hominurn
772 5595 891 5655 incursi·

943 3141 1045 3191 curtem
1055 3135 1182 3206 Ragusae,
1203 3136 1344 3192 castellum
1358 3138 1508 3195 Theodaldi
1535 3159 1597 3198 cum
1612 3147 1738 3204 omnibus

943 3220 1051 3288 alodiis,
1069 3239 1130 3294 qum
1146 3224 1243 3295 inipso
1258 3225 1385 3281 comitatu
1400 3227 1568 3286 Ferrarieusi
1582 3233 1738 3292 bonifacius

942 3310 1066 3366 marchio
1092 3312 1226 3384 acquisita
1249 3314 1382 3384 possedit,
1411 3325 1503 3373 restro
1529 3318 1738 3393 inperpetuum

942 3400 1111 3456 monasterio
1140 3399 1419 3476 confirmamus,qum
1444 3406 1581 3463 comitissa
1602 3409 1738 3470 blatbildis

942 3496 976 3553 de
992 3498 1139 3567 oblatione,
1152 3517 1234 3573 qnam
1246 3500 1347 3558 Sancto
1362 3502 1443 3559 Petro
1453 3512 1480 3560 et
1494 3506 1624 3564 Romane
1638 3510 1737 3568 Eccle-

942 3585 990 3641 sim
1005 3586 1132 3656 dederat,
1149 3589 1229 3644 vobis
1250 3607 1337 3661 nuper
1351 3591 1464 3649 dedisse
1484 3597 1670 3668 cognoscitur,
1686 3601 1737 3656 sub

942 3689 1027 3732 ceirsu
1042 3676 1147 3732 scilicet
1165 3678 1333 3734 uniusaurei
1347 3695 1446 3748 annuo,
1457 3681 1484 3736 in
1493 3683 1738 3759 civitatePapiensi

942 3764 1087 3820 ecclesiam
1117 3766 1208 3822 Sancti
1233 3764 1347 3837 Quirini,
1370 3768 1398 3822 in
1413 3770 1569 3827 Placentina
1592 3774 1737 3833 ecclesiam

943 3859 1035 3915 Sancti
1064 3861 1197 3931 silvestri,
1226 3864 1254 3917 in
1279 3864 1437 3922 Monticello
1470 3868 1614 3925 ecclesiam
1643 3872 1736 3931 Sancti

942 3947 1066 4017 Georgii,
1078 3949 1106 4003 in
1121 3950 1256 4005 Cremona
1268 3951 1415 4007 ecclesiam
1433 3955 1528 4011 Sancti
1541 3958 1676 4026 Silvestri,
1687 3977 1736 4019 ec·

941 4036 1052 4093 clesiam
1075 4037 1181 4094 Sanctae
1204 4039 1308 4109 Crucis,
1339 4050 1366 4096 et
1380 4043 1524 4099 ecclesiam
1539 4047 1628 4103 Sancti
1651 4050 1738 4108 Beue·

942 4125 1015 4191 dicti,
1036 4125 1064 4181 in
1089 4125 1233 4181 Parmensi
1258 4127 1405 4184 ecclesiam
1430 4131 1524 4188 Sancti
1546 4133 1680 4205 Silvestri,
1708 4139 1735 4195 iu

943 4214 1076 4270 suburbio
1107 4214 1236 4272 Vicentioe
1256 4217 1398 4272 ecclesiam
1424 4219 1518 4275 Sancti
1545 4221 1680 4293 Silvestri,
1708 4227 1736 4284 in

943 4301 1085 4359 Libertino
1099 4304 1243 4361 ecclesiam
1260 4306 1353 4362 Sancti
1370 4306 1503 4375 Silvestri,
1518 4310 1545 4365 in
1562 4311 1739 4375 Montesilieaa

901 4402 1088 4477 Decelesiam
1116 4403 1209 4460 Sancti
1236 4404 1357 4460 Dariielis
1381 4422 1445 4463 cum
1462 4410 1589 4466 omnibus
1603 4413 1636 4467 sd
1650 4414 1739 4486 ipsam

944 4491 1159 4563 pertinentibus,
1171 4492 1198 4547 in
1213 4494 1354 4549 Tarvisina
1377 4496 1486 4553 civitate
1500 4501 1647 4557 ecclesiam
1666 4502 1739 4560 San-

944 4587 995 4636 clm
1011 4581 1110 4648 Maria,
1127 4588 1153 4636 et
1168 4581 1274 4638 Sanctae
1289 4583 1402 4641 Fuscbae
1416 4601 1480 4642 cum
1494 4585 1633 4660 libertate,
1654 4592 1741 4665 capel·

944 4667 989 4735 lis,
1010 4675 1036 4722 et
1055 4669 1183 4724 ‘omnibus
1209 4671 1245 4725 sd
1273 4686 1334 4727 eam
1363 4676 1575 4745 pertinentibus.
1594 4678 1666 4736 Sane
1689 4698 1742 4740 uec

944 4756 1092 4813 Mutinensi
1104 4758 1225 4827 omnino,
1236 4774 1289 4817 nec
1299 4761 1379 4816 alicui
1393 4763 1521 4834 cuiquam
1535 4767 1738 4839 episcoporum,

944 4854 987 4911 vel
1003 4854 1170 4927 principum,
1193 4858 1332 4913 autalicui
1356 4859 1558 4930 ecclesiastica,
1583 4866 1742 4927 secularire

945 4959 1070 5014 personae
1084 4944 1166 5000 liceat
1177 4945 1338 5016 supradicto
1351 4950 1530 5018 monasterio,
1546 4961 1593 5009 aut
1608 4955 1668 5024 ejus
1681 4957 1742 5014 cel-

946 5031 979 5088 lis
996 5032 1039 5089 rel
1054 5033 1188 5101 ecclesiis,
1206 5033 1321 5105 aliisque
1343 5037 1564 5107 possessionibus
1591 5057 1742 5115 maresuan

947 5129 1058 5193 inierre,
1075 5131 1233 5187 exactiones
1248 5131 1399 5206 imponere,
1415 5133 1552 5206 placitum,
1578 5139 1640 5199 sire
1656 5144 1741 5203 collo·

949 5220 1052 5292 quium,
1062 5228 1162 5290 praeter
1175 5219 1282 5276 abbatis
1301 5238 1334 5279 ac
1349 5221 1461 5280 fratrum
1476 5227 1651 5301 uoluntatem,
1667 5232 1741 5290 indi-

948 5324 1011 5365 cere
1026 5309 1070 5363 vel
1085 5316 1189 5364 tenere.
1206 5307 1333 5366 Obeunte
1350 5328 1415 5368 vero
1427 5321 1453 5369 te
1466 5331 1538 5374 nunc
1551 5318 1673 5387 eiusdem
1688 5322 1742 5381 loci

947 5397 1055 5462 abbate,
1072 5398 1114 5453 vel
1130 5404 1238 5452 tuorum
1251 5397 1371 5470 quolibet
1385 5417 1593 5474 successorum,
1605 5407 1742 5468 nullusibi

947 5493 1067 5565 qualibet
1081 5494 1265 5566 subreptionis
1275 5497 1374 5555 astutia
1389 5501 1581 5560 suaviolentia
1604 5522 1742 5580 propona-

947 5598 1001 5664 tur,
1014 5591 1067 5648 nisi
1080 5609 1162 5665 quem
1181 5594 1279 5651 lintres
1304 5598 1599 5676 communicouseusu,
1625 5606 1670 5663 vel
1681 5605 1741 5665 trs-
