3750 6000
188 226 240 283 683

819 221 1024 278 {NNOCENTH
1045 223 1068 277 1t
1091 222 1201 279 l'Ai'AE.

1787 237 1840 290 684

186 369 283 409 versus
298 359 348 422 est,
366 359 522 408 sanctorum
536 351 647 405 Patium
658 355 764 412 statuta,
775 355 800 403 et
809 355 980 402 sacrosancta
997 348 1024 406 Α
1038 345 1228 416 prohibitionis
1243 349 1499 421 promulgationem,
1517 351 1588 406 male
1603 353 1702 420 studio,
1715 354 1773 411 sire
1787 372 1839 427 pro

184 442 235 499 Dei
250 443 401 498 detestatur
416 440 552 497 itcclesia.
580 439 668 512 Leges
682 438 764 494 etiarn
781 437 872 494 sacnti
888 437 922 493 da
937 437 984 492 tali

184 530 362 588 contubernio
387 537 476 597 natos,
498 537 526 586 et
549 528 667 585 infames
691 527 875 600 pronuntiant,
898 533 925 583 et
948 526 983 583 ab

182 620 342 676 haereditate
357 619 504 690 repellunt.

405 708 490 763 xvu.
509 709 545 763 De
559 706 757 763 incendiariis.

217 799 370 855 Pessimum
385 797 520 870 siquidem
532 806 558 852 et
568 794 811 867 depopulatricem,
827 801 854 847 et
868 793 982 848 horreu-

185 889 245 944 dam
279 887 467 944 incendiorum
502 884 547 958 [s.
564 881 819 956 incendiariorum]
846 881 980 938 malitiam

181 977 344 1034 auctoritate
369 976 428 1042 Dei,
455 983 480 1031 et
494 975 635 1030 beatorum
660 972 849 1044 apostolorum
866 970 938 1026 Petri
953 977 981 1025 et

181 1066 257 1122 Pauli
272 1065 384 1122 omnine
408 1065 580 1120 detestamur
595 1071 621 1118 et
635 1060 834 1116 interdicimus.
862 1059 926 1114 liaec
940 1067 980 1113 et·

180 1157 255 1213 enirn
285 1156 380 1227 pestis,
409 1155 469 1209 haec
496 1151 604 1208 hostilis
638 1151 760 1215 uastitas,
788 1164 884 1204 ornnes
910 1145 980 1201 alias

182 1245 402 1317 depraedationes
417 1249 581 1312 exsuperat:
599 1246 801 1311 quiaquantum
817 1236 916 1308 populo
929 1235 979 1291 Dei

180 1335 215 1390 sit
239 1336 381 1398 damnosa,
410 1339 593 1405 quantumque
619 1328 812 1383 detrimentum
836 1325 978 1379 animabus

179 1433 206 1481 et
221 1423 380 1497 corporibus
392 1420 503 1485 inierat,
520 1417 610 1474 nuilus
623 1418 743 1489 ignorat.
767 1413 976 1488 assurgendum

179 1522 221 1569 est
249 1514 340 1585 igitur,
370 1520 396 1566 et
429 1508 594 1565 omnimodis
631 1503 820 1572 laborandum,
849 1512 877 1557 ut
903 1511 977 1558 tanta

179 1603 283 1667 clades,
298 1607 427 1671 tantaque
443 1597 586 1669 pernicies,
609 1610 658 1667 pro
673 1594 760 1650 salute
774 1592 867 1664 populi
883 1591 975 1648 eradi·

179 1702 257 1750 cetur
272 1699 299 1746 et
313 1689 486 1760 exstirpetur.
506 1687 534 1742 Si
549 1685 610 1758 quis
620 1683 773 1757 igiturpest
785 1681 865 1752 liujus
875 1689 1016 1765 nostraeB

216 1869 290 1938 (aot)
305 1867 361 1921 llos
376 1879 495 1921 canones
510 1861 626 1918 coneilio
640 1860 768 1916 ilamensi
787 1859 881 1915 tribuit
895 1858 974 1940 etiarn

181 1941 306 1997 collectio
321 1936 424 1993 codicis
439 1931 626 1989 Ebroicensis.
653 1933 822 2013 lidemuveio
838 1939 933 2001 postea
948 1948 975 1985 in

180 2009 361 2068 Lateranensi
389 2006 504 2063 concilio
540 2005 690 2060 iunocentii
727 2003 852 2071 ejusdem
880 2018 975 2058 ornnes

179 2086 276 2139 iterum
292 2078 457 2151 promulgati
471 2078 560 2131 lueis.
580 2078 619 2131 Ac
633 2074 782 2130 vei-isimiie
796 2080 847 2134 est,
863 2073 975 2128 eosdem

180 2157 257 2225 ipsos
282 2153 309 2205 in
333 2149 446 2206 censitio
474 2162 582 2218 quoque
606 2146 778 2207 arvernensi,
803 2143 876 2215 qaod
903 2158 975 2198 anno

178 2227 251 2281 bunc
265 2223 438 2294 praecedente
453 2219 524 2274 idem
539 2218 712 2272 innocentius
727 2214 798 2285 apud
811 2217 975 2270 Claromen·

179 2307 234 2352 tem
249 2298 391 2355 babuerat,
409 2300 455 2345 aut
470 2304 578 2353 omues,
598 2296 643 2342 aut
658 2303 708 2368 pro
723 2297 800 2367 parte
814 2286 974 2357 promulga-

178 2378 231 2424 tos.
255 2369 282 2420 lu
300 2368 350 2420 hoc
369 2370 440 2418 certe
462 2362 677 2416 claromontensi
704 2358 826 2438 coneilio·
840 2372 974 2438 canonem

180 2441 214 2494 de
239 2436 365 2492 violentis
393 2432 520 2487 nianibus
544 2431 571 2484 in
596 2430 713 2485 clericos
741 2443 796 2482 non
820 2426 974 2508 inyiciendnis

178 2509 318 2566 conditum
340 2505 435 2567 luisse,
464 2511 543 2556 autor
565 2508 606 2554 est
628 2498 778 2553 bernardus
799 2497 973 2582 Giridonisin

179 2580 272 2636 libello
297 2579 332 2632 de
355 2574 492 2630 consiliis.
524 2575 604 2626 Anne
630 2573 726 2639 inquit,
750 2569 868 2624 Donirnt
893 2572 971 2635 1130,

176 2652 332 2708 indictione
345 2662 403 2710 viu,
415 2659 509 2700 iriense
521 2642 675 2704 Novembri,
686 2640 761 2711 apud
773 2639 973 2694 diei-emmea-

180 2729 232 2778 tem
243 2719 415 2793 praesidente
429 2713 530 2769 ibidem
541 2713 706 2767 innocentio
715 2727 791 2783 papa
802 2710 825 2763 ll
835 2727 899 2794 curii
908 2727 972 2794 cars·

178 2792 321 2848 diaulilius
331 2796 359 2844 et
369 2785 587 2856 archiepiscopis
598 2789 625 2838 et
634 2784 779 2853 episcopis,
790 2798 823 2865 ec
833 2783 973 2850 retipiosis

178 2864 257 2927 uiris,
273 2877 338 2917 cum
352 2856 539 2912 inultitadine
554 2855 719 2925 sapientum
734 2857 762 2908 et
779 2854 971 2908 litteratorum

178 2936 314 2999 uirorum,
323 2931 462 2985 celebrata
473 2931 515 2981 est
526 2925 656 2995 synodus,
668 2925 700 2977 in
711 2941 764 2996 qua
775 2923 807 2978 de
817 2923 871 2991 fide
880 2923 972 2978 attilio·

180 2994 969 3066 ii'cactiaitairirmanutricatioaancniaremtionestatc,

178 3075 353 3133 etmalorum
364 3069 564 3129 eradicatione,
576 3071 795 3128 tractatumest;
808 3064 970 3121 etobedien·
986 3053 1011 3116 C
1027 3064 1117 3118 ltemis
1136 3080 1162 3117 tv
1176 3065 1315 3120 bateradus

180 3151 222 3203 tia
232 3146 323 3203 eidem
338 3159 418 3215 popae
436 3139 599 3194 innocentie
614 3138 724 3191 nstiiuti
735 3136 768 3190 nb
778 3137 918 3191 uniuersis
928 3140 970 3191 est

179 3206 970 3290 pratnntcrprernissn.lrieadernquequesynpdeconces·

175 3276 968 3359 rumestpriuilepiumclericisquodliabetarindecretis,

177 3362 213 3416 17
228 3360 370 3429 q.t,cap.:
383 3353 434 3408 «St
448 3352 685 3423 cantendcnte.»
699 3349 969 3428 Consiliorumlnne-

176 3404 261 3487 eeiitii
270 3429 341 3496 apud
351 3427 559 3487 claromontem,
572 3430 599 3475 et
612 3421 711 3500 Remos
724 3429 849 3473 meminit
859 3435 969 3490 quoque

177 3504 272 3557 Petrus
287 3495 475 3554 cluniacensis
489 3493 536 3546 lib.
553 3507 573 3546 u
588 3493 627 3546 De
643 3506 746 3555 mirac,
764 3505 823 3559 cap.
840 3492 884 3544 itt.
899 3490 963 3570 ¹tae.

175 3574 315 3628 Sinuesa.
324 3599 360 3608 -
372 3568 399 3620 ia
411 3564 526 3620 concilio
535 3563 664 3618 ilamensi
675 3561 854 3642 Godepardus
863 3577 967 3631 episco-

174 3661 225 3714 pus
240 3635 484 3696 Hildesbeimensis
503 3643 660 3689 sanctorum
682 3633 833 3713 honeribus
852 3632 967 3713 donatus

173 3717 232 3770 luit.
249 3710 403 3767 Bernartius
424 3706 495 3762 enim
520 3705 644 3775 ejusdem
659 3705 735 3759 urbis
748 3719 904 3784 episcopus,
921 3719 965 3785 qni

173 3788 226 3840 hoc
240 3784 354 3855 petierat
369 3780 403 3833 ab
418 3777 577 3833 Innocentio
593 3776 615 3831 ΙΙ
635 3776 663 3829 in
679 3774 795 3855 concilio
810 3774 964 3840 beomensi,

174 3857 210 3911 uti
224 3857 260 3910 ad
275 3852 423 3910 concilium
443 3849 592 3903 Leodiense
608 3861 786 3902 nariavimns.
799 3860 840 3928 'ex
854 3854 965 3901 auctore

172 3940 311 3983 anonimo
333 3920 459 3977 Historiae
484 3917 701 3974 canonizationis
720 3925 747 3971 et
770 3916 965 3997 miraculorum

172 4001 202 4056 S.
220 3984 389 4054 Godebardi,
405 3991 537 4045 remissus
560 3988 651 4043 iuerat
672 3987 708 4041 nb
723 4002 756 4042 eo
770 3987 805 4040 ud
820 3987 964 4070 concilium

171 4059 965 4139 nationale,puodtunctemperisinRemenscmciuttatem

172 4144 285 4211 tritecto
298 4139 326 4193 S.
335 4137 417 4190 Lucre
428 4132 569 4187 indictum
576 4133 683 4210 tuerat,
693 4138 779 4198 inquit
793 4143 961 4208 anonymus.

172 4213 278 4267 Festum
295 4209 324 4263 S.
341 4208 423 4261 Lucae
439 4202 532 4258 incidit
547 4202 573 4255 in
590 4200 683 4256 leriam
696 4216 714 4263 i,
729 4215 783 4278 ,seu
799 4214 881 4280 “W
897 4199 960 4254 Kal.

169 4280 316 4344 Novemb,
338 4277 387 4332 sed
409 4273 583 4329 Dodeetrinus
606 4270 692 4327 abbas
710 4269 965 4351 aitlcoueiliumutv

171 4355 236 4412 liat.
250 4349 377 4410 Nouemb.
401 4345 522 4401 habitum
545 4358 617 4410 esse,
632 4342 679 4415 qui
702 4341 805 4399 scilicet
829 4343 964 4413 postridie

1038 435 1111 504 odio,
1127 436 1186 492 sive
1201 451 1252 507 pre
1276 437 1407 506 vindicta,
1432 441 1511 511 ignes
1532 444 1698 512 apposuerit,
1723 444 1769 501 vel
1785 461 1838 516 ap-

1037 523 1102 594 poni
1118 522 1222 593 iecerit,
1241 534 1286 582 aut
1308 527 1511 598 appositoribus
1534 531 1678 586 consilium
1694 533 1737 588 vel
1753 536 1838 590 auxi·

1036 610 1101 666 lium
1129 613 1249 669 scienter
1281 615 1416 683 tribuerit,
1451 620 1716 677 excommunicetur.
1748 623 1783 679 Et
1812 625 1837 681 si

1035 708 1162 756 mortuus
1202 703 1284 759 luerit
1320 703 1518 776 incendiarius,
1552 708 1709 766 Christiana
1741 721 1835 770 careat

1035 788 1175 860 sepultura
1192 808 1198 846 :
1215 806 1267 848 aec
1282 792 1450 863 absolvatur,
1467 795 1519 850 nisi
1534 797 1610 868 prins
1634 798 1744 867 damno,
1761 802 1834 874 qnod

1034 876 1134 945 intulit,
1159 880 1309 936 secundum
1334 882 1490 940 laenitatem
1517 901 1593 941 suani
1610 888 1749 957 resarcito,
1763 893 1834 959 juret

1034 981 1065 1021 se
1079 966 1195 1022 ulterius
1209 969 1304 1042 ignem
1328 987 1382 1027 non
1411 975 1613 1044 appositurum.
1635 976 1793 1034 Panitentin
1808 980 1833 1036 ei

1033 1054 1122 1124 detur,
1138 1065 1165 1112 ut
1177 1058 1381 1131 Hierosolymis,
1398 1072 1444 1117 aut
1468 1063 1496 1117 in
1518 1064 1649 1134 Hispania
1673 1067 1700 1122 iu
1716 1069 1832 1126 serriiio

1033 1144 1083 1199 Dei
1101 1161 1150 1216 per
1163 1146 1300 1219 integrum
1314 1164 1413 1205 anuum
1430 1162 1603 1222 permaneat.
1620 1154 1647 1209 Si
1664 1156 1725 1227 quis
1741 1166 1831 1215 autent

1032 1233 1266 1307 archiepiscopus,
1299 1237 1342 1294 rel
1376 1240 1532 1311 episcopus,
1573 1243 1626 1299 lioc
1658 1246 1830 1316 relaxaverit,

1032 1321 1161 1378 damnum
1178 1325 1309 1394 restituat,
1335 1336 1361 1383 et
1383 1345 1433 1401 per
1448 1346 1548 1385 annum
1562 1331 1598 1386 ab
1612 1331 1704 1390 officio
1718 1337 1831 1406 episco-

1032 1411 1088 1482 pali
1097 1411 1245 1469 abstineat.
1266 1416 1336 1471 Sane
1348 1418 1460 1491 regibus
1471 1428 1497 1475 et
1507 1419 1685 1492 principibus,
1698 1423 1831 1483 iacienda

1031 1498 1185 1557 facultatem
1198 1504 1310 1573 justitiae
1320 1507 1453 1562 consultis
1463 1509 1677 1583 archiepiscopis
1688 1520 1713 1569 et
1724 1515 1831 1586 episco-

1030 1589 1073 1662 pis
1087 1605 1141 1646 non
1156 1607 1290 1664 negamus
1305 1595 1391 1666 (ibi).

1029 1854 1091 1912 sesti
1119 1857 1147 1913 S.
1168 1857 1247 1916 Lucre
1272 1876 1320 1916 seu
1343 1861 1409 1916 ieria
1438 1864 1557 1919 secunda
1577 1866 1611 1921 de
1630 1883 1707 1924 more
1737 1871 1826 1940 prima

1029 1928 1118 1982 sessio
1151 1939 1254 2000 coacta,
1281 1943 1307 1986 et
1334 1933 1506 2004 negotiorum
1534 1938 1657 1994 tractatio
1687 1941 1825 2000 inchoata.

1028 2001 1184 2054 bernardus
1196 2017 1239 2070 ep.
1251 2002 1494 2060 Hildesbeimensis
1505 2023 1558 2061 una
1568 2023 1630 2064 oum
1648 2011 1676 2065 S.
1689 2011 1827 2070 Norberto

1029 2070 1234 2140 metropolitano
1250 2090 1299 2129 suo
1313 2074 1348 2129 ad
1364 2075 1458 2131 urbem
1479 2077 1641 2134 lismensem
1655 2084 1740 2149 venit,
1755 2084 1825 2141 ditm

1023 2141 1086 2212 jam
1097 2142 1220 2214 synodus
1229 2145 1399 2217 atiquotdies
1408 2152 1480 2202 esset
1491 2151 1641 2214 celebrata,
1654 2152 1744 2223 iuquit
1752 2155 1826 2210 idem

1028 2228 1190 2283 anonymus,
1215 2217 1260 2285 qui
1286 2217 1440 2287 paulopost
1456 2221 1546 2273 subdit
1563 2238 1569 2274 :
1586 2223 1740 2296 Episcopus
1756 2227 1824 2281 Tar·

1027 2285 1251 2347 raconensis,air
1263 2288 1411 2357 relipiosas
1421 2294 1449 2344 et
1462 2291 1583 2347 litterali
1596 2296 1717 2350 scientie
1726 2298 1825 2352 erudi-

1029 2355 1823 2436 tuaqueordinetranstatiofierideberetecporuit.licat

1027 2423 1050 2478 is
1076 2427 1172 2480 beatus
1188 2426 1350 2499 Oldeyarins
1366 2430 1574 2487 Barcinonensis
1588 2449 1633 2504 ep.
1647 2445 1675 2490 et
1686 2437 1824 2495 Tarrace-

1026 2495 1119 2549 nensis
1133 2497 1266 2567 arebiep.,
1292 2515 1344 2553 non
1369 2511 1460 2555 autem
1483 2503 1608 2570 blictiaei,
1625 2515 1653 2560 ut
1674 2508 1730 2563 tuit
1744 2509 1823 2564 lien·

1026 2566 1153 2621 sebenias
1168 2568 1203 2622 ad
1218 2570 1290 2623 diem
1308 2571 1324 2623 l
1341 2571 1403 2626 binii
1424 2573 1511 2627 Vitem
1533 2575 1561 2629 S.
1578 2575 1738 2632 Godeliardi
1757 2580 1822 2636 illu-

1026 2645 1126 2703 strans,
1156 2640 1202 2708 uui
1230 2641 1375 2710 episeopus
1403 2653 1462 2698 erat
1486 2646 1651 2703 'sarracenae
1677 2649 1704 2702 in
1734 2667 1822 2724 regno

1025 2708 1183 2779 aragoniae,
1200 2725 1254 2766 nen
1282 2727 1351 2767 vero
1374 2713 1529 2788 Terrigenae
1552 2727 1597 2771 aut
1616 2718 1779 2777 Tarracone
1794 2723 1820 2778 in

1026 2780 1178 2848 principatu
1194 2780 1385 2837 Catulauueusi
1402 2801 1448 2839 sen
1466 2786 1668 2847 barcinonensi.
1686 2791 1715 2844 ln
1731 2809 1820 2849 cauo·

1026 2850 1160 2905 nizaiioae
1176 2850 1204 2906 S.
1213 2851 1366 2907 Gadi-bardi
1378 2856 1538 2912 concinnata
1551 2861 1673 2929 synodus
1684 2865 1817 2920 termina·

1026 2925 1084 2985 tur,
1108 2922 1194 2991 inquit
1226 2938 1387 2995 anonymus,
1410 2928 1456 2998 qui
1484 2930 1573 2982 statim
1601 2931 1684 2986 relert
1716 2933 1819 2990 litteras

1026 2991 1173 3047 iunocentii
1188 2994 1819 3121 il,clereegpoputoltitdeneslieimensidatas

1356 3069 1502 3134 ouembris,
1527 3072 1625 3141 quibus
1640 3073 1776 3137 sianilicat
1790 3094 1820 3134 se

1025 3132 1220 3189 Gedeberdnm
1236 3137 1263 3189 in
1283 3147 1436 3193 sauctorum
1463 3157 1608 3196 numerum
1631 3149 1777 3212 retulisse;
1794 3157 1821 3204 et

1024 3207 1174 3276 exquibus
1192 3206 1368 3331 iniettipmus
1388 3211 1524 3334 syncdum
1548 3213 1710 3271 lismensem
1726 3219 1772 3274 die
1785 3220 1820 3273 29

1024 3273 1152 3330 Octobris
1166 3274 1269 3330 linitam
1294 3280 1379 3335 uisse.
1411 3283 1487 3338 'orco
1502 3284 1652 3340 iunocentii
1667 3287 1763 3345 litteras¹
1780 3291 1822 3346 bae

1024 3355 1084 3401 sunt
1102 3362 1108 3400 :
1124 3347 1308 3405 Innocentius
1322 3352 1474 3423 episcopus,
1487 3363 1541 3410 etc.
1557 3357 1636 3425 (Vide
1651 3374 1736 3430 supra
1750 3360 1824 3417 iuter

1023 3417 1154 3487 epistolas
1169 3420 1329 3486 innocentii,
1346 3424 1397 3476 sub
1413 3440 1486 3477 unm.
1503 3426 1561 3496 61.)

1059 3489 1086 3542 ln
1102 3489 1154 3544 boc
1169 3491 1287 3546 concilio
1297 3493 1719 3572 adsueruntttarcliicpircepi,
1729 3506 1818 3559 eiiii

1022 3561 1152 3632 episcopi.
1165 3566 1193 3615 et
1203 3562 1334 3617 abbatum
1348 3581 1381 3620 ae
1392 3567 1593 3623 monachorum
1605 3574 1633 3625 et
1647 3573 1820 3630 arenearum

1020 3647 1124 3702 mappa
1138 3633 1305 3690 multitudo.
1318 3635 1388 3692 lttuc
1399 3643 1487 3692 rescat
1497 3641 1640 3709 repleant
1649 3646 1709 3698 toto
1719 3646 1821 3702 riobiti·

1021 3705 1066 3757 tar
1077 3704 1206 3758 Francius
1215 3705 1428 3773 conducerent,
1440 3710 1524 3778 inquii
1535 3711 1684 3768 Oidericus
1698 3713 1746 3770 lib.
1758 3731 1819 3784 xitt,

1041 3813 1047 3827 .
1064 3776 1125 3836 893,
1139 3775 1268 3829 Baronius
1279 3791 1306 3829 n.
1316 3780 1343 3843 7,
1360 3778 1455 3833 ridens
1475 3782 1652 3849 bernardum,
1665 3799 1713 3839 seu
1725 3787 1820 3841 verius

1020 3789 1170 3898 Ernaldum
1187 3846 1349 3902 Bouaevaiiis
1364 3849 1491 3905 abbatem
1507 3852 1625 3908 scribere
1641 3863 1702 3924 post
1720 3860 1819 3914 conci-

1019 3913 1084 3968 lium
1101 3915 1234 3972 ilemense
1248 3917 1412 3973 celebratum
1423 3936 1487 3976 esse
1504 3921 1660 3993 leodiense,
1676 3928 1818 3997 quodnam

1019 4001 1055 4041 ex
1070 3985 1122 4039 iilis
1137 3987 1213 4056 prius
1226 3997 1350 4044 coactum
1365 3989 1520 4059 tendisne
1535 3993 1618 4050 dubio
1630 3996 1753 4069 reliquit;
1770 4001 1819 4056 scd

1019 4056 1063 4111 vel
1079 4057 1153 4112 solus
1167 4073 1318 4130 anonymus
1330 4076 1346 4115 a
1363 4061 1443 4116 nobis
1457 4066 1564 4130 citatus,
1576 4067 1622 4137 qui
1633 4067 1684 4123 boc
1695 4077 1819 4142 tempore

1019 4127 1097 4192 vixit,
1113 4138 1252 4184 auctorem
1268 4130 1337 4187 Vitae
1349 4131 1378 4186 S.
1390 4134 1522 4189 Bernardi
1533 4150 1566 4190 ea
1581 4139 1608 4190 ia
1623 4153 1652 4193 re
1663 4139 1819 4197 hallucina-

1019 4205 1076 4326 ylum
1091 4215 1152 4254 esse
1167 4210 1243 4257 certo
1257 4216 1309 4258 nos
1323 4203 1461 4274 edoceret,
1477 4208 1588 4278 quando
1598 4208 1651 4264 alia
1660 4213 1819 4269 testimonia

1038 4279 1156 4326 cessent.

166 4554 1815 4584 „Mamm—.-

417 4713 504 4803 ΑΙ)
536 4707 899 4805 concutitis
931 4710 1238 4802 REMENSE
1270 4712 1548 4806 subluto

202 4940 345 5003 lte-ruentis
354 4937 469 4998 concilii
479 4951 599 4992 ciirtones
610 4932 777 4990 sirmondus
788 4931 874 5003 prior,
887 4934 916 4986 et
923 4935 986 5004 port
994 4948 1059 4989 eum
1066 4933 1229 4989 collectores
1238 4949 1336 4989 crines
1346 4932 1498 5003 dederunt,
1508 4955 1559 4995 nec
1568 4941 1640 4996 aiios
1646 4958 1772 5014 unquam
1781 4947 1813 5004 in

166 5035 197 5074 eo
209 5019 297 5072 editas
312 5016 391 5083 tiulpa
401 5009 506 5066 eruditi
519 5023 568 5061 seu
584 5006 752 5074 culparent,
763 5019 814 5059 seu
830 5004 942 5074 culpari
951 5019 1030 5075 posse
1040 5006 1178 5076 suspicati
1187 5009 1266 5060 sunt.
1282 5005 1312 5058 ld
1321 5021 1370 5074 cpe
1377 5010 1489 5076 pariter
1497 5026 1562 5066 cum
1574 5013 1633 5067 iltis
1642 5015 1810 5084 sentiebam,

166 5092 254 5144 denec
270 5086 393 5142 b'dalrici
404 5078 607 5145 Biinbrreensir
626 5077 749 5131 codicem
768 5091 828 5130 sors
842 5075 958 5130 obtulit.
976 5075 1114 5145 Hunccpo
1125 5081 1237 5138 nactus,
1254 5079 1284 5130 r'n
1301 5076 1359 5146 ipse
1375 5082 1480 5133 statem
1491 5081 1715 5140 timinceoncili'i
1726 5087 1813 5158 liujus

165 5173 287 5214 curiones
297 5154 409 5225 attendi,
420 5167 486 5223 pnes
494 5135 558 5204 cuin
569 5145 655 5203 editis
665 5149 814 5218 conserens
824 5145 856 5199 in
866 5146 966 5200 inuitis
977 5147 1010 5200 nli
1019 5147 1080 5200 tilis
1090 5146 1249 5217 discrepare
1260 5149 1392 5218 comperi.
1405 5148 1475 5202 Nom
1486 5155 1514 5205 et
1523 5169 1645 5209 canone,
1655 5162 1811 5215 mauu„

164 5229 278 5284 ecbibet
301 5227 454 5298 queainter
463 5216 711 5286 nutantostrustra
721 5221 869 5288 quareret
879 5216 908 5270 iii
921 5217 956 5272 tn
970 5217 1090 5287 quicum
1101 5216 1185 5271 editis
1194 5218 1541 5302 conpruunt,edditnsant
1551 5225 1768 5299 nenriuitapnoe
1778 5233 1809 5286 tn

164 5267 744 5360 tiisdrsidernntur.Desuntuicissimapad
753 5286 1086 5359 lidulr·icumpuoedoniin
1094 5288 1178 5342 editis
1186 5288 1303 5358 tepcndu
1321 5289 1809 5365 discriministiujasnmiaiiarotie

163 5369 289 5440 suppetit
309 5366 366 5420 nisi
376 5362 447 5434 quid
457 5363 486 5415 i'n
497 5362 637 5415 alterutra
646 5359 763 5414 collecta
773 5361 842 5413 runt
851 5360 900 5412 sub
912 5357 1090 5414 unoeoncilii
1098 5359 1244 5415 llcmentir
1254 5359 1340 5414 titulo
1348 5361 1626 5447 puoednpimbeodem
1637 5370 1808 5439 pontificata

160 5442 226 5496 attis
237 5409 376 5495 renititis.
385 5437 457 5506 puta
467 5433 497 5486 in
510 5432 762 5485 claromontanoct
770 5429 942 5500 sertertium
955 5428 986 5482 tn
1002 5427 1190 5485 lateranensi
1198 5444 1217 5483 u
1226 5431 1353 5500 peierati
1363 5430 1495 5498 definito.
1512 5434 1543 5489 ln
1553 5453 1587 5492 eo
1596 5453 1659 5494 uero
1672 5441 1802 5500 codicum

158 5509 351 5579 discrepantia
360 5506 477 5578 quinam
488 5503 632 5556 tiernensis
642 5501 757 5556 consilii
765 5514 888 5555 canones
897 5498 1017 5570 penuini
1026 5500 1161 5554 censendi
1170 5501 1240 5563 sint,
1254 5502 1303 5571 pai
1313 5516 1377 5584 uere
1387 5503 1506 5560 aliunde
1519 5507 1702 5570 maritinae
1714 5513 1802 5583 snam

158 5585 220 5655 piris
231 5579 380 5649 definiren-
393 5591 467 5649 quan
487 5589 553 5627 nain
564 5573 685 5627 exibitus
695 5569 729 5624 ab
739 5571 1169 5642 lidatricepcniitnortlemenses
1179 5575 1467 5657 culminacaetera
1474 5579 1805 5654 persuaserit5quodt110

155 5652 279 5714 reducta
290 5663 373 5707 suunt
383 5649 460 5704 circu
470 5591 535 5699 iiior
542 5656 642 5711 annos,
651 5640 752 5714 quitur
761 5641 917 5698 crumilum
927 5640 1056 5698 namium
1065 5645 1110 5698 est
1118 5641 1278 5699 absolvent.
