3750 6000
23 196 27 201 ·
122 198 199 262 arar
577 194 776 257 wruuuuur
798 158 1170 258 uauuusauar'uusrs
1192 186 1370 252 nouaoat
1746 179 1825 242 tres

121 331 182 389 lice
197 329 381 388 auctoritatis
395 328 546 403 priuilegio
560 330 765 402 splendescere
784 331 941 388 desideras.
957 332 983 399 Α
999 329 1120 402 aperiat,
1134 327 1243 401 quibus
1265 328 1380 383 tanturn
1406 325 1483 380 inter
1508 328 1619 396 gantas,
1635 321 1748 393 quihus
1772 321 1827 376 lico

120 419 179 478 Nos
196 436 265 492 ergo
280 420 413 492 petitioni
428 426 530 475 uestra
545 426 721 486 annuentes,
735 421 805 492 quia
819 419 951 489 congruit
1006 419 1123 490 auspice
1138 416 1325 490 praepolletis,
1342 415 1469 471 levorem
1484 411 1609 468 contulit
1623 410 1783 483 dignitatis.
1796 409 1829 464 itt

122 509 259 582 pastorali
283 508 481 567 sollicitudine
500 508 577 565 circa
598 509 736 566 ecclesias
763 508 823 577 Dei,
845 525 908 580 que
933 524 952 564 a
1004 524 1054 565 ros
1070 509 1158 581 igitur
1172 504 1414 563 christianissimi
1434 519 1468 560 ac
1484 501 1665 559 dilectissimi
1689 499 1753 569 titii,
1767 499 1829 568 eiua

53 636 55 641 -
121 597 949 670 priscistomporihusahhacsedestatutaintelligimua
1004 597 1178 655 auctoritate
1193 596 1328 652 collatum
1345 595 1427 649 vohis
1441 592 1601 649 antistitem
1614 590 1827 648 Brithwaldum

120 686 317 760 irrefragabili
331 688 444 743 ratione
458 687 595 743 volumus
612 688 731 743 utaicut
741 704 758 741 a
769 687 855 755 nobis
871 687 912 741 ita
922 689 951 742 ot
1003 687 1112 744 Cantica
1126 686 1203 742 sedis
1218 682 1369 756 presulem
1385 682 1531 752 totiusque
1545 679 1680 736 Britanie
1697 680 1826 751 primum

121 776 367 833 asuccessorihus
380 777 487 833 nostris
499 786 635 849 perpetua
644 776 803 832 stabilitate
814 775 949 832 manian·
1003 778 1171 851 pontillcem
1182 775 1271 833 alacri
1283 771 1825 847 pectorementequedevotasuscipita,

121 870 181 934 tur,
198 868 275 922 unde
292 866 375 923 nohis
395 867 489 922 visum
514 871 600 923 astte
615 866 760 922 exhortari
776 883 810 922 ao
825 864 854 921 in
875 882 948 937 pre·
1003 867 1129 924 scientes
1145 866 1223 938 quod
1236 865 1397 921 mercedem
1413 860 1562 934 prophetas
1576 860 1709 933 accipiet,
1721 860 1746 916 ai
1762 862 1826 931 quis

47 1008 50 1013 .
122 956 197 1012 senti
208 956 678 1027 commendaretuasagacissime
688 954 835 1010 sanctitati
846 970 949 1010 omnes
1003 956 1082 1013 hunc
1098 965 1131 1011 ut
1154 955 1324 1027 prophetam
1341 952 1476 1024 accipiat,
1492 954 1521 1007 et
1535 952 1560 1007 sl
1580 966 1721 1022 spernere
1743 949 1824 1005 illurn

122 1044 261 1102 ecclesias
276 1047 306 1101 in
322 1044 421 1101 insula
436 1045 591 1100 Britannia
607 1045 728 1116 positas.
745 1044 852 1100 Ornnia
866 1058 946 1115 ergo,
1003 1046 1111 1111 forsan,
1126 1045 1202 1114 quod
1219 1041 1313 1099 abaitl
1331 1043 1405 1098 tastu
1429 1041 1587 1113 quisquam
1613 1037 1754 1110 prosiliat,
1771 1054 1824 1094 nnn

122 1150 187 1206 que
200 1150 218 1189 a
232 1143 333 1191 sancto
347 1134 486 1205 Gregorio
503 1135 716 1204 predecessore
731 1143 831 1189 nostro
846 1135 947 1204 Augu·
1001 1150 1068 1190 eunt
1083 1135 1132 1190 sed
1143 1150 1159 1188 a
1170 1148 1225 1204 quo
1241 1132 1350 1188 missus
1360 1135 1542 1201 estaperuet.
1554 1129 1609 1194 Oui
1621 1130 1710 1199 juxta
1725 1126 1824 1183 Domi·

122 1224 201 1280 atino
224 1223 345 1280 sincello
370 1241 423 1279 suo
448 1228 557 1279 statuta
576 1229 646 1278 sunt
661 1231 749 1294 atque
764 1222 889 1286 firmata,
903 1221 947 1277 vel
1001 1225 1099 1280 nicam
1112 1237 1210 1278 vocem
1226 1220 1336 1291 absque
1348 1217 1598 1276 ulicadmioiculo
1614 1216 1823 1274 condemnabi-

122 1314 206 1369 etiam
224 1329 274 1383 per
288 1329 405 1369 sacrum
417 1330 502 1368 usum
516 1313 597 1384 pallii
615 1328 763 1378 concessa,
780 1328 834 1368 nos
848 1311 901 1367 tibi
917 1311 946 1366 in
1001 1317 1060 1369 tur.
1073 1311 1174 1368 Procul
1186 1326 1254 1382 ergo
1265 1326 1282 1366 a
1293 1310 1376 1366 vohis
1387 1311 1530 1380 longeque
1541 1306 1607 1361 talia
1617 1305 1696 1361 absit
1710 1305 1825 1361 inianda

122 1419 216 1459 ervom
234 1402 433 1468 concedimus,
450 1406 479 1458 et
494 1401 704 1457 horoherniam
720 1401 880 1471 civitatem,
896 1400 947 1456 uhi
1001 1403 1149 1460 temeritas
1164 1419 1200 1459 ne
1220 1401 1313 1457 diram
1342 1401 1434 1456 hostis
1457 1399 1597 1471 antiquus
1623 1397 1825 1454 inobedientia

121 1490 259 1562 primitus
276 1507 327 1562 per
338 1491 539 1546 revelationem
556 1490 624 1547 iesu
640 1491 746 1546 Christi
762 1490 879 1547 Domini
895 1507 948 1546 no·
1001 1493 1103 1550 taciem
1120 1494 1148 1547 in
1164 1491 1245 1547 vohis
1262 1489 1401 1554 inveniat,
1418 1504 1492 1560 quos
1516 1497 1618 1544 sancta
1634 1486 1684 1543 Dei
1702 1485 1827 1543 aeclesia

122 1582 173 1635 stri
192 1581 264 1636 tides
279 1580 427 1636 Catholica
443 1581 602 1637 secundum
617 1579 832 1636 institutionem
849 1595 947 1635 sacro·
999 1580 1030 1638 in
1045 1582 1157 1652 gremio
1172 1580 1297 1637 illiorum
1323 1579 1487 1650 adoptionis
1502 1578 1613 1633 sociare
1629 1575 1752 1648 dignata
1775 1577 1825 1630 est.

123 1684 190 1725 rum
204 1685 347 1725 canonum
366 1677 501 1739 suscepta
517 1672 571 1738 est,
588 1668 703 1726 habeto.
718 1673 760 1725 Ex
776 1668 946 1724 auctoritate
1000 1675 1139 1742 optamus
1164 1685 1243 1742 ergo,
1259 1671 1335 1742 quod
1352 1666 1555 1723 misericordia
1574 1665 1659 1721 solita
1683 1664 1827 1720 Dominus

123 1763 221 1814 autem
239 1757 315 1814 Petri
338 1757 536 1829 apostolorum
560 1756 713 1829 principis,
729 1758 774 1813 cui
790 1775 807 1813 a
823 1758 947 1814 Domino
1002 1764 1100 1817 noster
1114 1761 1201 1816 iesus
1215 1756 1349 1813 Christus
1365 1756 1451 1813 iaciat
1465 1771 1517 1811 vos
1532 1752 1720 1810 ineffabiliter
1742 1750 1827 1808 mini·

125 1844 184 1902 Deo
209 1850 335 1918 potestas
358 1848 427 1902 data
449 1851 494 1902 est
519 1846 628 1919 ligandi
653 1855 738 1918 atque
761 1846 891 1903 solvendi
917 1846 947 1901 in
1002 1849 1082 1907 sterii
1097 1864 1131 1904 ao
1146 1846 1217 1919 regii
1233 1845 1371 1902 culminia
1389 1844 1496 1901 honore
1507 1841 1673 1912 sublimari,
1683 1842 1753 1898 etin
1763 1857 1826 1896 era·

124 1933 196 1992 coelo
211 1950 244 1992 ac
259 1935 288 1990 in
304 1939 390 2005 terra,
407 1951 459 1993 nos
475 1935 543 1990 licet
557 1935 697 1991 immeriti
713 1936 844 2006 ejusdem
871 1934 947 1992 beati
1002 1938 1082 1994 mine
1097 1935 1187 1992 laturi
1200 1934 1305 2005 judicii
1322 1934 1471 1990 reservari.
1489 1954 1503 1983 n

123 2023 200 2080 Petri
216 2023 352 2097 clavigeri
368 2025 451 2096 regni
466 2025 605 2081 emiorum
621 2025 711 2080 ricem
729 2029 870 2089 tenentes,
883 2023 947 2088 tihi,
1039 2049 1053 2077 a
1071 2024 1274 2082 Dilectissimis
1298 2023 1437 2079 iratribus
1451 2020 1597 2078 universis
1616 2019 1766 2093 episcopia
1780 2034 1828 2090 per

124 2113 283 2184 Theodora,
299 2114 419 2186 tuisque
443 2114 664 2170 successorihus
683 2115 761 2171 sicot
780 2113 949 2171 abolitanis
1002 2116 1183 2173 Britanniam
1200 2113 1366 2170 constitutis
1381 2112 1516 2168 Sanctus.

123 2203 304 2273 temporibus
320 2205 429 2259 luerint
442 2206 607 2261 condonata
622 2205 651 2260 in
667 2209 851 2276 perpetuum,
863 2204 905 2259 ita
917 2203 946 2259 iu
1040 2207 1146 2263 «Sicut
1155 2205 1240 2262 nohis
1251 2204 1359 2277 quihus
1369 2220 1469 2261 curam
1482 2203 1571 2260 cilicii
1583 2201 1743 2273 pastoralis
1755 2202 1828 2258 beati

123 2290 189 2363 ipsa
202 2297 253 2348 tua
270 2291 495 2364 metropolitana
510 2295 588 2362 sede,
605 2310 668 2366 que
684 2295 741 2348 sita
756 2299 802 2349 est
815 2292 845 2348 in
864 2293 949 2349 Doro·
1003 2297 1077 2353 Petri
1090 2294 1287 2367 apostolorum
1299 2293 1440 2367 principis
1451 2292 1730 2364 superaedignatio
1745 2291 1828 2348 miss·

120 2381 233 2446 haruin,
245 2381 450 2438 immutilanda
462 2384 650 2440 concedimus
660 2382 868 2439 obtinenda&
881 2381 948 2453 quis
1003 2385 1139 2456 rationis,
1162 2384 1352 2457 regimenque
1375 2383 1519 2439 concessit
1543 2381 1644 2436 iratria
1663 2380 1769 2452 ignoti,
1784 2396 1828 2435 re-

119 2470 640 2542 V⁹s0=q⁰0dn0ss0i1¹t¹¹¹⁰⁸2⁰⁰ssitt
660 2471 735 2528 bane
755 2482 862 2527 nostre
875 2489 949 2544 opo-
1002 2477 1159 2533 verendam
1184 2473 1299 2530 advexit
1324 2471 1518 2544 presentiam,
1534 2469 1574 2525 ita
1598 2485 1718 2541 quoque
1742 2470 1825 2525 vestrl

122 2560 231 2617 ciclica
254 2562 434 2618 delinitionis
455 2561 599 2635 privilegii
623 2564 825 2620 auctoritatem
850 2565 948 2620 venire
1003 2563 1217 2638 religiosissimi
1241 2561 1417 2635 presulatus
1431 2558 1557 2631 collegii,
1574 2560 1673 2630 agnita
1688 2560 1771 2615 salus
1785 2574 1827 2630 ge

122 2651 288 2719 tentaverit,
305 2652 328 2706 si
346 2652 463 2723 quidem
488 2652 643 2723 episcopus
658 2658 709 2708 aut
724 2654 874 2726 presbyter
898 2657 949 2710 aut
1002 2656 1115 2712 minum
1131 2654 1231 2709 attulit
1245 2650 1366 2725 tripudii
1382 2666 1499 2706 munus.
1511 2649 1581 2705 Natu
1598 2650 1729 2704 cronium
1746 2649 1829 2704 benc

121 2737 263 2796 diaconus
279 2740 374 2807 luerit,
401 2757 434 2795 aa
449 2740 505 2796 hac
521 2740 679 2811 apostolica
702 2747 873 2799 auctoritate
895 2744 948 2798 de·
1001 2760 1068 2801 runt
1083 2744 1195 2800 auctori
1211 2741 1335 2798 Domino
1352 2740 1408 2795 lieo
1424 2744 1524 2796 nostro
1539 2737 1702 2794 immensas
1717 2737 1826 2808 peregi-

123 2828 284 2896 cernimua,
296 2833 329 2882 ut
338 2829 493 2900 episcopus
502 2829 604 2884 ordina
615 2830 789 2900 presulatus
800 2836 908 2895 careat.
920 2835 949 2886 et
1003 2851 1070 2890 mus
1079 2836 1189 2904 gratias
1200 2837 1314 2905 reperta
1325 2832 1447 2886 fratrum
1459 2827 1590 2884 tidelium
1603 2827 1631 2881 io
1644 2826 1711 2883 sinu
1724 2830 1827 2882 sancte

122 2917 274 2988 presbyter
288 2915 331 2972 vel
347 2917 488 2973 diaconus
503 2934 520 2973 a
533 2918 596 2974 suis
610 2920 751 2991 gradibus
766 2937 797 2976 se
814 2920 947 2976 noverint
1004 2925 1106 2980 matria
1121 2922 1254 2978 Ecclesia
1281 2918 1485 2976 unanimitatis
1503 2917 1606 2973 devota
1625 2917 1790 2972 constantia
1804 2922 1829 2971 et

122 3005 262 3075 dejectos,
273 3022 308 3061 aa
319 3020 439 3062 numero
451 3011 548 3062 autem
561 3005 700 3063 laicorum
713 3017 770 3063 tam
783 3025 817 3064 ex
827 3010 946 3081 regibus
1005 3029 1105 3070 amore
1116 3014 1243 3067 iervcnts
1254 3010 1331 3064 inter
1341 3025 1372 3064 as
1383 3006 1605 3078 dilectionisque
1617 3005 1774 3061 consortio.
1783 3003 1827 3060 Sic

124 3111 213 3168 quam
237 3095 418 3168 principibus
443 3095 502 3152 sire
519 3096 700 3168 magnesiae
720 3115 806 3168 parva
821 3083 983 3169 personae
1001 3102 1079 3160 enim
1096 3102 1193 3174 sagaci
1209 3099 1330 3156 solertia
1345 3105 1435 3154 Deum
1456 3095 1641 3169 complacare
1656 3100 1826 3162 noscuntur,

15 3180 18 3186 ’
124 3183 223 3253 luerit,
246 3186 320 3242 sciat
345 3201 375 3241 se
399 3184 527 3242 alienum
549 3204 565 3242 a
586 3189 806 3260 participatione
832 3187 948 3245 Domini
1002 3192 1155 3249 offerentes
1171 3191 1197 3246 ei
1214 3206 1285 3261 pura
1310 3188 1451 3244 libamina
1475 3201 1541 3242 cum
1565 3185 1594 3240 in
1616 3200 1684 3241 arca
1705 3181 1827 3256 pectoris

125 3275 217 3330 nostri
232 3274 301 3330 iesu
319 3275 436 3331 Christi.
447 3279 636 3332 Hancautam
649 3276 792 3348 privilegii
809 3278 947 3349 paginam
1002 3282 1187 3354 splendorem
1201 3279 1259 3335 veri
1274 3279 1395 3333 luminis
1406 3278 1569 3332 reiouentes
1585 3275 1674 3330 nullis
1685 3270 1827 3329 illecebris

37 3386 40 3393 ·
124 3362 275 3420 suffultam
291 3371 375 3420 aucto
382 3364 465 3421 ritate
475 3366 552 3421 beati
565 3365 639 3422 Petri
653 3366 853 3439 apostolorum
872 3368 950 3436 prim
1004 3376 1129 3424 mentcm
1143 3367 1279 3433 illudant,
1292 3365 1382 3421 nuliis
1392 3366 1508 3420 iratrum
1519 3362 1651 3420 stimulis
1664 3362 1754 3417 corda
1765 3375 1826 3431 per-

123 3451 209 3523 cipls,
234 3455 317 3524 cujus
338 3455 501 3510 ministerio
528 3456 685 3527 fungimur,
706 3455 769 3524 tihi,
785 3455 948 3525 Theodora,
1003 3458 1122 3525 callent,
1140 3456 1229 3513 nullia
1247 3457 1397 3528 proximos
1414 3453 1585 3509 nocentibus
1602 3453 1752 3506 urentibus
1767 3449 1825 3505 ani·

124 3541 690 3616 tuisquesuccessorihusinperpetuum
701 3545 889 3600 obtinendam
902 3546 949 3601 de·
1003 3555 1105 3617 mant;
1123 3549 1173 3603 sed
1190 3553 1224 3602 ut
1248 3545 1296 3602 Dei
1322 3543 1447 3600 ministri
1471 3541 1622 3615 speculum
1639 3557 1670 3597 sa
1685 3538 1823 3610 subiectis

125 3631 267 3702 legamus.
280 3633 354 3691 Deus
365 3638 393 3689 te
404 3633 581 3691 incolumem
597 3634 949 3704 custodiat,dilectiasims
1003 3638 1066 3693 vite
1083 3652 1253 3707 morumque
1268 3635 1409 3706 probitate
1423 3633 1588 3689 exhibeant.
1604 3629 1678 3685 Hinc
1693 3629 1753 3685 aihi
1773 3629 1822 3684 Do·

123 3722 254 3779 limbi
1004 3726 1117 3782 minum
1142 3728 1361 3797 prosperantem
1385 3720 1586 3778 invenientia
1611 3718 1752 3784 adversis,
1773 3730 1822 3772 neo

164 3812 313 3870 «Sanetus
324 3813 601 3886 episcopus,servus
612 3830 763 3872 servorum
776 3816 836 3884 Dei,
846 3816 949 3873 drasa-
1003 3819 1164 3889 quidquam
1182 3822 1315 3885 poterunt
1329 3813 1423 3868 hostis
1438 3809 1551 3865 insidia
1564 3808 1602 3865 iis
1612 3808 1745 3864 nocendo
1760 3807 1823 3861 suh·

15 3906 19 3915 '
126 3917 211 3963 aeno.
225 3903 365 3971 Atratus,
382 3908 517 3959 Aanuuro
532 3903 650 3973 regibus
664 3903 833 3977 bogiorum.
1003 3907 1108 3978 ripere,
1125 3904 1232 3960 etenim
1249 3903 1300 3958 uhi
1316 3905 1421 3973 presto
1437 3904 1481 3956 est
1497 3896 1611 3954 Domini
1633 3896 1821 3967 adjutorium,

162 4013 177 4042 «
194 3991 307 4047 Donum
325 3993 422 4060 gratie
437 3993 613 4065 spiritualis,
628 3995 722 4050 sancti
742 3995 870 4066 Spiritus
883 3995 950 4052 iilu·
1003 3999 1108 4051 cuncta
1123 3992 1238 4062 lugetur
1254 3989 1410 4062 spirituum
1435 3987 1632 4060 malignorum
1652 3983 1822 4041 adversitas.

126 4080 269 4138 stratione
294 4080 424 4138 ildelium
449 4082 536 4138 corda
561 4084 723 4146 succendit.
739 4099 774 4139 ac
788 4085 949 4154 reparando
1002 4085 1075 4141 Cum
1091 4084 1131 4139 ita
1146 4081 1195 4150 sit,
1212 4079 1341 4152 paternis
1361 4079 1498 4134 aliatihus
1522 4075 1702 4132 collaetantes
1725 4077 1824 4129 uestra

127 4168 228 4237 reiicit,
244 4173 272 4226 et
288 4168 406 4226 virtutis
430 4169 560 4226 mirificae
581 4169 746 4226 constantia
770 4172 896 4241 roborat,
922 4176 950 4227 et
1004 4175 1134 4231 fraterne
1150 4170 1314 4228 dilectionis
1335 4167 1466 4225 unanimi
1490 4164 1680 4236 religiositati,
1696 4162 1823 4219 insinua·

127 4258 289 4316 scelestium
307 4260 449 4316 donorum
473 4260 678 4317 henailoiorunt
694 4259 825 4316 instituit
846 4276 948 4333 peren·
1004 4280 1070 4319 mus
1084 4261 1178 4327 vobis,
1195 4261 1271 4331 quod
1288 4274 1418 4330 presens
1438 4255 1649 4313 dilectissimus
1665 4254 1753 4308 irater
1768 4248 1825 4305 Bri·

129 4349 206 4406 niter
219 4348 376 4420 promereri
387 4349 534 4420 suffragia.
546 4355 575 4405 at
586 4349 744 4407 labentium
758 4366 850 4406 rerum
863 4351 951 4406 exitia
1004 4353 1153 4409 thwaldus
1163 4348 1415 4422 [ohBertwaldus]
1424 4344 1584 4401 Cantuariae
1593 4342 1748 4414 provincie
1758 4355 1825 4412 pre·

127 4437 320 4494 nihilominus
333 4454 502 4511 precavere.
514 4440 575 4503 Quo
588 4440 631 4495 usi
645 4455 765 4496 munere
775 4440 889 4510 pietatis
902 4439 951 4496 Dei
967 4455 990 4522 Ι)
1005 4441 1250 4514 aulquiinsedem
1262 4437 1424 4494 reverende
1432 4430 1728 4492 memoriae'iheodori
1737 4446 1824 4500 quon·

128 4525 221 4582 sancti
248 4526 359 4595 Patres,
389 4533 421 4583 ut
449 4528 582 4599 qtraedarn
617 4534 761 4584 astrorum
789 4528 950 4584 caelestium
1006 4533 1074 4587 dam
1091 4528 1302 4601 archiepiscopi
1318 4527 1493 4597 subrogatus
1506 4521 1754 4592 est,jmtaritum
1767 4515 1824 4590 pri·

125 4613 302 4687 splendifera
312 4613 471 4672 luminaria
482 4616 582 4671 munuli
595 4615 680 4672 totius
691 4632 742 4684 [ter
752 4617 894 4672 ambitum
907 4632 952 4672 te·
1003 4638 1060 4678 sors
1074 4619 1308 4685 consuetudinis,
1319 4635 1384 4689 qum
1400 4632 1416 4671 a
1430 4622 1561 4688 tompore
1577 4618 1684 4670 mnatre
1698 4625 1733 4667 ac
1748 4625 1825 4667 reus·

125 4702 392 4776 nitentesgloriose
407 4709 473 4778 post
489 4704 717 4777 presentisuitae
738 4706 952 4778 ieliciagaudia
1003 4709 1098 4766 rende
1124 4709 1268 4766 memoria
1288 4707 1322 4763 li.
1340 4705 1561 4777 predecessoris
1583 4702 1676 4758 nostri
1696 4697 1823 4771 Gregorii

123 4792 201 4850 inter
220 4811 375 4851 numerum
400 4794 559 4852 electorum
581 4811 713 4851 meruere
729 4796 845 4853 ascribi.
864 4800 952 4853 Porro
1003 4799 1087 4856 Rom.
1104 4797 1250 4870 pontilicis
1264 4811 1343 4853 nunc
1356 4811 1448 4867 usque
1462 4809 1516 4848 sua
1530 4791 1658 4848 Ecclesia
1672 4788 1825 4845 detinuita

124 4897 176 4940 V⁰⁸
186 4899 260 4957 8⁰⁰⁸
270 4888 381 4947 ΜΒΝ,
393 4899 486 4955 80¹¹¹¹³
496 4884 633 4952 ⁰¹⁰⁰lltm2
646 4884 773 4957 populus
784 4885 952 4956 acquisitio·
1002 4889 1097 4957 nobis,
1108 4889 1167 4944 imo
1183 4906 1199 4943 a
1214 4889 1297 4943 heato
1313 4886 1394 4942 Petro
1409 4880 1605 4955 apostolorum
1623 4880 1757 4952 principe
1771 4877 1824 4949 pri·

128 4971 186 5040 1²¹⁸,
203 4973 255 5029 filii
270 4973 352 5040 lucii,
368 4971 458 5045 stirps
473 4973 563 5044 tigit.
580 4972 647 5029 fidei
664 4991 790 5046 propago
806 4976 842 5030 dt
858 4974 950 5030 incre·
1002 4968 1821 5036 matumomniumecclesiarumBritanniasortitua,cum

126 5067 225 5118 mento
249 5063 387 5119 uirtutum
411 5061 536 5135 gaudete
559 5063 727 5120 inliurnino
759 5067 787 5119 et
808 5063 951 5120 exsultate
1002 5084 1083 5124 sacro
1112 5061 1500 5138 usupalliiacvenerabilis
1524 5057 1823 5117 dalmaticaillicde·

127 5152 203 5223 quod
215 5154 301 5210 rastri
311 5169 369 5209 non
381 5152 537 5209 immemor
551 5153 641 5209 studii
651 5153 782 5226 egregius
793 5170 826 5210 ac
838 5154 951 5227 primus
1005 5159 1160 5214 mandatus
1175 5166 1227 5213 est.
1242 5155 1320 5220 Quod
1346 5170 1402 5210 noo
1428 5151 1622 5215 incommoda,
1639 5149 1744 5204 iratres
1760 5147 1824 5202 cha·

124 5240 426 5311 apostolorumPctrua
453 5241 522 5299 fidei
551 5242 723 5299 firmissima
756 5248 846 5315 petra,
877 5245 947 5299 dum
1003 5247 1124 5315 nissimi,
1141 5247 1264 5316 adeptus
1281 5242 1447 5316 promeruit,
1464 5256 1529 5296 cum
1546 5252 1731 5311 naquaquam
1749 5238 1822 5292 tastu

124 5328 233 5384 mentis
249 5347 281 5386 ac
296 5332 482 5388 conscientie
497 5339 598 5390 vestre
614 5350 703 5389 sensu
720 5333 845 5399 letatur,
856 5331 951 5390 nomi·
1003 5337 1065 5392 siva
1076 5331 1417 5403 tumorejactantias,sed
1428 5334 1525 5386 mente
1540 5326 1710 5383 subnixaac
1721 5322 1824 5380 humili

126 5433 197 5475 num
220 5434 336 5492 quoque
360 5429 519 5478 vestrorum
545 5422 950 5494 reminiscituretagnoscit.
1003 5423 1090 5480 corde
1117 5426 1231 5478 tantum
1256 5435 1364 5476 munus
1393 5419 1501 5488 dignos
1526 5414 1664 5472 obtinuit.
1686 5411 1825 5477 Quocirca

126 5506 308 5567 Conssdimua
322 5524 450 5581 namque
466 5512 544 5582 quud
560 5512 712 5571 etaditum
728 5510 810 5586 regni
825 5511 952 5574 celestia
1003 5514 1157 5571 hortamur
1180 5511 1283 5570 iratres
1306 5512 1437 5569 restrum
1452 5524 1470 5566 a
1484 5507 1542 5565 lieo
1557 5503 1686 5564 dicatum
1708 5515 1824 5560 consor·
