3750 6000
93 92 170 157 1805
692 86 848 155 NOTITIA
873 89 923 153 ET
944 89 1193 155 FRAGMENTA.
1722 117 1821 187 130ss

127 227 260 287 veluntas
275 225 312 285 sit
326 225 451 299 agralia
470 224 521 282 Dei
537 250 544 294 3
560 228 588 283 st
604 226 680 308 qued
698 225 760 283 sine
776 227 854 284 bena
870 244 917 285 ve·
931 232 957 299 Α
972 227 1039 283 Gar.
1054 225 1154 284 XXIX.
1179 227 1289 287 iiivisie
1318 230 1458 305 locorum,
1484 242 1513 294 et
1535 255 1635 299 eerurn
1661 247 1817 316 quadam

127 301 240 357 lunlute
256 298 329 356 nihil
344 298 463 355 salubre
478 297 564 354 uDee
580 298 752 363 accipimus,
768 299 810 355 vei
827 298 915 355 babe-
1009 299 1161 368 expositio.

129 389 210 441 mus;
222 377 317 441 etqua
328 369 914 441 rationebeuaepsrasintneatramarita,
971 369 1040 425 Car.
1057 370 1145 428 XXX.
1161 375 1310 430 Sententia
1325 391 1435 447 eorum,
1451 381 1501 450 qui
1516 381 1627 454 dicunt,
1643 400 1751 458 genera
1765 394 1823 458 a}

128 460 193 500 oum
211 461 268 499 nen
281 445 341 499 siut
356 442 413 499 nisi
429 443 463 497 ds
480 457 599 496 munere
616 441 675 497 Dei.
1008 443 1130 513 speeies,
1147 459 1283 502 essenon
1300 451 1378 504 selas
1392 465 1488 517 voces,
1506 456 1555 510 sed
1571 457 1660 512 etiam
1677 474 1733 515 res.

90 517 158 572 Can.
174 514 318 572 XXXVll.
336 515 376 570 De
401 511 555 571 concordia
570 511 652 568 libari
669 512 783 569 arbitrii
799 518 828 569 et
841 529 916 586 prn-
970 511 1039 568 cto.
1053 511 1152 570 XXXI.
1169 514 1377 586 Oppositerum
1403 521 1542 593 delinitio,
1558 531 1586 583 ct
1602 530 1795 600 quorumdam

126 587 256 643 scientis
272 587 333 642 Dei.
1006 584 1137 640 locorum
1153 602 1186 642 ex
1210 587 1318 645 lieatie.

90 659 160 715 Can.
177 658 328 715 XXXVlll.
348 658 385 713 lie
400 655 554 713 concordia
568 653 652 711 liberi
664 655 779 714 arbitrii
794 661 823 713 et
838 674 916 730 pra·
970 654 1037 712 Car.
1054 656 1165 713 XXXii.
1183 604 1222 714 Aa
1238 660 1481 732 sophismatibus.

126 730 330 786 destinationis
345 728 407 784 Dei.
969 728 1037 784 Car.
1054 727 1173 787 xxxiii.
1192 730 1231 786 Da
1246 735 1455 806 propositione,
1471 745 1498 794 et
1512 739 1641 810 veritate,
1657 748 1687 800 et
1709 742 1792 802 laisi-

90 802 158 859 can.
172 801 301 859 XXXIX.
318 799 454 867 Questie,
471 798 496 854 si
512 799 585 855 fides
599 797 636 854 sil
652 800 681 855 iu
708 803 809 857 nestra
835 804 914 871 pets·
1005 807 1074 855 tate.

126 880 219 929 state:
236 872 307 945 quid
322 873 360 928 sit
374 872 404 927 in
422 877 527 953 nestra·
536 874 678 942 potestate
693 887 767 927 esse.
970 870 1036 928 Car.
1052 871 1171 928 XXXiV.
1189 872 1299 930 Divisio
1337 877 1532 948 repositionis,
1545 890 1570 938 el
1587 885 1737 956 expositio.

89 947 156 1003 Can.
174 945 228 1000 xt.
245 943 383 1011 Quaestio,
399 960 435 999 an
452 948 543 1014 pessit
559 943 646 997 berne
661 942 689 998 in
707 943 760 998 hae
777 943 835 1000 vita
851 945 914 1002 sinc
969 942 1033 998 Car.
1050 944 1161 999 XXXV.
1175 944 1214 1000 De
1226 893 1390 1003 moenAtus
1401 954 1656 1024 propositionibus,
1669 965 1694 1012 at
1705 959 1790 1015 etiam

127 1022 243 1089 peccate
263 1033 337 1081 esse,
355 1015 420 1071 iicet
441 1013 555 1070 nullum
571 1018 662 1070 exstet
676 1015 740 1085 ejus
758 1016 799 1072 rei
815 1032 913 1073 esem·
1004 1017 1039 1069 de
1054 1013 1129 1070 aliis.

126 1090 217 1162 plum.
968 1084 1035 1140 Coa.
1052 1084 1173 1143 XXXVi.
1191 1087 1230 1144 Da
1246 1090 1356 1160 regulis
1374 1091 1603 1152 inferentiarum.

429 1156 531 1214 LIBRI·
547 1156 579 1213 ll.
967 1156 1036 1211 Can.
1053 1156 1185 1214 XXXVII.
1209 1161 1248 1216 De
1277 1160 1516 1235 syllogismorum
1546 1168 1742 1241 dispositione
1766 1177 1796 1231 et

88 1234 155 1288 Car.
174 1232 197 1288 i.
214 1230 368 1296 Queritur,
379 1231 525 1300 quomode
541 1227 710 1285 noverimus
727 1229 872 1300 justitiam
885 1235 913 1286 et
1004 1230 1192 1286 resolutione.

125 1300 912 1370 beatitudinem,cumnemeexseiaddepesaitamars
968 1299 1035 1354 Gan.
1061 1300 1208 1358 XXXVlll.
1234 1302 1273 1359 De
1298 1304 1370 1378 syiio
1393 1306 1536 1364 ismerum
1561 1313 1782 1370 confirmatione.

123 1376 201 1446 quod
217 1375 341 1444 ignerat.
421 1444 426 1455 ι
1003 1373 1211 1455 contutatione,
1227 1375 1308 1457 etde
1321 1321 1477 1449 muftipliei
1502 1381 1622 1439 veritate
1637 1388 1666 1440 et
1676 1357 1794 1454 Justilis’

87 1450 152 1502 Car.
164 1446 198 1503 11.
210 1445 305 1502 Multa
318 1447 504 1500 auctoritates
514 1450 681 1498 sauctorum
693 1446 821 1513 Patrem,
833 1445 911 1516 qued
1004 1459 1036 1498 ue
1052 1443 1186 1500 libertate
1201 1445 1325 1504 arbitrii.

126 1519 199 1573 Deus
214 1517 302 1573 etiarn
319 1516 348 1571 in
364 1514 418 1573 bae
433 1515 492 1570 vila
505 1514 647 1570 videatur.
966 1512 1034 1569 Car.
1051 1515 1176 1571 XXXlX.
1194 1515 1330 1581 Quadam
1345 1519 1502 1593 descriptio
1518 1540 1626 1594 rerum,
1642 1542 1707 1583 eum
1725 1527 1793 1603 qui·

88 1589 155 1644 Cas.
174 1590 221 1644 lll.
239 1587 405 1644 Ditlerentia
420 1585 495 1643 inter
510 1586 627 1641 credere
642 1589 671 1642 et
685 1585 791 1643 videre.
927 1598 952 1663 Β
1003 1586 1122 1642 busdam
1140 1588 1252 1644 naturis
1268 1592 1510 1662 propositionum.

88 1663 156 1717 Gna.
172 1660 217 1717 lv.
234 1659 375 1716 Deliuilur
390 1658 460 1729 quid
476 1657 515 1713 sit
531 1656 620 1724 seire;
632 1661 661 1712 et
676 1657 801 1730 diligens
817 1657 912 1731 inqui·
1298 1697 1393 1755 LIBRI
1414 1699 1450 1756 m

124 1733 203 1801 sitio,
228 1737 327 1787 utrum
353 1730 427 1786 Deus
452 1729 537 1786 mede
562 1733 678 1785 tantum
705 1729 851 1798 eradatur,
875 1748 912 1787 an
1455 1742 1461 1756 ·

124 1802 212 1859 etiam
228 1803 347 1858 sciatur.
967 1798 1034 1855 Csr.
1052 1800 1073 1856 l.
1088 1802 1240 1858 Sententia
1255 1803 1418 1862 doctissimi
1434 1808 1523 1865 ttoetii
1533 1810 1568 1866 ds
1583 1816 1708 1884 quatuor
1721 1814 1792 1874 viri·

88 1876 152 1933 Cra.
168 1875 201 1930 V.
219 1872 294 1943 Quid
309 1874 337 1930 iu
354 1872 475 1942 sanctis,
490 1887 565 1944 quea
581 1888 638 1929 non
654 1871 799 1945 videmus,
811 1873 911 1947 diligu-
1004 1873 1059 1927 bus
1073 1874 1429 1950 compensaueratque
1445 1882 1559 1936 suntin
1576 1882 1705 1942 bomine.

123 1963 200 2002 mus,
421 2016 426 2025 ι
474 2014 479 2025 ·
967 1942 1035 1999 Cas.
1052 1944 1086 1998 ll.
1104 1944 1461 2019 SententiaS.Augustini
1477 1952 1513 2006 ds
1527 1953 1622 2011 tribus
1636 1958 1792 2038 generibus

88 2019 156 2075 Gna.
172 2017 221 2075 Vi.
238 2016 319 2084 Quod
336 2015 385 2088 qui
400 2015 496 2087 diliget
510 2015 640 2082 tratrem,
657 2030 775 2072 necesse
790 2019 834 2072 est
845 2016 912 2072 dili·
1001 2013 1159 2084 visionum,
1176 2033 1239 2088 qun
1255 2019 1459 2090 significantur
1475 2023 1566 2081 tribus
1581 2025 1672 2084 ecelis.

125 2094 175 2162 gut
184 2089 277 2159 ipsam
288 2086 487 2153 dilectionem,
500 2095 525 2141 el
536 2085 572 2142 eb
584 2086 638 2142 bec
648 2092 744 2156 Deum,
756 2088 824 2159 quia
835 2087 912 2144 Deus
967 2089 1033 2141 Cas.
1051 2087 1100 2143 ill.
1118 2087 1270 2145 Distinctie
1285 2094 1452 2149 earumdem
1469 2093 1614 2153 visionum
1625 2114 1677 2170 per
1687 2115 1792 2158 cenve-

124 2166 170 2218 est
180 2160 314 2223 ditectio:
328 2163 356 2214 et
365 2159 429 2214 ideo
443 2156 521 2213 nevil
532 2162 561 2214 et
571 2157 648 2213 videt
657 2157 760 2224 Deum,
773 2160 911 2231 queniam
1002 2158 1114 2213 aientia
1128 2160 1280 2217 vocabuit.
1672 2170 1674 2174 ’

124 2235 204 2291 nevit
218 2239 245 2287 al
261 2231 339 2286 videt
354 2229 551 2285 dilectionem.
967 2228 1034 2285 Cas.
1050 2228 1098 2284 IV.
1110 2231 1191 2297 Quod
1207 2231 1286 2289 Deus
1299 2239 1413 2292 moveat
1428 2252 1544 2296 emnem
1561 2245 1725 2300 creaturam
1742 2261 1790 2304 ec·

89 2307 157 2361 Cas.
174 2304 234 2360 Vll.
247 2301 327 2367 Oued
344 2317 378 2357 ex
394 2300 636 2372 dilectioneque.
649 2300 725 2357 Deus
740 2305 795 2367 est,
808 2301 911 2373 dilige·
1003 2300 1079 2355 culta
1094 2304 1230 2373 potentia.

124 2371 911 2446 turDeuaetpreximus,etquedlidesnenieciatdi-
967 2371 1034 2426 cao.
1063 2371 1096 2426 V.
1126 2379 1163 2429 be
1192 2375 1311 2431 animati
1343 2383 1435 2451 metu,
1464 2389 1551 2454 atquc
1588 2387 1725 2457 naturali,
1754 2404 1788 2444 ae

124 2447 212 2518 ligere
228 2446 332 2511 Deum,
348 2450 487 2516 tauquam
504 2445 624 2501 omnine
641 2461 697 2499 nen
714 2446 863 2507 cognitum
884 2450 912 2501 et
1003 2459 1103 2498 seusu.

124 2534 183 2574 nen
194 2517 398 2580 dilectum‚scd
411 2530 497 2587 quern
510 2515 699 2584 cognovimus
710 2520 738 2571 et
748 2514 911 2585 dileximus,
966 2514 1033 2570 Cas.
1050 2514 1095 2571 Vl.
1112 2516 1191 2581 Quod
1207 2518 1337 2591 quinque
1352 2538 1457 2580 sensus
1473 2526 1601 2596 corperis
1622 2529 1787 2587 secuudum

125 2590 212 2645 laniat
227 2588 354 2661 amplius
366 2601 541 2658 cognoscere
556 2591 584 2641 et
599 2587 731 2656 diligere.
1002 2590 1128 2657 quatuor
1141 2589 1283 2645 elementa
1299 2593 1531 2666 distinguuntur.

88 2663 156 2719 Can.
167 2661 243 2716 Viti.
255 2659 335 2725 Quod
348 2660 376 2713 in
388 2674 421 2715 ee
434 2658 508 2713 beno
521 2658 598 2728 qnod
610 2658 747 2725 Deusest,
760 2659 912 2716 videamus
965 2659 1029 2712 Car.
1046 2656 1105 2713 Vil.
1122 2660 1202 2726 Quod
1219 2664 1378 2744 corporalis
1403 2667 1473 2721 visio
1496 2669 1638 2726 reseratur
1651 2673 1687 2728 ad
1704 2673 1790 2747 spiri·

126 2731 198 2788 nibil
214 2747 280 2787 esse
294 2729 436 2803 petuisse,
452 2728 509 2785 nisi
524 2742 589 2784 esse
604 2729 747 2785 debuerit.
1001 2727 1117 2789 tuaiern.
1135 2732 1294 2802 spiritualia
1310 2735 1345 2790 ad
1362 2736 1599 2797 intellectualem.

88 2804 156 2862 Car.
174 2803 225 2859 IX.
239 2803 319 2867 Quod
334 2800 422 2857 etiam
437 2799 520 2872 impii
535 2800 851 2857 videautetornitaicm
865 2805 911 2868 ;et
965 2800 1030 2881 Car.
1047 2800 1122 2856 Vill.
1140 2802 1179 2858 De
1201 2804 1394 2863 discernenda
1417 2811 1569 2882 corporali,
1595 2817 1623 2869 et
1643 2815 1789 2889 spirituali

125 2875 235 2946 regulis
258 2873 479 2943 veritatisque
503 2875 578 2928 Deus
592 2876 647 2943 est,
664 2871 757 2928 multa
780 2873 912 2943 iudicent
1002 2873 1123 2928 visione.

124 2954 210 3004 repre,
399 3015 404 3025 .
556 3015 561 3026 Ι
674 3014 680 3026 Ι
932 2943 1035 3030 CCsr.
1054 2942 1098 3000 IX.
1115 2945 1197 3010 Oued
1215 2946 1354 3018 imagines
1382 2967 1536 3025 corporum
1562 2955 1592 3010 in
1617 2957 1721 3029 spiritu
1744 2958 1796 3015 aii·

92 3015 916 3100 Car.X.Quurenensrmusbeat1‚cumvrdeamuslieuur,
1008 3017 1794 3101 euande'siguilieentaliquandeuen30tquedspiri·

90 3088 559 3242 cAypuffiegtuffisgssundqos.sciant,
572 3158 792 3241 beatitudinem,
804 3159 854 3215 sad
867 3158 917 3214 ubi
1009 3087 1797 3239 AAAAAAArnASiAAAffifffgpsiAiAAA{itrAAArnetlAAdnrlrercreiiAAAcliire

126 3234 175 3299 sit,
193 3249 251 3288 nen
267 3247 366 3287 omncs
382 3234 486 3299 sciant,
502 3234 531 3284 st
546 3245 614 3299 quis
629 3235 668 3285 srl
683 3230 792 3284 beatus.
1008 3230 1200 3297 discernatur,
1215 3240 1311 3289 ulrum
1325 3237 1419 3293 benus
1430 3255 1465 3293 an
1479 3240 1573 3296 maius
1585 3242 1796 3313 spiritusassu·

90 3304 159 3361 Car.
177 3304 243 3386 xli..
256 3303 323 3367 Qua
348 3304 386 3384 sit
411 3302 507 3382 image
528 3301 579 3356 Dei
600 3301 628 3355 in
650 3300 781 3368 homine,
797 3304 825 3356 et
840 3300 918 3372 qued
1009 3304 1069 3355 ruat
1083 3301 1217 3374 spiritum
1234 3304 1372 3362 beminis.

88 3375 653 3510 etlilitlltllilltltltn.‚
666 3441 920 3526 ..resonasse
972 3371 1199 3501 initiet
1213 3379 1721 3526 illitilittttitlttlili
1737 3403 1795 3444 ¹¹⁰⁰

125 3517 241 3588 triplex,
256 3519 284 3572 et
300 3516 445 3588 quemodo
462 3515 602 3587 perdatur
616 3530 703 3571 verua
720 3516 849 3572 beminis
864 3515 918 3570 be·
973 3515 1041 3571 Car.
1057 3514 1101 3570 tlt.
1118 3516 1158 3573 De
1172 3528 1364 3577 consensione
1377 3526 1599 3583 aenruiantium.

126 3606 189 3646 ner.
321 3659 326 3670 Ι
411 3658 416 3669 Ι
525 3657 564 3668 ..
972 3587 1041 3644 cor.
1058 3585 1118 3668 XII.
1134 3590 1213 3673 Quod
1229 3607 1337 3662 rerum,
1353 3598 1601 3666 qussentiuntur,
1620 3615 1684 3657 mea
1699 3599 1795 3673 image

89 3663 157 3717 Can.
174 3662 247 3716 XlV.
264 3659 305 3716 De
320 3673 437 3730 augense
452 3656 591 3714 hemrnrs.
1011 3658 1060 3712 liat
1071 3673 1099 3715 ru
1114 3665 1227 3731 spiritu,
1241 3666 1424 3732 prestantior
1434 3669 1513 3722 omni
1524 3686 1653 3740 corpere,
1666 3688 1724 3728 neu
1736 3688 1796 3730 cer·

89 3733 156 3790 Cas.
173 3731 230 3787 XV.
247 3731 328 3799 Quod
344 3729 459 3799 quidam
484 3729 575 3785 stulte
590 3726 646 3784 sibi
663 3726 841 3799 pollicentur
856 3743 918 3785 ma·
1011 3744 1080 3798 pore
1095 3734 1204 3800 tamen,
1220 3735 1272 3788 sed
1287 3736 1388 3805 spiritu
1405 3737 1433 3791 iu
1450 3755 1480 3793 ss
1496 3755 1545 3796 ens
1561 3742 1715 3800 lermaute.

122 3806 214 3875 jerem
229 3801 452 3870 beatitudinem,
469 3815 556 3873 quarn
572 3801 631 3871 lpse
647 3800 734 3857 Deus.
974 3799 1040 3854 Cia.
1051 3799 1124 3857 Xiil.
1135 3801 1215 3866 Quod
1227 3792 1795 3885 meruerisservatimsgineseerperum,

89 3880 156 3933 Cau.
172 3875 248 3932 XVl.
266 3874 304 3930 Da
320 3874 416 3929 verbis
432 3873 524 3928 sancti
540 3872 710 3943 Augustini,
722 3871 830 3944 quibua
847 3888 920 3926 non·
1009 3874 1169 3939 generatim
1190 3889 1224 3930 ae
1244 3874 1391 3945 distinete,
1407 3880 1536 3949 quolibet
1555 3898 1641 3939 sensu
1658 3885 1796 3955 ingestas.

126 3946 200 4003 nulli
216 3942 746 4027 inconsiderateaiilrmsnt,justesin
759 3942 919 3999 iutureiiei
973 3940 1042 3998 Car.
1059 3943 1127 3999 XIV.
1144 3943 1225 4027 Unde
1249 3947 1360 4003 aecidat
1383 3951 1486 4006 animm
1512 3968 1600 4010 cause
1624 3957 1740 4012 videndi
1764 3973 1799 4013 ca

90 4014 853 4169 cliiiiiiiiaiiiiiisiiiiis'iitiitere
867 4102 919 4141 n.
973 4029 1798 4172 oliti?tilttlttttttlliittlentilli:

128 4178 238 4234 peneus
253 4161 331 4216 dicta
345 4159 374 4216 S.
389 4157 536 4214 Ambrosii
552 4159 588 4213 de
602 4158 703 4213 eadem
720 4168 890 4228 quastione.
1010 4154 1089 4221 tuair,
1108 4161 1157 4213 sed
1175 4158 1336 4230 spiritualis
1362 4166 1426 4220 sine
1451 4168 1593 4238 corporali
1609 4170 1669 4225 fieri
1688 4169 1797 4242 pessit·

90 4236 157 4290 Car.
169 4232 279 4316 XVIII.
308 4234 491 4314 Argumenta
508 4228 828 4312 &Augustinieentru
852 4228 920 4284 illes
987 4227 1601 4315 ¹intellectualisvereulramquejudieet.
1790 4213 1798 4240 ’

91 4300 915 4443 nliillitiAttilitilittittlttdti'tt...
934 4333 956 4399 Ι)
974 4298 1799 4455 “tilliiiltlltlllltltii'titillabit

129 4446 296 4517 Hieronymi
312 4449 340 4500 et
355 4446 384 4501 S.
397 4444 565 4516 Augustini,
578 4461 643 4515 qua
659 4448 808 4516 ponuntur
823 4443 859 4498 de
874 4442 919 4496 iu·
1008 4450 1168 4501 cernuntur
1184 4446 1219 4502 ab
1236 4448 1306 4519 ipsis
1320 4451 1500 4522 cerporibus.

127 4523 193 4574 tura
213 4518 263 4575 Dei
289 4516 398 4571 visione
422 4515 580 4586 probanda,
597 4514 781 4586 accipiendas
796 4514 832 4570 de
846 4530 920 4585 pra·
972 4514 1142 4598 effnxvn·
1159 4517 1239 4581 Quod
1257 4521 1449 4578 intellectuali
1463 4524 1572 4580 visione
1587 4531 1725 4583 cernatur
1740 4541 1801 4597 per-

128 4590 219 4645 sentis
234 4589 299 4643 viis
314 4589 363 4644 Dei
379 4587 499 4643 visione.
1009 4601 1110 4656 spicue
1127 4590 1241 4658 veritas,
1253 4596 1281 4647 et
1292 4593 1376 4649 beata
1391 4594 1450 4650 vita
1461 4595 1489 4651 in
1508 4596 1587 4653 iente
1603 4614 1656 4653 sue
1672 4598 1798 4665 bibatur,

92 4662 160 4718 Car.
185 4659 240 4715 XX.
267 4659 420 4715 Sententia
450 4655 612 4715 Cassiederi
636 4661 665 4714 et
688 4656 855 4729 Hieronymi
885 4657 921 4713 de
1009 4660 1126 4728 etqued
1144 4660 1413 4719 ibicrsadesoum
1426 4667 1800 4741 Deeiequamur3slqued

127 4732 237 4788 visione
253 4731 301 4786 Dei
319 4731 427 4786 future.
1010 4731 1084 4783 Deua
1101 4730 1161 4801 ipse
1177 4731 1215 4787 sit
1228 4733 1327 4790 lumen
1344 4737 1461 4806 animas,
1476 4744 1504 4796 et
1519 4742 1597 4811 qued
1615 4741 1654 4796 ibi
1669 4742 1706 4797 sit
1720 4756 1801 4814 para·

91 4807 159 4861 Car.
176 4804 257 4859 XXi.
273 4804 313 4858 lie
328 4801 500 4874 quastione,
516 4803 626 4871 atquae
642 4815 691 4873 per
712 4815 743 4855 se
766 4799 921 4872 predicata
1009 4798 1091 4854 disus
1106 4802 1314 4865 paradisorum.

93 4874 666 5016 utillileitltitillet:
681 4887 830 4928 ΜΟ·
974 4870 1645 5008 tellitstilletisteletam
1662 4886 1802 5011 mim

157 4989 163 5002 ·
266 4987 272 5000 ·
651 4984 658 4998 ·
1328 4967 1334 4983 ·
1398 4969 1405 4982 ·
1589 4970 1800 5012 anereaurss

92 5021 160 5074 Car.
176 5017 282 5074 XXlil.
302 5017 406 5073 Divisio
422 5014 634 5086 responsionis.
1011 5014 1129 5070 nonnisi
1145 5016 1323 5076 intrinsecus
1345 4968 1522 5092 sdeveuqtur
1538 5028 1571 5079 ut
1586 5024 1642 5080 sint
1654 5026 1801 5098 sapientes

92 5091 160 5147 can.
176 5089 276 5145 XXIV.
303 5088 377 5156 Quid
403 5088 441 5146 sit
463 5085 679 5157 determinatio,
705 5088 733 5140 et
758 5083 807 5140 ubi
831 5099 920 5155 appe·
1009 5101 1041 5138 ao
1056 5085 1155 5141 beata.

130 5162 235 5216 nenda.
579 5229 584 5240 ι
845 5224 851 5236 ¹
973 5154 1040 5212 Gna.
1058 5157 1801 5240 XlX.Degterisliberiarbitrii,etsapiautiaqun-

92 5231 161 5287 Can.
178 5231 261 5287 XXV.
279 5231 354 5298 Quid
369 5230 407 5287 sit
420 5229 614 5299 oeudrmatre,
627 5230 656 5284 et
674 5232 881 5293 controversia,
894 5228 922 5281 et
1009 5227 1074 5282 darn
1090 5229 1314 5304 descriptiones.

130 5303 200 5374 quid
217 5304 331 5373 proprie
346 5304 383 5359 sil
398 5307 615 5375 argumentum.
973 5299 1041 5353 Car.
1056 5299 1117 5354 XX.
1134 5303 1199 5358 Alia
1214 5304 1345 5361 definitio
1360 5303 1520 5375 sapientia.

94 5374 164 5431 cto.
180 5374 280 5431 XXVI.
296 5375 405 5431 Divisio
421 5373 597 5446 argumenti,
609 5379 710 5444 etque
721 5371 814 5427 eratin
825 5369 922 5426 sitar·
973 5370 1040 5451 Gar.
1058 5373 1135 5430 XXt.
1149 5373 1257 5431 Divisio
1271 5375 1472 5448 philosophie,
1485 5385 1513 5436 et
1528 5383 1663 5452 quaedam
1680 5385 1803 5441 adnoto.

131 5446 323 5514 gumentatio.
1009 5445 1103 5498 ilonea
1119 5446 1245 5513 partium
1263 5449 1336 5518 ejus.

94 5518 163 5573 Can.
181 5516 295 5573 XXVil.
312 5516 421 5572 Divisio
437 5515 714 5588 argumentationis.
974 5511 1043 5568 eso.
1058 5512 1141 5571 XXII.
1158 5518 1199 5573 Ad
1223 5520 1296 5591 quid
1311 5521 1350 5575 sit
1365 5524 1531 5580 necessaria
1553 5523 1655 5597 logica,
1671 5529 1700 5582 et
1713 5502 1822 5592 qusm⁶

96 5589 163 5646 Car.
181 5588 298 5646 XXVlll.
317 5587 425 5645 ltivisie
440 5590 573 5660 quosdam
591 5588 701 5661 logica,
717 5593 745 5644 et
760 5602 823 5661 que
839 5585 920 5645 altir-
1010 5584 1157 5667 subtiliter
1180 5605 1227 5648 res
1249 5592 1424 5664 perpendat,
1446 5597 1476 5652 et
1496 5598 1629 5669 quadam
1649 5598 1685 5654 da
1705 5596 1806 5656 rbete·

133 5661 225 5720 matie
241 5664 270 5718 et
285 5659 400 5733 negatio
415 5658 531 5733 proprie
547 5660 607 5718 sint
620 5660 770 5732 opposita.
1010 5671 1080 5714 rica.
