3750 6000
125 267 176 324 103
734 263 958 322 INNOCENTUS
977 266 1001 321 tt
1021 268 1116 322 t’lt‘l.
1716 220 1768 336 tat

125 396 199 446 trum
214 402 279 460 pars
292 384 400 442 consilii
415 385 543 452 sanioris,
558 386 707 443 seeundum
720 387 771 444 Dei
786 388 920 454 timorem,
936 388 964 450 Α
1015 390 1073 464 Epo
1088 392 1225 466 Georgius
1236 393 1368 452 diaconus
1381 396 1528 454 cardinalis
1540 398 1703 457 sanctorum
1714 402 1777 460 ger.

126 485 154 534 at
164 477 234 534 beati
244 476 384 533 Benedicti
395 476 539 549 Regulam,
555 475 728 547 praeriderint
751 476 918 549 eligendum,
975 479 1012 550 gii
1027 489 1053 535 et
1064 481 1163 538 Baeebi
1178 483 1342 555 subscripsi.

125 566 172 640 qui
187 564 318 622 nimirum
328 564 364 619 ad
379 563 536 630 apostolieae
555 563 630 620 sedis
645 564 790 635 praesulem
819 581 919 622 conse·
1009 567 1071 641 ligo
1086 568 1166 628 Oddo
1192 572 1325 629 diaconus
1340 573 1486 631 cardinatis
1507 576 1599 634 Sancti
1615 578 1728 654 Georgii
1739 580 1774 637 ad

125 663 245 722 orandus
259 660 382 719 accedat.
398 660 535 726 chrisma,
551 661 641 717 oleum
669 670 803 730 sanctum,
819 678 919 719 consc-
974 657 1071 713 Vatum
1087 661 1206 716 tuream
1220 661 1380 734 subscripsi.

125 753 263 810 crationes
289 750 428 815 altarium,
444 766 493 805 seu
513 749 699 813 basilicarum.
723 749 919 822 ordinationes,
1010 757 1068 828 Ego
1080 760 1218 815 Romanus
1237 760 1370 819 diaeonus
1383 763 1530 821 minuatis
1544 765 1651 823 smrae
1678 767 1771 825 pm„

125 840 334 903 monachorum,
351 839 397 912 qui
410 840 445 895 ad
462 854 557 895 sacros
572 839 684 895 ordines
698 838 796 894 tuerint
811 856 920 910 promo·
974 845 1001 900 in
1018 847 1122 903 Portieu
1137 849 1294 920 subscripsi.

124 930 218 1000 rendi,
235 928 292 986 aire
307 928 468 985 clericorum
483 927 571 984 eidem
587 927 761 995 monasterio,
788 928 921 985 aellisrel
1009 936 1106 991 Datum
1130 937 1356 1010 Nouantutseper
1380 956 1488 997 manum
1513 942 1641 1001 stimerici
1669 953 1770 1003 sancire

124 1017 250 1077 ecclesiis
274 1015 482 1089 pertinentium,
499 1032 584 1089 aquo
597 1016 757 1085 malueritis,
780 1017 920 1076 Catbulico
974 1023 1104 1080 nomene
1120 1026 1249 1084 Ecclesiae
1270 1027 1378 1084 diaconi
1398 1029 1544 1086 cardinalis
1561 1040 1588 1087 et
1602 1034 1769 1103 eonrralterii,

124 1107 265 1180 accipietis
287 1105 427 1177 episcopo,
444 1105 467 1160 si
483 1105 594 1177 quidem
609 1105 725 1177 gratiam
741 1113 768 1160 et
794 1122 920 1163 commu·
973 1122 1071 1184 quarto
1100 1113 1166 1171 tdus
1193 1114 1329 1184 Octobris,
1350 1116 1500 1175 indictione
1520 1136 1549 1188 x,
1574 1121 1770 1180 incarnationis

123 1193 637 1266 nionemapostoticaeaedisbabuarit,
650 1203 677 1250 et
691 1195 713 1249 ai
729 1209 761 1251 ea
788 1196 874 1268 gratis
893 1204 921 1252 et
974 1201 1126 1259 [lominica
1148 1220 1220 1261 anno
1244 1208 1324 1272 tiss,
1337 1207 1512 1278 pontificatus
1525 1225 1592 1267 vero
1616 1210 1769 1269 innocentii

123 1286 183 1343 aine
197 1284 333 1356 pravitate
348 1282 464 1339 voluerit
479 1282 627 1338 exhibere.
648 1282 708 1339 Non
724 1285 796 1339 enirn
809 1284 918 1356 episco·
974 1306 1050 1362 papae
1065 1290 1090 1347 lt
1100 1307 1172 1348 anuo
1187 1293 1281 1350 tertio.

124 1391 223 1447 porum
238 1373 367 1444 cuiquam
379 1372 562 1443 permittimus
590 1370 675 1427 inrito
698 1372 796 1429 abbate
818 1373 845 1428 in
861 1389 920 1430 mo
1314 1366 1420 1423 CXXI.

123 1461 246 1519 nasterio
261 1463 305 1517 vet
318 1461 475 1517 monasterii
489 1460 567 1516 cellis
583 1475 631 1515 seu
660 1460 792 1526 eeclesiis,
808 1462 920 1517 ordina-
974 1460 1014 1516 rtd
1020 1461 1200 1518 bertholdum
1211 1463 1337 1519 abbatem
1345 1464 1372 1520 S.
1384 1465 1484 1522 nimis.
1495 1469 1677 1541 -tpprcbut
1694 1486 1771 1542 repu-

122 1553 211 1608 tiones
227 1550 326 1614 lacere,
343 1549 441 1604 missas
457 1549 580 1620 publicas
595 1548 747 1616 celebrare,
765 1549 808 1606 vel
823 1567 918 1606 earum
1007 1552 1148 1607 rationem
1163 1554 1288 1609 ecciesiae
1303 1553 1465 1626 Bnrptentia
1484 1555 1518 1611 ab
1533 1559 1654 1615 ecclesio
1662 1561 1768 1632 Eppon-

122 1645 244 1702 decimns
257 1641 409 1704 vindicare.
426 1658 476 1696 nee
486 1641 520 1696 de
535 1641 595 1712 ipso
611 1642 793 1709 monasterio,
809 1644 918 1715 velejus
1008 1637 1092 1696 term.

121 1735 203 1791 rebus
217 1732 380 1803 rescriptum
395 1729 549 1800 subripere,
566 1738 613 1785 aut
627 1731 746 1801 quotibet
766 1732 847 1789 modo
862 1733 915 1788 im·
929 1743 956 1803 Β
1204 1712 1294 1782 (0000
1310 1713 1389 1781 0000,
1404 1715 1474 1771 000·
1490 1717 1530 1787 t.)

120 1829 230 1897 patrare
243 1821 340 1893 cuique
366 1835 491 1890 personae
502 1818 617 1875 facultas
632 1819 676 1873 sit.
707 1817 785 1888 Quod
802 1822 824 1874 si
848 1821 915 1877 terte
1018 1806 1064 1880 1⁰·
1081 1808 1225 1876 0000000»
1243 1811 1312 1867 nist.
1330 1812 1424 1885 Nidroe
1438 1813 1530 1881 situs,
1548 1813 1595 1879 111·
1611 1830 1641 1886 0·
1661 1814 1719 1888 00]

120 1908 417 1986 praesumptumtuerit,
440 1908 542 1962 irritum
554 1907 663 1977 penitus
691 1908 838 1964 habeatur.
856 1910 915 1966 Nec
1005 1898 1197 1953 0000000000
1213 1898 1368 1971 episeopus,
1385 1918 1640 1958 000000000000000
1651 1904 1713 1971 Dei,
1729 1903 1769 1960 (0·

120 2009 257 2082 episcopis
270 2006 387 2063 facultas
402 2005 446 2071 sit,
458 2005 618 2060 monasterii
633 2006 716 2061 vestri
731 2005 845 2063 elericos
855 2007 915 2063 siue
970 1984 1041 2042 ¹⁰⁰¹⁰
1066 1984 1121 2041 000
1138 1986 1311 2044 0000000000
1325 1988 1418 2046 00000
1431 1991 1588 2047 10000810ήί
1616 1992 1650 2046 S·
1683 1992 1768 2049 Blasii

119 2099 320 2156 tuieonsensua
345 2094 554 2160 deliberatione,
570 2093 770 2151 interdictionis
796 2105 841 2151 aut
864 2113 914 2151 ex·
970 2082 1082 2155 0100000
1107 2084 1314 2141 000008008088
1338 2085 1502 2159 regulariter
1524 2086 1721 2144 substituendis
1738 2088 1766 2144 in

119 2183 375 2244 communicationis
386 2182 917 2256 seutentiacoercererqutecunqueprae«
969 2182 1143 2243 perpetuum.

118 2283 194 2333 terea
204 2275 230 2330 iu
243 2281 384 2346 posterum
405 2269 583 2327 concessione
597 2272 767 2343 pontificum,
793 2273 915 2329 liberali·
1005 2259 1240 2330 000000000οΠ]
1262 2279 1293 2319 00
1308 2280 1368 2335 (000
1382 2278 1399 2318 0
1414 2263 1494 2320 nobit
1508 2271 1670 2333 00000000,
1687 2263 1768 2322 firm

118 2361 338 2437 tataregnmvel
366 2361 529 2433 principum,
559 2360 695 2416 oblatione
710 2360 842 2424 fidetium,
866 2379 916 2419 seu
970 2349 1093 2407 volumus
1112 2360 1139 2408 et
1158 2351 1261 2407 illibata
1287 2352 1449 2421 consistere,
1466 2352 1503 2408 ita
1531 2353 1767 2426 questratn'bus

117 2461 177 2517 aliis
190 2462 271 2530 justis
284 2457 374 2514 modis
390 2456 615 2528 praenominatum
631 2457 826 2513 monasterium
841 2457 916 2513 auxi·
969 2439 1070 2494 00000
1100 2440 1254 2496 0000000000
1286 2441 1378 2497 000000
1397 2449 1473 2513 80000
1502 2449 1574 2502 tun¹·
1608 2442 1766 2499 0000000000

118 2550 201 2607 liante
217 2548 333 2605 Domino
347 2548 447 2617 poterit
462 2544 586 2615 adipisci,
604 2545 682 2600 vobis
698 2548 830 2616 praespnri
842 2546 913 2603 scri.
968 2529 1098 2584 custodiri
1115 2530 1266 2586 sancimus.
1295 2530 1422 2599 Proinde,
1438 2530 1536 2586 dilecte
1550 2530 1577 2585 in
1597 2531 1715 2587 Domino
1728 2530 1767 2586 tili

117 2647 164 2713 pto
174 2636 328 2693 firmamus.
350 2635 438 2689 Porro
454 2633 499 2688 itta
514 2633 654 2706 dignitatis
668 2633 796 2705 insignia,
815 2636 913 2707 quibus
968 2617 1113 2674 00000000
1128 2618 1225 2684 0000οι
1241 2619 1313 2691 quod
1328 2618 1363 2674 00
1378 2620 1497 2692 000800
1512 2621 1569 2690 (00)
1583 2619 1652 2675 0000
1679 2629 1707 2676 00
1722 2636 1767 2677 00·

116 2735 306 2784 antecessores
320 2723 357 2778 tui
372 2723 444 2777 inter
458 2722 605 2777 missarum
619 2722 751 2778 solemnia
765 2723 804 2778 uti
820 2724 913 2781 nosci·
967 2706 1083 2777 00005·
1115 2707 1238 2773 0000οῙον
1256 2708 1358 2779 000000
1380 2707 1441 2765 0000
1468 2709 1513 2780 qni
1530 2708 1679 2764 00000000
1708 2710 1765 2779 (00)

117 2824 171 2882 tur,
188 2830 238 2871 nos
253 2820 484 2884 personaetuaeex
499 2811 913 2884 apostolicaesedisbenignitate
967 2794 1068 2851 dicitur
1095 2795 1145 2851 situ
1170 2804 1221 2858 est,
1245 2812 1260 2850 a
1282 2796 1484 2852 venerabilibus
1510 2797 1637 2852 tratribus
1664 2798 1766 2855 nostris

116 2902 305 2966 concedimus,
334 2909 362 2956 ut
382 2900 486 2956 scilicet
514 2899 541 2954 in
565 2900 663 2955 diebus
682 2901 849 2957 solemnibus
877 2902 913 2958 ad
968 2885 1199 2940 0000000000
1210 2882 1763 2959 0000000(0900000000000000000000

116 2993 260 3050 missarum
277 2988 365 3047 officia
379 2988 545 3046 celebranda
560 2988 716 3057 dalmatica,
727 2990 815 3056 mitra,
828 2991 914 3047 chiro
967 2980 993 3029 00
1009 2989 1168 3030 0000000000
1191 2976 1250 3043 0000
1278 2974 1370 3028 0000ῐο
1387 2973 1526 3040 0000000,
1555 2988 1694 3030 00000000
1721 2990 1766 3030 ⁸1·-

116 3081 204 3139 thecis
219 3089 246 3138 et
260 3077 519 3136 sandalisinduaris.
534 3077 575 3132 td
583 3076 913 3148 baecadjieientesdeeer-
927 3103 952 3167 C
967 3062 1173 3134 0000000000οῐοι
1189 3078 1221 3119 00
1248 3072 1411 3119 0000000000
1441 3063 1665 3135 000000000οΝῐο
1690 3064 1765 3119 0000

117 3171 208 3227 „imus
223 3180 252 3225 u,
265 3168 331 3224 nup,
351 3167 463 3224 omnino
487 3165 630 3221 hominum
655 3166 697 3221 p„
711 3168 745 3221 sp
772 3168 912 3238 pfaepamm
968 3150 1106 3222 paruebiae
1120 3158 1248 3206 statutum
1264 3158 1315 3215 est,
1331 3151 1493 3207 auctoritate
1508 3150 1583 3206 sedis
1609 3151 1766 3222 apostoticae

116 3259 272 3317 eoenobium
288 3265 391 3314 temere
411 3254 585 3328 perturbare,
611 3263 675 3322 etc,
693 3256 762 3310 utin
786 3257 913 3311 omnibu,
967 3239 1172 3308 confirmamus,
1189 3248 1216 3294 ut
1231 3238 1358 3295 videlicet
1372 3239 1504 3311 peredieta
1520 3240 1638 3312 Bargala
1652 3240 1722 3296 eetta
1737 3248 1765 3298 et

115 3365 227 3421 semper
241 3347 398 3419 apostolicae
413 3345 496 3410 sedis,
513 3344 590 3415 eujus
604 3352 645 3399 est
655 3344 806 3416 proprium,
822 3345 914 3400 muni·
968 3328 1090 3384 0000000
1104 3329 1137 3383 0·
1151 3328 1274 3393 000000οι
1292 3345 1353 3401 0000
1372 3328 1500 3384 0000000
1513 3328 1633 3400 0000000
1658 3327 1765 3400 00000·

114 3438 189 3494 mpne
203 3452 236 3494 ,ο
247 3435 418 3509 pwpwpon,
446 3432 631 3505 congaudeat,
642 3432 670 3487 sp
698 3434 760 3505 quis
773 3433 857 3507 ,gitur
885 3433 913 3488 jn
968 3416 1009 3488 pia
1024 3416 1256 3473 consentientibus
1270 3416 1296 3471 in
1314 3416 1415 3473 allodio
1429 3424 1592 3473 constructae
1605 3425 1677 3484 aunt,
1689 3417 1765 3490 qnod

115 3526 235 3583 futurum
258 3522 495 3595 archiepiscopus,
517 3521 559 3577 ret
584 3521 739 3593 episeopus,
766 3522 913 3593 imperator
967 3504 1135 3575 0000000000
1149 3505 1421 3580 000800000000030)
1435 3506 1470 3561 00
1486 3505 1699 3563 0000000000οΝ
1713 3522 1764 3563 00·

115 3615 173 3673 sine
187 3610 519 3685 re1,princeps,autdux,
529 3625 633 3679 comes,
646 3610 808 3676 vicecomes,
817 3611 911 3680 jndex,
966 3595 1073 3651 0000000
1096 3595 1264 3651 0000000000
1280 3595 1308 3649 B·
1323 3593 1413 3660 00000
1429 3594 1472 3650 000
1486 3595 1539 3650 000
1553 3602 1664 3651 0000000
1687 3611 1765 3667 0000·

114 3703 258 3773 castaldio,
269 3709 315 3757 aut
324 3698 509 3758 ecclesiastico
519 3697 694 3754 saecutarisre
709 3715 827 3771 persona
841 3700 912 3755 hanc
966 3683 1051 3750 00000,
1074 3683 1239 3748 0000100000.
1268 3698 1329 3740 cum
1353 3683 1410 3738 000
1437 3682 1608 3754 0000000000
1630 3690 1765 3756 00000000

114 3800 217 3850 nostres
232 3789 432 3848 constitutionis
455 3787 583 3860 papinum
608 3787 710 3855 sciens,
739 3797 912 3844 contineam
962 3773 1021 3842 0000
1042 3772 1106 3828 0000
1125 3772 1244 3830 0000000
1266 3772 1338 3842 1000
1356 3772 1482 3839 000000.
1510 3772 1547 3826 itt
1566 3779 1668 3839 001000,
1687 3779 1718 3828 00
1736 3772 1765 3827 in

113 3888 217 3938 ‘emere
231 3879 327 3937 venire
340 3876 495 3945 tentaverit,
512 3876 633 3933 secundo
656 3876 771 3934 tertiove
786 3893 911 3935 commo.
965 3863 1164 3934 praenotninttttt
1174 3861 1290 3934 flurgtlid
1299 3860 1370 3916 88018
1386 3860 1486 3916 0080088
1497 3860 1657 3917 monasterii
1672 3859 1765 3918 588800

113 3970 181 4037 nim,
196 3969 220 4025 si
235 3984 289 4025 non
305 3966 491 4025 satisfactione
506 3981 627 4039 congrua
645 3966 841 4032 emendaverit,
858 3982 911 4039 po.
965 3951 1048 4007 Btttsii
1063 3951 1151 4007 000808
1169 3958 1197 4005 ei
1216 3951 1322 4020 ttbaqnc
1340 3948 1455 4018 aiicujus
1472 3948 1689 4005 80810880800088
1704 3950 1763 4005 00·

113 4057 218 4117 mr„
245 4058 412 4130 houmpsque
436 4056 478 4112 ,up
499 4056 632 4129 djgnjme
657 4064 759 4124 wear,
776 4071 910 4129 ,eumque
964 4040 1039 4095 minc
1053 4038 1225 4104 famulentur,
1241 4038 1304 4094 etin
1325 4038 1443 4094 ecclesia
1462 4039 1492 4093 B.
1508 4036 1624 4094 toanuia
1643 4038 1671 4093 in
1690 4037 1763 4109 peda

112 4163 144 4206 ,ο
159 4149 252 4205 divino
263 4148 367 4215 judicio
381 4146 511 4213 existere,
529 4152 585 4201 020,
964 4127 1208 4185 montismdidcata
1226 4127 1305 4199 plebs
1320 4127 1412 4183 divine
1424 4127 1737 4198 percipiatsacramanta
1753 4145 1761 4195 3

147 4238 209 4305 nro
231 4237 405 4294 Innocentius
431 4233 577 4291 Catholicae
606 4233 737 4291 Ecclesiae
764 4231 910 4306 episcopus
963 4227 1172 4290 etunaquoeque
1190 4217 1250 4273 000
1274 4224 1402 4274 00000000
1418 4217 1454 4271 00
1469 4216 1605 4283 0000000οι
1626 4215 1762 4288 000000·

112 4325 273 4397 ,uppm'psp
963 4309 1074 4364 modum
1091 4305 1282 4378 usupradictis
1295 4304 1431 4377 episcopis
1447 4304 1571 4361 noscitur
1588 4304 1757 4361 institutum.

148 4414 209 4486 Ego
219 4410 381 4468 Guitlelmua
392 4409 575 4466 Praenestinns
586 4410 732 4483 episcopua
742 4411 905 4483 subscripsi.
961 4397 1035 4454 Nuffl
1051 4413 1117 4470 0080
1137 4398 1275 4452 0000000
1295 4394 1335 4450 000
1364 4395 1397 4450 00
1416 4393 1486 4451 0000
1504 4393 1631 4466 00800000
1662 4403 1763 4452 00000

147 4501 207 4574 npo
222 4501 307 4558 euers
328 4498 469 4571 presbyter
494 4497 724 4555 ordinatissimi
747 4498 908 4557 sensurum
921 4466 948 4527 0
963 4485 1177 4544 confirmationis
1204 4483 1355 4556 intringere
1379 4483 1423 4540 vet
1442 4491 1561 4550 muare,
1581 4483 1630 4539 sed
1656 4483 1760 4554 mnia,

111 4590 224 4650 loannis
238 4597 265 4648 et
280 4587 354 4646 Pauli
369 4586 533 4660 subscripsi.
963 4583 1032 4642 sient
1047 4582 1173 4655 superius
1186 4588 1229 4638 est
1243 4580 1407 4653 expositum,
1426 4578 1565 4652 perpetuis
1580 4577 1677 4635 tuturis
1692 4586 1761 4636 tem·

158 4804 450 4880 stlcbroniconeellae
458 4804 539 4875 hujus
549 4802 710 4876 Bnrgtensis
720 4802 906 4874 scripsitCon·
963 4805 1108 4864 Udotrieus
1118 4807 1148 4871 l;
1164 4806 1278 4878 perlecit
1299 4821 1363 4863 vero
1378 4820 1522 4863 successor
1535 4800 1596 4930 ad‘us
1615 4803 1759 4862 Udatricns

111 4894 143 4935 ra
163 4895 196 4934 us
210 4878 242 4934 S.
268 4877 351 4933 blasii
372 4877 534 4943 monachus,
553 4875 625 4946 quod
648 4874 731 4930 edidit
748 4883 842 4931 noster
867 4876 902 4930 P.
961 4878 995 4944 ll,
1008 4878 1227 4934 constantiensis
1240 4877 1542 4949 episcopua.enjuscon
1565 4877 1759 4933 rmntiotrans·

111 4949 247 5006 ilustenua
273 4949 346 5004 tteer
373 4949 400 5002 in
423 4963 559 5020 anonymo
577 4944 699 5002 diunensi
721 4945 767 5001 ubi
789 4945 907 5018 plurima
960 4949 1077 5005 actionis
1088 4966 1171 5021 super
1180 4950 1239 5006 loco
1248 4951 1395 5022 burgulum
1410 4948 1500 5004 abbati
1512 4948 1540 5004 S.
1557 4947 1759 5005 Blasiiasaerto

110 5021 180 5077 banc
194 5019 296 5076 ballam
310 5021 467 5075 illustrantia
484 5019 628 5074 habentur.
960 5021 1075 5077 babetur
1090 5022 1161 5092 apud
1186 5023 1217 5074 0.
1236 5022 1359 5092 Hergott,
1375 5020 1443 5076 Cod.
1460 5019 1572 5074 Probat.
1593 5027 1616 5074 t.
1635 5019 1670 5083 11,
1686 5035 1718 5091 p.
1736 5033 1758 5086 t,

146 5091 203 5161 (88)
214 5091 340 5148 Ecclesia
357 5089 388 5145 S.
411 5091 523 5146 Jounnis
538 5093 565 5145 in
589 5089 655 5144 vitta
670 5087 841 5170 Eugenbeim
870 5087 906 5144 ad
960 5107 988 5163 p.
1008 5093 1067 5153 tsi,
1081 5115 1092 5139 r
1106 5094 1167 5146 data
1182 5092 1296 5146 basilea
1310 5108 1355 5148 au.
1376 5089 1589 5156 transires,
1607 5113 1619 5140 rr
1636 5089 1683 5162 qui
1698 5089 1758 5146 dies

110 5163 207 5235 pedem
223 5160 323 5217 montis
338 5161 496 5233 Bnrglensis
511 5161 675 5233 parochialis
690 5162 749 5228 tuit,
760 5175 792 5216 ac
802 5166 906 5215 mutata
959 5162 1088 5219 conuenit
1104 5178 1165 5218 curn
1181 5162 1249 5217 teria
1264 5177 1314 5225 ru,
1331 5177 1379 5216 seu
1396 5160 1523 5216 dabbato.

110 5232 245 5302 religione
264 5231 353 5286 adbuc
366 5240 417 5286 est.
997 5236 1052 5303 (30)
1068 5233 1134 5288 Sunt
1154 5234 1179 5287 hi
1195 5231 1365 5288 Werntrerus
1379 5231 1414 5287 de
1439 5231 1619 5291 ttettenbacb.
1643 5231 1758 5302 ejusque

145 5303 202 5372 (29)
218 5303 259 5356 Ex
278 5305 373 5359 eberta
397 5302 544 5357 Hermanni
561 5302 650 5373 episc.
683 5299 906 5359 constantiensis
960 5306 1046 5361 trater
1074 5305 1226 5375 Wipertns,
1256 5304 1301 5385 qui
1326 5304 1377 5358 sub
1407 5304 1526 5358 tlusteno
1553 5303 1652 5358 abbate
1685 5303 1757 5359 eirea

109 5373 259 5429 annillbb
280 5373 297 5427 ti
318 5373 750 5444 uetqnodUdetricuslepiscop.
770 5372 906 5428 Consteu·
959 5392 1024 5433 aun.
1054 5377 1122 5431 ltiltl
1146 5374 1272 5431 monachi
1295 5374 1322 5429 in
1351 5374 1382 5428 S.
1402 5372 1594 5430 ntrsioeltreti
1616 5373 1688 5428 bone
1707 5388 1758 5428 aua

109 5392 477 5515 tiensisdebidingen,qui
494 5445 646 5501 obiitnnno
666 5448 743 5512 atsi,
760 5443 906 5499 transtule·
958 5448 987 5503 in
1003 5445 1130 5518 Burgten,
1159 5446 1313 5509 Ekinbeim,
1340 5445 1501 5501 Kattinbscb
1529 5443 1581 5499 etia
1604 5459 1637 5499 ue
1666 5444 1758 5499 eidem

109 5514 146 5571 rit
162 5514 306 5572 eeclesiam
334 5515 387 5569 bur
407 5515 453 5570 lun
477 5516 504 5570 in
520 5524 681 5586 potestatem
710 5515 905 5572 monachorum
959 5517 1125 5574 monastario
1139 5519 1322 5585 contulerunt,
1337 5525 1367 5571 ut
1381 5531 1414 5571 ex
1423 5518 1507 5573 citato
1517 5461 1660 5588 dumiensi
1674 5514 1760 5573 cliro·

109 5586 270 5645 sactorittde
332 5601 374 5659 pte
422 5586 513 5643 onorii
527 5595 612 5660 atque
638 5587 790 5670 tloguntini
812 5586 905 5641 erebi·
958 5590 1021 5647 nico
1037 5589 1134 5662 tiquet.

108 5658 280 5734 episcopidd
308 5657 389 5716 berti.
397 5658 546 5732 Negotium
557 5657 902 5732 ergoboepamincoeperat.
