3750 6000
91 241 145 297 Μ
477 237 649 296 calcasti
668 236 847 294 ANTIPAPAE
866 238 1047 297 EPISTOLAE
1065 240 1110 297 ET
1129 236 1343 297 salutatam.
1685 243 1741 297 698

89 365 125 419 de
142 365 194 420 hac
207 362 265 418 vita
278 361 390 418 domino
404 363 610 435 predecessore
625 363 779 433 nostropiae
789 378 888 418 memo
901 363 929 425 Α
944 372 1039 430 teroue
1052 365 1153 433 vocati,
1174 370 1220 420 aut
1239 365 1371 420 rationem
1386 379 1500 436 ponere,
1517 374 1563 421 aut
1577 363 1740 421 satisfacere

89 453 137 510 rive
165 468 235 523 papa
264 453 394 519 Honorio,
422 452 577 508 cardinales
600 451 732 506 Ecclesiae
761 452 890 508 Romanae
944 454 1184 524 contempsissent,
1204 455 1239 509 ab
1255 454 1501 527 Ecclesiaegremvo
1511 454 1595 526 digno
1606 463 1667 510 sunt
1678 469 1742 510 aas·

90 541 255 614 presbyteri,
272 549 296 596 et
313 541 453 602 diacones.
466 551 493 595 et
506 540 701 603 subdiacones,
718 539 890 609 primicerius
944 541 1065 599 themate
1080 544 1209 599 resecati.
1226 542 1400 598 Tradidimus
1408 559 1456 598 eos
1466 543 1581 607 Satanae,
1594 556 1625 598 ut.
1635 543 1743 599 discant

88 644 151 685 cum
165 628 241 685 omni
259 628 352 685 schola
368 637 395 684 at
409 628 551 684 ordinibus
562 627 780 698 palatii,judices
790 637 815 682 ct
825 628 889 684 scri·
945 647 998 685 non
1017 631 1220 703 blasphemare.
1240 631 1350 688 illorum
1370 632 1506 687 versutias
1525 642 1549 687 et
1568 631 1742 704 praestigiosa

88 718 182 781 niarii,
213 726 240 773 et
258 717 350 773 clarus
371 718 460 772 omnis
478 718 633 783 Romanus,
649 725 795 786 expetente
815 717 887 772 omni
944 717 1072 791 figmenta
1083 720 1150 792 quia
1161 720 1272 794 longum
1284 728 1325 775 est
1336 720 1465 788 scribere,
1478 720 1556 775 latori
1567 719 1742 792 praesentium

86 806 202 879 populo,
219 821 280 863 com
296 806 489 863 bonoratorum
504 805 744 862 devotissimorum
762 821 887 870 assensu,
944 806 1088 881 Gregorio,
1108 810 1182 865 sedis
1210 818 1312 866 nostrae
1330 809 1446 865 diacono
1465 809 1602 871 cardinali.
1629 807 1742 866 commi·

86 895 114 953 in
130 897 210 952 titolo
228 896 258 952 B.
270 896 354 952 Marci
369 895 496 957 melleet
510 895 662 967 indignum,
673 896 699 950 in
712 900 890 967 papomtna·
944 896 1028 953 simas
1049 898 1220 973 indaganda.
1243 898 1383 970 Rogamus
1398 898 1489 971 itaque
1504 900 1675 955 sanctitatem
1695 914 1742 953 ve-

87 986 191 1042 cletum
207 985 372 1042 onaaimiter
386 985 537 1056 elegerunt,
555 994 582 1041 et
594 986 712 1041 electum
729 985 756 1040 in
770 985 888 1042 ecclesia
942 992 1025 1040 atram
1041 995 1073 1041 ut
1083 987 1156 1043 illam
1168 1004 1247 1060 quam
1259 987 1331 1044 circa
1344 1002 1387 1042 me
1405 987 1578 1044 dilectionem
1589 988 1616 1041 in
1628 986 1741 1042 minoris

85 1074 116 1130 b.
134 1073 206 1130 Petri
220 1074 328 1145 patroni
344 1073 429 1129 nostri
441 1073 611 1129 venerabilis
633 1073 716 1129 irater
729 1081 820 1129 noster
833 1074 888 1130 Pe·
941 1072 1046 1130 ordinis
1061 1076 1296 1132 administratione
1312 1075 1363 1130 visi
1386 1075 1453 1132 estis
1464 1077 1604 1142 ealribera,
1624 1092 1696 1131 nnnc
1711 1076 1739 1130 ia

84 1169 143 1217 trus
160 1161 315 1219 Portueosis
332 1161 477 1233 episcopus
490 1179 552 1218 cum
561 1162 732 1219 diversarum
743 1163 888 1233 regionum
941 1164 1099 1233 apostolice
1113 1166 1187 1221 sedis
1199 1165 1332 1238 regimine
1343 1165 1490 1221 constituto
1511 1165 1672 1222 subtrahere
1686 1181 1739 1222 non

87 1251 231 1323 episcopis
244 1251 425 1307 celeberrima
440 1252 626 1308 corvsecravit.
941 1251 1075 1308 debeatis.
1090 1253 1278 1310 considerans
1293 1255 1428 1326 siquidem
1448 1253 1634 1311 infirmitatem
1649 1271 1738 1310 meam

121 1340 223 1395 Verum
239 1340 348 1410 quidam
365 1339 428 1394 ialsi
445 1342 554 1406 iratres,
571 1340 618 1395 iilii
632 1340 725 1407 Belial,
740 1339 787 1396 llltt
802 1340 887 1411 pesti·
941 1340 973 1394 ad
984 1342 1225 1411 apostolicaesedis
1237 1344 1343 1399 culmen
1355 1360 1410 1399 non
1422 1359 1504 1414 posse
1516 1342 1653 1409 sufficere,
1669 1359 1740 1400 onus

80 1427 186 1496 lentim,
207 1427 254 1483 iiiii
270 1432 355 1501 Agar,
376 1429 539 1498 sapientiam
556 1445 617 1500 quoe
631 1430 665 1485 de
680 1438 753 1484 terra
769 1439 820 1495 eat,
837 1445 887 1485 ex·
941 1430 993 1485 boo
1008 1429 1147 1487 declinare
1174 1433 1334 1498 malueram,
1355 1448 1390 1487 ne
1408 1431 1435 1486 in
1456 1432 1588 1503 pastorali
1607 1432 1739 1504 regimina

81 1517 223 1591 quioculos
237 1518 372 1588 (barecis.
392 1518 444 1588 vta),
461 1517 584 1575 inebriati
601 1519 687 1576 calice
698 1520 746 1575 irae
760 1519 809 1574 Dei
824 1535 887 1575 om·
940 1517 1052 1592 imparis
1066 1520 1309 1576 administrationis
1323 1520 1432 1577 actione
1446 1520 1666 1577 succumberem.
1684 1520 1740 1576 Sed

80 1605 243 1677 nipotcntis,
263 1606 313 1663 Dei
325 1607 496 1679 dispositioni
512 1616 539 1664 et
549 1608 734 1663 constitutioni
743 1608 888 1664 ecelesias·
940 1609 1000 1678 arria
1017 1608 1151 1665 contraire
1162 1625 1217 1664 noa
1229 1617 1273 1664 est
1284 1609 1456 1680 disponenda
1469 1610 1519 1664 Dei
1531 1609 1653 1674 arbitrio,
1674 1607 1740 1664 obe·

79 1695 143 1751 tice
157 1710 225 1750 suso
242 1694 367 1765 improbo
378 1695 428 1750 visi
438 1696 654 1752 suntcontraire.
667 1695 791 1765 Quorum
806 1704 925 1781 capotB
940 1695 1047 1753 dienter
1061 1706 1173 1754 secutus
1185 1714 1245 1753 sum
1261 1701 1333 1770 quod
1350 1697 1508 1755 misericors
1526 1699 1561 1755 de
1577 1714 1621 1754 me
1640 1696 1738 1755 Omni-

82 1791 125 1839 est
145 1783 302 1839 llimerious
319 1784 457 1856 quondam
478 1784 670 1848 cancellarius,
694 1785 813 1842 avaritiae
827 1802 885 1843 ser·
940 1786 1057 1855 potentis
1072 1801 1170 1843 manus
1184 1787 1299 1843 voluerit
1315 1786 1435 1858 operari.
1446 1787 1554 1843 Domini
1564 1796 1591 1844 et
1600 1788 1738 1859 principes

79 1887 144 1938 vus,
160 1871 323 1927 histrionum
338 1880 365 1927 et
380 1888 537 1929 scurrarum
552 1874 656 1930 delirus
671 1875 804 1932 incentor.
835 1890 885 1931 ec·
937 1876 1025 1929 nostri
1039 1877 1132 1931 Petrus
1143 1886 1168 1932 et
1181 1875 1289 1937 Paulus,
1301 1875 1400 1948 quibus
1410 1877 1437 1931 in
1448 1875 1509 1933 loco
1519 1886 1614 1934 sancto
1625 1876 1738 1934 assidua

78 1959 229 2018 clesiarum
254 1961 422 2031 exspoliator
435 1961 485 2035 [ol.
506 1962 660 2036 expilatorl,
677 1978 818 2019 servornm
833 1964 884 2021 Dei
937 1961 1093 2030 deservitis,
1110 1964 1189 2020 vobis
1203 1980 1254 2036 pro
1266 1964 1346 2022 nobis
1360 1965 1500 2021 orantibus
1512 1965 1613 2039 gaudia
1627 1973 1738 2023 eternas

77 2048 221 2122 improbus
235 2058 357 2115 exactor,
372 2051 442 2107 aiter
457 2050 544 2116 Giezi,
566 2053 609 2124 qui
626 2051 749 2107 simoniis
767 2051 885 2123 publicis
937 2051 1075 2108 iciicitatis
1089 2053 1242 2110 obtineant.
1813 2040 1816 2047 ¹

82 2143 111 2193 et
124 2137 238 2209 privatis
249 2138 354 2209 lepram
369 2139 491 2195 Naaman
507 2141 552 2210 (Ν
570 2142 633 2213 lieo.
659 2141 697 2210 v),
714 2148 741 2196 et
754 2140 885 2197 maledic·
972 2141 1069 2198 Datum
1085 2142 1179 2199 liomte
1194 2142 1267 2213 apud
1283 2144 1312 2200 S.
1329 2144 1435 2200 Petmm
1450 2143 1510 2200 Eal.
1526 2142 1597 2202 ltaii.

77 2224 180 2282 tionem
193 2226 243 2282 Dei
252 2226 425 2283 hereditario
435 2237 477 2283 est
484 2228 547 2297 jure
558 2229 752 2286 sortituslinic
762 2231 883 2286 ioannes

80 2314 116 2370 de
134 2313 245 2377 Creme.
266 2315 348 2370 homo
366 2315 533 2371 miserabilis
555 2325 582 2372 et
599 2333 664 2374 rere
682 2317 828 2383 Nicolaita,
856 2324 884 2373 et
1304 2295 1361 2351 vn·

77 2400 356 2500 ³³¹⁹r.bi⁰¹h⁸⁰⁸¹h⁰⁸
369 2403 517 2505 ⁸¹iqu³nsi⁰
531 2421 686 2504 ierim
697 2405 883 2506 mimium&
936 2441 1414 2518 [dirordo'cpiscopoEupoliamevvav
1432 2444 1737 2519 cpostvvlicoescdiiepc·

79 2491 235 2548 cardinales
248 2492 401 2558 damnatus,
412 2495 640 2557 promissionibus
659 2495 881 2566 vanvsmduclus,
975 2517 1081 2572 gemm
1095 2517 1126 2572 ὓ,
1142 2517 1307 2590 Aquam
1329 2445 1461 2589 ,Upim
1477 2517 1614 2574 ,mem
1633 2517 1735 2588 prm.

80 2579 194 2635 alludit.
210 2581 249 2636 lte
266 2581 350 2638 Petro
365 2582 496 2637 cardinali
512 2583 617 2638 Sanctae
632 2585 792 2644 Anastasia).
809 2583 882 2656 quod
972 2590 1048 2644 mom
1063 2588 1239 2644 cardinalem
1250 2589 1442 2645 commendat.
1454 2587 1693 2660 Nepottumcio'at
1703 2589 1736 2642 aa

78 2668 201 2724 thesauri
217 2669 404 2725 cluniacensis
417 2671 534 2725 assuetis
549 2672 823 2743 tergiversationibus
837 2673 882 2727 in·
972 2659 1124 2716 wilcium
1140 2663 1284 2716 militm·

79 2757 213 2813 satiabilis
226 2758 330 2813 exstitit
345 2758 448 2828 praedo,
461 2767 489 2813 et
499 2759 630 2817 Gozeimo
640 2760 748 2817 Sanctae
755 2761 881 2828 Caeciliae,
1172 2784 1264 2853 (mo
1279 2785 1358 2851 4130,
1375 2783 1438 2840 Mi
1454 2785 1498 2857 1,)

78 2844 163 2902 silere
178 2845 289 2917 dignius
303 2845 431 2910 diximus,
448 2864 527 2920 quam
544 2850 578 2903 de
593 2849 632 2903 eis
641 2857 668 2903 et
677 2850 711 2905 de
723 2866 818 2905 eorum
827 2859 882 2905 tor·

79 2933 195 3005 pissima
209 2935 341 2991 servitute
355 2936 434 2990 vobis
449 2936 584 2992 scribere.
601 2937 620 2991 li
637 2937 762 2993 aimerici
777 2940 883 3010 quadra
1034 2907 1165 2981 'mm’
1176 2910 1281 2965 Ami·
1293 2909 1329 2965 'd
1344 2924 1389 2965 ¹¹¹¹·
1408 2911 1486 2977 ¹¹³⁰*
1497 2926 1524 2965 ¹¹·
1540 2906 1640 2983 xm]

78 3023 220 3089 vivebant,
237 3031 263 3079 et
283 3024 352 3080 sicut
366 3024 475 3081 celebre
489 3034 531 3080 est
554 3027 626 3097 apud
641 3042 702 3091 nos,
728 3027 883 3098 juramento
975 3024 1027 3077 Pro
1044 3031 1090 3079 tua
1117 3022 1262 3093 probitate,
1293 3039 1376 3096 qoam
1395 3030 1489 3081 sancta
1507 3029 1595 3078 mater
1613 3023 1736 3079 Romana

79 3111 194 3174 astricti,
214 3110 366 3182 iniquitatis
385 3129 443 3169 suae
461 3122 542 3184 capnt
557 3130 607 3184 per
625 3114 717 3170 omnia
732 3124 883 3187 sequuntur
936 3110 1059 3169 Ecclesia
1074 3109 1157 3182 longo
1169 3111 1225 3181 jam
1241 3120 1363 3181 tempore
1373 3120 1516 3182 expertam
1527 3111 1666 3172 habuit.et
1679 3118 1739 3167 tao·

79 3200 169 3271 (abo).
183 3199 224 3256 De
240 3199 402 3271 quibusdam
415 3201 670 3273 pseudoepiscopis,
682 3218 751 3273 quos
759 3203 883 3259 iectionis
937 3216 1018 3272 quam
1034 3199 1225 3255 charissimum
1239 3215 1317 3255 sunm
1333 3202 1501 3272 praecipuum
1523 3199 1611 3255 illium
1628 3198 1735 3263 dilexit,

81 3303 138 3344 suae
148 3288 301 3359 complices
313 3289 458 3359 praedictus
469 3291 582 3356 induxit,
593 3291 684 3346 nullus
694 3291 772 3347 nobis
781 3306 882 3358 sermo,
937 3296 965 3345 et
985 3287 1131 3360 specialius
1145 3289 1299 3353 honoravit,
1314 3288 1441 3344 dominus
1455 3289 1565 3362 quidem
1581 3297 1608 3343 et
1620 3287 1739 3343 nutritor

81 3376 156 3432 nulla
166 3375 246 3432 nobis
255 3392 320 3433 cura
328 3384 379 3444 est,
387 3377 521 3434 cumnihil
532 3377 565 3434 ad
576 3380 666 3434 eosde
674 3379 787 3434 liomani
798 3380 886 3450 ponti·
938 3387 1035 3434 noster
1049 3392 1119 3448 papa
1134 3376 1286 3442 l’aschalis,
1301 3385 1328 3433 et
1342 3377 1385 3433 alii
1400 3385 1462 3450 post
1477 3394 1539 3434 aum
1550 3378 1663 3434 Romani
1673 3391 1738 3448 pon·

80 3463 141 3522 licis
150 3464 288 3522 electione
297 3466 441 3537 pertineat.
454 3467 551 3535 Porro,
576 3467 637 3539 qnia
646 3483 696 3539 per
707 3468 755 3523 Dei
764 3468 883 3540 gratiam
939 3463 1026 3522 tiiices
1040 3465 1076 3521 ob
1090 3464 1209 3536 insignia
1227 3465 1358 3522 virtutum
1374 3475 1480 3522 tuamm
1506 3482 1570 3522 suas
1589 3465 1639 3521 tibi
1657 3481 1737 3521 com·

81 3555 175 3610 omnia
191 3555 415 3626 nobisprospera
430 3563 503 3619 sunt,
516 3556 815 3628 nosinaliquolaedera
829 3571 883 3613 noa
938 3554 1071 3609 miserunt
1091 3553 1166 3610 vices
1185 3552 1213 3608 ia
1235 3554 1388 3626 Aquitaniae
1406 3556 1529 3627 partibus
1549 3555 1733 3625 peragendas.

78 3645 185 3707 valent,
203 3642 348 3700 maledicta
363 3644 567 3718 congeminant.
578 3645 686 3701 Latrant
700 3646 726 3699 in
738 3661 790 3702 nos
800 3661 885 3702 canas
938 3642 996 3697 Nos
1011 3642 1096 3714 igitur
1109 3641 1264 3697 dilectionis
1279 3644 1423 3714 praeteritae
1435 3659 1469 3702 ac
1483 3644 1673 3700 sollicitudinis
1682 3660 1739 3702 ma·

78 3731 321 3804 impudentissimi,
333 3741 360 3789 et
369 3749 417 3789 ore
429 3733 540 3804 vipereo
550 3734 704 3799 detrabunt,
718 3742 745 3791 et
754 3734 884 3791 letantem
938 3745 1039 3795 mores,
1059 3729 1159 3802 quibus
1174 3746 1284 3801 semper
1298 3741 1416 3787 matrem
1430 3740 1504 3788 tuam
1519 3733 1671 3788 itomanam
1686 3733 1737 3789 Ec·

79 3822 224 3892 crapulam
239 3830 405 3886 eructantes,
423 3822 450 3876 in
464 3823 512 3877 Dei
524 3821 648 3879 Ecclesia
659 3822 694 3878 de
703 3839 750 3878 sua
765 3823 886 3893 pessima
940 3819 1052 3876 clesiam
1067 3817 1238 3884 dilexisti,ct
1248 3821 1412 3890 propensius
1421 3821 1560 3887 audivisti,
1569 3821 1737 3894 legationem

80 3909 252 3967 conscientia
267 3910 351 3966 multa
363 3926 412 3966 ore
426 3910 601 3967 ioetidissimo
620 3919 758 3968 evomunt.
779 3912 887 3968 Posue·
938 3905 1737 3979 apostolicasedisliberalitateapraedecessoribusnostris,

81 3998 257 4071 runtqnippe
265 3999 341 4067 juxta
353 3999 496 4070 impiorum
514 3999 698 4055 testimonium
711 3999 885 4056 mandacium
939 3996 988 4051 tibi
1006 4011 1176 4061 concessam,
1197 4011 1248 4051 nos
1267 4012 1376 4067 quoque
1399 3997 1594 4053 concedimus:
1615 4007 1643 4053 et
1670 3998 1741 4054 sicut

78 4101 158 4158 spem
169 4101 259 4155 suam,
272 4087 467 4143 obtenebratos
478 4087 612 4143 habentes
622 4087 886 4155 oculos,nescientes
939 4084 1047 4140 illomm
1064 4084 1193 4140 habuisse
1208 4085 1394 4157 cognosceris,
1409 4085 1489 4140 itaet
1504 4093 1612 4142 nostres
1631 4086 1734 4142 babere

80 4174 155 4246 quod
171 4173 340 4246 iniquitatem
355 4176 381 4229 in
397 4177 508 4231 excelso
529 4175 684 4247 loquantur,
700 4184 724 4232 el
741 4185 843 4247 ponant
857 4176 885 4230 in
940 4181 966 4229 te
981 4174 1057 4229 vices
1071 4173 1203 4243 deinceps
1216 4173 1351 4239 volumus,
1366 4181 1392 4229 et
1407 4174 1504 4246 gratis,
1524 4174 1659 4246 plenoque
1673 4175 1741 4231 cha·

82 4262 183 4318 caelum
198 4277 231 4318 os
255 4277 344 4328 suum,
374 4270 403 4317 nt
427 4263 520 4333 lingua
543 4280 640 4319 eorum
656 4272 779 4320 transeat
802 4280 887 4335 super
941 4261 1029 4317 ritatia
1044 4261 1140 4317 intuitu
1153 4260 1358 4318 confirmamus.
1376 4262 1416 4317 td
1437 4261 1519 4332 hujus
1532 4268 1623 4317 autern
1638 4271 1741 4320 nostras

81 4358 197 4406 terram.
211 4350 270 4407 Nec
285 4349 382 4406 mirum
397 4352 419 4405 si
435 4351 471 4406 ab
487 4352 527 4406 eis
541 4367 602 4409 cum
615 4353 666 4409 Dei
682 4351 805 4409 Ecclesia
817 4352 887 4407 blas·
941 4349 1131 4407 concessionis
1146 4349 1348 4406 firmamentum
1371 4350 1498 4407 dilectum
1517 4350 1601 4405 illium
1616 4358 1741 4407 nostrum

83 4440 257 4511 phememur,
267 4454 328 4495 com
339 4447 444 4511 patrem
454 4438 720 4497 familiasliommum
733 4440 885 4498 Beelzebub
899 4431 926 4491 D
940 4439 1103 4508 Gregorium
1120 4439 1263 4496 diaconem
1278 4438 1447 4494 cardinalem
1462 4439 1597 4504 misimus,
1618 4454 1699 4510 quem
1714 4439 1741 4494 in

84 4534 219 4582 vocarunt
233 4535 325 4598 patres
339 4542 434 4584 eorum
450 4528 560 4598 (dicitis.
577 4529 621 4598 a).
941 4527 1066 4597 partibus
1077 4526 1132 4582 illis
1145 4528 1346 4598 aliquantisper
1356 4527 1480 4583 volumus
1491 4527 1660 4583 conversari.
1677 4527 1742 4582 Tuae

118 4613 268 4696 Quocirca,
289 4614 391 4671 iratres
407 4616 433 4672 in
450 4616 559 4672 Christo
578 4615 745 4682 charissimi,
774 4625 886 4687 patemo
940 4615 1032 4686 itaque
1048 4613 1209 4671 travcrnlrsu
1228 4616 1405 4682 mandamus,
1424 4624 1453 4671 ut
1485 4631 1546 4673 cum
1568 4615 1665 4670 eodem
1684 4613 1741 4670 lilio

82 4717 132 4757 vos
147 4702 267 4775 alloquio
281 4703 440 4771 salutantes,
458 4705 630 4760 dilectionem
647 4713 766 4760 vestram
785 4705 812 4759 in
827 4705 885 4760 Do·
940 4712 1034 4758 nostro
1048 4703 1191 4759 concilium
1202 4704 1306 4760 studeat
1319 4720 1479 4770 convocare,
1491 4703 1518 4758 in
1529 4717 1594 4770 ouo,
1607 4702 1741 4759 charitats

81 4791 158 4846 mino
172 4805 380 4847 commonemus
395 4799 527 4847 uteorum
543 4793 697 4866 praestigia,
712 4794 734 4848 si
751 4793 820 4849 torte
839 4807 889 4849 vo·
939 4791 1030 4846 predia
1049 4790 1233 4858 confidentes,
1261 4794 1463 4849 communicato
1492 4791 1603 4848 iratrum
1623 4789 1739 4849 consilio

81 4878 124 4934 bis
138 4879 291 4947 arriserint,
312 4880 476 4946 devitantes,
493 4882 623 4937 ltomaaaa
639 4881 770 4938 Ecclesia
792 4883 884 4938 unite·
939 4880 1082 4951 sanctique
1101 4880 1218 4951 Spiritus
1245 4880 1333 4951 gratia
1365 4889 1540 4951 cooperante,
1573 4879 1740 4953 corrigenda

83 4975 138 5023 mm
156 4968 378 5025 constantissime
398 4970 523 5025 teneatis.
548 4969 617 5025 limo
650 4969 750 5024 iratres
769 4969 818 5038 illi,
850 4970 885 5026 de
938 4970 1071 5042 corrigat,
1092 4978 1119 5024 et
1137 4984 1201 5039 quaa
1222 4966 1429 5026 confirmatione
1446 4971 1528 5041 digna
1547 4976 1611 5025 aunt
1637 4967 1739 5024 contir-

83 5056 184 5131 quibos
199 5056 376 5128 scripsimus,
391 5058 464 5129 quod
481 5059 529 5113 Dei
545 5058 696 5113 Ecclesiam
708 5057 846 5124 scindere,
858 5067 885 5114 ct
939 5065 1006 5112 met.
1028 5057 1079 5112 Per
1094 5057 1184 5127 ipsum
1201 5057 1283 5111 etiam
1298 5056 1334 5111 de
1349 5056 1523 5128 promotione
1535 5065 1630 5113 nostra
1640 5072 1689 5112 sen
1704 5057 1739 5113 dc

81 5143 168 5201 altare
187 5144 370 5203 anathematis
402 5144 445 5201 ael
464 5145 663 5201 maledictionis
696 5145 804 5202 vitulum
823 5154 887 5201 sunt
939 5145 1069 5200 scandalo
1088 5145 1160 5215 quod
1176 5145 1203 5199 in
1218 5145 1341 5202 liomaaa
1357 5144 1481 5201 Ecclesia
1510 5145 1610 5202 lactum
1626 5144 1737 5210 audisti,

81 5231 220 5290 iabricara
233 5233 330 5300 moliti,
346 5233 434 5289 macti
451 5234 568 5305 Spiritus
592 5241 619 5289 et
632 5234 745 5305 proprio
761 5243 823 5289 sunt
834 5233 887 5304 ju·
940 5241 965 5288 te
975 5233 1115 5288 reddimus
1124 5233 1284 5298 certiorem
1296 5241 1430 5305 quatenos
1444 5233 1555 5291 dilectio
1569 5244 1617 5290 tua
1626 5243 1654 5290 et
1664 5249 1739 5289 mea·

81 5320 156 5378 dicio
171 5321 357 5378 condemnati.
374 5322 604 5379 Convementibus
619 5337 738 5394 namque
757 5323 887 5379 iratribus
939 5320 1046 5376 dacium
1060 5336 1142 5377 omne
1157 5336 1297 5391 respuere,
1311 5325 1338 5377 et
1350 5320 1471 5378 veritatis
1489 5322 1644 5378 testimonio
1654 5321 1737 5377 iado-

84 5409 189 5466 aostris
202 5425 265 5467 cum
279 5410 355 5468 omni
369 5410 443 5468 clero
464 5411 598 5479 Romano,
622 5425 683 5468 curn
701 5418 795 5484 terque
815 5426 886 5483 qua·
941 5409 1058 5465 hitanter
1073 5408 1164 5465 valeat
1177 5409 1332 5466 adhaerere.

118 5582 272 5656 (ismido
282 5584 620 5651 Petrumciuniacansem,
630 5583 676 5640 lib.
689 5602 729 5649 ru,
740 5585 822 5663 epist.
840 5589 883 5643 st.
