3750 6000
55 267 107 322 ΥΒ

667 269 842 327 nutstota
860 272 906 328 ΕΤ
925 271 1121 329 eutulanus

1662 287 1714 344 att

59 393 107 449 bus
117 393 321 468 gubernantur,
338 411 354 450 a
370 394 443 450 uallo
458 393 645 467 episcoporum
661 393 861 463 absquecano·
874 393 900 456 Α
917 392 1083 461 pertinentiis
1110 392 1173 460 suis,
1203 398 1318 447 castrum
1343 393 1465 449 llontorli
1494 411 1553 450 cum
1591 393 1717 450 carnibus

60 484 116 538 nica
140 484 357 551 examinatione,
387 483 508 540 divinum
532 482 705 538 interdicatur
728 479 860 536 officium.

61 573 197 628 Praeterea
219 573 248 627 in
274 573 413 628 communi
428 572 543 628 civitatis
566 589 613 626 seu
628 571 763 643 parochia·
781 569 865 624 inter·

58 660 138 727 dato,
173 660 275 717 clausis
300 661 392 733 januis
420 670 446 718 et
470 677 524 717 non
548 659 672 716 admissis
696 658 863 722 dioecesanis,

62 757 243 814 ecelesiarum
271 767 420 814 ambarum
436 758 561 814 monachi
585 772 753 827 nequaquam
769 754 863 827 prohi-

59 848 177 903 beantur
190 846 284 903 diuina
299 846 390 903 cilicia
402 847 550 903 celebrare·
570 845 729 916 Quicunque
743 859 864 914 acropro

61 936 197 1007 obsequio
211 952 353 993 serrorum
374 937 423 992 Dei
440 936 467 991 in
482 951 573 992 cremo
591 933 790 990 camaldulensi
814 932 864 991 dc·

58 1026 183 1098 gentium
199 1026 234 1081 ad
250 1024 353 1096 aliquas
369 1034 460 1096 partos
474 1023 652 1097 perrexerint,
664 1032 717 1078 tam
733 1022 759 1076 in
775 1021 864 1077 eundo

59 1130 140 1184 qoam
170 1115 202 1168 in
217 1113 366 1179 redeundo,
385 1131 432 1168 seu
447 1114 527 1169 eham
543 1113 681 1168 instando
697 1111 797 1167 anullo
812 1126 862 1181 pe·

58 1203 126 1258 nitus
141 1202 332 1258 molestentur.
350 1203 433 1258 Porro
448 1218 614 1273 quaecuuque
627 1201 709 1269 bona,
727 1216 861 1270 qnascm-

60 1308 108 1362 que
126 1292 317 1363 possessiones
345 1292 576 1364 inpraesentiarum
590 1290 660 1360 juste
682 1297 761 1359 atque
776 1304 861 1344 nano-

61 1391 117 1446 nice
134 1389 294 1461 possidetis,
309 1399 355 1445 nut
368 1390 396 1444 in
411 1390 538 1458 saturum,
559 1387 735 1445 concessione
752 1386 861 1458 pontiti-

62 1495 130 1547 curn,
163 1478 312 1552 largitione
339 1495 433 1552 regum
466 1480 510 1534 rel
536 1477 698 1550 principum,
726 1476 863 1532 oblatione

62 1567 196 1637 bdelium,
212 1585 261 1623 scu
275 1568 336 1624 aliis
354 1568 544 1639 justismodis,
562 1572 704 1639 praestante
732 1565 859 1630 Domino,

61 1656 187 1727 poteritis
215 1657 338 1730 adipisci,
368 1656 445 1712 firma
459 1656 537 1713 robis
564 1656 711 1725 vestrisque
725 1669 861 1709 successo·

920 482 1087 550 pertinentiis
1101 482 1165 535 suis.
1193 484 1223 537 lu
1252 482 1358 537 ciuitate
1387 483 1492 546 Pisana,
1525 484 1716 539 nronasterium

920 569 1010 626 Sancti
1025 571 1149 635 Zenonis,
1165 571 1240 626 salvo
1256 587 1304 641 por
1328 572 1420 626 omma
1433 573 1494 642 jure
1508 572 1636 627 Romanae
1660 573 1715 627 Ec·

919 657 1019 723 clasiae,
1036 659 1132 713 l'illam
1143 660 1177 713 de
1191 660 1338 727 libatione,
1355 677 1436 730 quam
1451 661 1553 716 emistis
1567 662 1602 716 ab
1616 661 1714 717 abbate

920 755 1025 810 Sanctae
1039 755 1133 823 Florae,
1155 763 1181 811 et
1195 756 1336 812 ecclesiam
1365 758 1485 827 ejusdem
1514 758 1598 813 uillae.
1617 758 1715 813 Villam

918 843 951 898 de
966 845 1106 900 llorlionas
1120 861 1200 915 quam
1216 846 1320 900 emistis
1330 847 1364 901 ah
1379 847 1495 903 ilenrico
1519 847 1673 918 praeposito,
1689 853 1716 901 et

917 932 1026 1002 reliquis
1041 933 1188 998 canonicis,
1205 934 1272 990 sicut
1286 934 1314 988 in
1328 937 1423 989 restris
1450 937 1576 991 clianulis
1590 936 1714 991 contine-

918 1029 969 1089 tur,
995 1030 1021 1076 ct
1048 1022 1188 1077 ecclesiam
1219 1022 1339 1092 ejusdem
1356 1025 1497 1080 rillaecum
1523 1024 1712 1093 decimatione,

917 1109 1125 1167 decimationem
1154 1111 1225 1167 villae
1240 1110 1434 1184 deLargnano,
1464 1122 1489 1168 et
1504 1113 1575 1168 rillae
1590 1117 1674 1185 Agnae
1689 1122 1715 1167 ot

916 1200 1056 1254 ecclesiam
1073 1200 1194 1268 ejusdcm
1209 1200 1293 1257 rillae.
1315 1202 1489 1257 Decernimus
1512 1218 1577 1273 ergo
1592 1210 1620 1255 ut
1648 1202 1713 1256 nulli

916 1288 1026 1342 omnino
1043 1289 1181 1344 hominum
1197 1287 1277 1344 liceat
1292 1289 1449 1361 praedictum
1471 1307 1590 1345 eremum
1606 1300 1632 1345 ct
1646 1307 1714 1346 con-

915 1377 1102 1449 gregationem
1128 1385 1244 1433 vesuam
1272 1387 1370 1434 harere
1395 1379 1560 1448 perturbare,
1583 1388 1627 1434 aut
1655 1380 1714 1450 ejus

915 1474 1097 1545 possessiones
1111 1473 1227 1541 auterre,
1246 1475 1288 1531 rol
1310 1474 1412 1531 ablatas
1427 1476 1551 1543 retinere,
1581 1476 1711 1547 minuere,

914 1587 960 1625 seu
976 1570 1139 1641 quibuslibet
1153 1571 1342 1628 vexationibus
1357 1573 1479 1646 fatigare,
1499 1574 1546 1630 sed
1562 1575 1653 1629 omnin
1668 1574 1712 1629 in-

914 1668 988 1732 tegra
1004 1669 1204 1727 consemeutur,
1234 1661 1422 1735 religiosorum
1447 1662 1570 1729 fratrum,
1600 1672 1626 1718 et
1640 1679 1711 1734 pau·

58 1746 129 1800 ribus
143 1746 174 1800 in
189 1745 288 1802 eadem
311 1744 443 1818 religione
470 1744 689 1817 permanentibus
704 1742 730 1796 iu
759 1758 857 1814 perpe·
872 1747 898 1808 B
914 1765 1007 1821 pamm
1024 1750 1115 1805 usibus
1142 1750 1305 1806 omnimodis
1331 1750 1483 1820 prolatura.
1516 1752 1612 1823 Siqua
1631 1751 1712 1825 igitur

61 1844 131 1889 tuum
146 1844 174 1890 ct
193 1834 297 1890 illibata
310 1842 499 1904 permaneant.
519 1836 548 1889 ln
564 1833 661 1903 quibas
676 1833 732 1888 hac
746 1831 863 1902 propriis

61 1922 219 1977 nominihus
248 1922 401 1978 adnotanda
415 1921 584 1991 sejunximus
600 1941 606 1976 ε
623 1920 763 1976 ecclesiam
787 1919 863 1975 vide-

61 2011 117 2066 licet
148 2011 246 2066 Sancti
261 2012 369 2078 Donati,
400 2027 460 2081 quae
475 2011 545 2066 Fons
563 2011 650 2065 bonus
664 2008 769 2079 dicitur,
798 2023 859 2062 cum

60 2100 187 2170 hospitali
199 2099 365 2156 etomnibas
385 2098 738 2167 suishonis,rnonasterium
755 2097 859 2153 Sanctae

62 2196 149 2252 llariae
161 2197 192 2251 in
206 2197 338 2268 Poplcna,
356 2195 644 2252 monasteriumSaneti
659 2194 727 2250 Petri
739 2194 764 2248 in
776 2193 858 2258 luco,

64 2285 260 2340 monasterium
289 2285 380 2340 Sancti
395 2285 541 2341 satracons
552 2300 629 2339 secus
644 2284 779 2338 ciuitatem
795 2282 859 2337 Flo-

63 2375 188 2441 rentiam,
219 2374 413 2430 monasterium
454 2373 631 2439 hiantismuri,
667 2371 858 2427 monasterium

64 2461 151 2518 Sancti
168 2461 241 2518 Petri
255 2463 284 2517 in
298 2463 417 2532 ceneto,
433 2462 625 2519 monasterium
640 2461 746 2518 Sanctae
768 2459 859 2514 idariae

63 2552 87 2605 in
111 2551 271 2620 Pollicinno‚
296 2551 487 2607 monasterium
515 2550 605 2607 Sancti
628 2549 698 2605 l‘ctri
713 2550 741 2604 in
764 2548 857 2605 Fonti-

62 2650 150 2716 mano,
171 2649 366 2705 monasterium
382 2648 472 2705 Sancti
487 2649 553 2703 lusti
568 2649 597 2703 in
607 2648 736 2713 vulterre,
759 2662 857 2701 mona-

63 2740 169 2793 sterium
194 2737 303 2794 Sanctre
344 2737 435 2794 itariae
454 2738 481 2792 in
508 2739 641 2799 Morrona,
666 2736 856 2792 monasterium

65 2827 150 2883 Sancti
165 2826 298 2896 tamam,
325 2826 516 2882 monasterium
533 2826 623 2883 Sancti
638 2824 774 2881 lliohaelis
788 2823 858 2878 inira

65 2924 196 2980 unitatem
225 2924 356 2992 Pinarum,
381 2924 572 2980 monasterium
596 2922 686 2979 Sancti
710 2920 802 2979 Savini
830 2921 857 2974 in

66 3014 192 3069 emtorio
220 3013 344 3083 ejusdcm
382 3013 509 3081 civitatis,
538 3012 730 3069 monasterium
768 3010 857 3067 Sancti

915 1839 941 1892 in
958 1846 1093 1910 posterum
1122 1838 1300 1895 ecclesiastica
1315 1841 1483 1896 saecularisve
1498 1856 1625 1912 persona,
1641 1842 1711 1897 hanc

915 1935 1011 1983 nosuae
1039 1928 1233 1983 constitutionis
1247 1929 1376 2001 paginam
1403 1929 1501 1999 sciens,
1529 1938 1622 1986 contra
1649 1945 1710 1984 eam

916 2034 1015 2080 temere
1039 2026 1129 2080 uenire
1145 2025 1296 2091 tentaverit,
1321 2026 1438 2081 seeundo
1454 2027 1564 2081 tertioue
1589 2042 1712 2082 commo·

915 2115 980 2178 nita,
996 2115 1017 2168 si
1035 2129 1088 2170 non
1104 2114 1286 2170 satisfactione
1300 2130 1421 2187 congrua
1435 2123 1538 2170 reatum
1558 2131 1634 2169 suurn
1648 2130 1711 2170 cor-

913 2203 1021 2269 rexerit,
1043 2204 1180 2274 potestatis
1207 2203 1370 2273 honorisque
1386 2204 1425 2257 sui
1453 2203 1583 2275 dignitate
1611 2212 1709 2269 careat,

913 2316 1084 2370 reamquese
1111 2301 1225 2356 existere
1253 2299 1344 2355 divino
1370 2299 1473 2369 judicio
1501 2299 1535 2354 de
1559 2308 1711 2371 perpetrata

914 2389 1052 2460 iniquitate
1080 2397 1234 2462 cognoscat,
1265 2388 1516 2443 etasacratissimo
1544 2404 1657 2456 corpore
1685 2395 1712 2441 et

912 2478 1107 2551 sanguinebei
1132 2487 1159 2532 et
1187 2477 1294 2532 Domini
1322 2476 1509 2548 Redemptoris
1539 2477 1621 2532 nostri
1646 2477 1707 2530 Jesu

913 2567 1009 2623 Claristi
1024 2565 1184 2631 alienafiat,
1200 2574 1280 2636 atque
1295 2566 1322 2619 in
1337 2574 1459 2621 extremo
1474 2565 1602 2620 examine
1617 2564 1709 2619 distri-

912 2673 962 2719 ctas
976 2663 1070 2719 ultioni
1081 2661 1228 2732 subjaccat.
1246 2661 1353 2717 Cunctis
1368 2669 1457 2716 auum
1473 2660 1561 2716 eidem
1576 2660 1635 2715 loco
1647 2660 1710 2729 jura

912 2769 959 2808 sua
973 2750 1141 2808 amantibus
1154 2752 1188 2805 sit
1214 2766 1267 2821 pax
1292 2749 1401 2805 Domini
1415 2749 1498 2804 nostri
1525 2749 1587 2803 lesu
1601 2747 1708 2815 Christi,

912 2848 1043 2911 quatenus
1056 2847 1083 2894 et
1097 2840 1141 2895 hio
1157 2838 1272 2893 fructum
1288 2836 1367 2893 bonae
1381 2836 1494 2892 actionis
1508 2836 1665 2907 percipiant,
1682 2842 1710 2889 nt

912 2912 983 2983 apud
998 2910 1146 2965 districtum
1159 2909 1278 2979 judicem
1299 2908 1410 2980 praemia
1425 2916 1533 2964 aeternna
1548 2906 1623 2978 pacis
1636 2906 1710 2964 inve

912 3002 998 3056 aiant.
1018 3003 1115 3064 Amen,
1131 3015 1222 3062 amen,
1238 3013 1330 3053 amon.

66 3101 190 3173 Stephani
204 3103 233 3156 in
248 3102 377 3169 (tintoria,
394 3103 584 3158 monasterium
607 3100 697 3157 Sancti
713 3099 858 3157 salvatoris
872 3113 896 3178 ο
948 3100 1006 3171 Ego
1022 3097 1193 3154 Innocentius
1208 3097 1351 3152 Catholicae
1365 3095 1654 3167 Ecclesiaeepiscopus.

67 3206 91 3243 ra
103 3190 281 3263 tiantignano,
307 3192 499 3246 monasterium
513 3190 603 3247 Sancti
631 3190 700 3244 Petri
715 3189 742 3244 in
756 3189 856 3243 Puteo·

68 3287 310 3355 hamonasterium
340 3290 432 3344 Sancti
447 3288 594 3344 Salvatoris
619 3289 647 3343 in
669 3285 854 3353 silvamunda,

68 3377 251 3432 nomnenum
281 3377 388 3433 Sanctae
414 3376 505 3432 Maria
528 3378 554 3431 in
573 3378 696 3450 Quane,
722 3382 857 3430 monaste·

66 3466 129 3519 num
144 3465 236 3522 &neti
260 3467 330 3521 Petri
346 3467 372 3519 in
388 3466 466 3530 Rota,
483 3466 673 3521 nronasterium
688 3464 778 3520 Sancti
793 3463 857 3520 Sal·

66 3554 158 3610 vabus
175 3554 414 3627 Berardingorum,
445 3555 635 3610 uronastorium
656 3554 746 3610 Sancti
767 3552 856 3624 tigilli

66 3642 187 3715 inbnrgo
201 3642 326 3711 Senensi,
343 3644 534 3698 monasterium
550 3643 641 3700 Sancti
656 3641 725 3697 Petri
739 3643 766 3696 iu
794 3641 855 3697 siro

66 3739 274 3804 montishmiati,
300 3738 376 3796 salua
403 3738 524 3809 ejusdem
539 3740 589 3795 loci
617 3741 725 3811 propria
739 3755 855 3795 consuc-

65 3826 148 3883 tudine
162 3841 171 3897 ;
187 3828 381 3884 monasterium
397 3828 488 3884 Sancti
502 3828 603 3898 Quirini
617 3829 644 3882 in
660 3828 741 3892 Rosa,
757 3842 854 3883 mona·

64 3917 166 3971 senum
184 3916 276 3972 Sancti
304 3917 397 3972 Savini
423 3916 451 3971 iu
478 3916 554 3980 Chio,
576 3932 695 3973 uernum
723 3916 757 3971 ‹le
786 3916 853 3971 Flcri

64 4020 118 4059 cam
132 4020 182 4061 sno
212 4006 387 4073 monasterio,
417 4007 608 4062 monasterium
624 4006 714 4061 Sancti
744 4006 853 4073 l'iriaul,

64 4093 252 4149 monasterium
279 4093 371 4149 Sancti
399 4094 588 4150 bartholomei
616 4095 643 4148 in
675 4094 794 4165 anglari.
824 4097 854 4149 ln

63 4183 215 4254 episcopatu
228 4182 382 4238 Castellaao
410 4182 547 4239 abhatiam
561 4184 678 4251 Dezane,
693 4184 768 4238 salvo
793 4183 853 4253 jure

947 3203 1052 3242 anrura
1069 3202 1132 3253 noS,
1148 3201 1230 3252 naua,
1246 3200 1395 3240 amuranus
1410 3200 1532 3240 uosraa.

947 3287 1005 3358 Ego
1021 3285 1181 3342 Guillelmus
1191 3283 1369 3340 Praenestinns
1384 3282 1526 3354 episcopus
1541 3298 1578 3334 ss.

948 3375 1006 3447 Ego
1022 3375 1128 3429 Maurus
1142 3372 1279 3428 arretinus
1293 3372 1436 3443 episcopus
1449 3387 1483 3425 ss.

947 3465 1006 3537 Fgo
1022 3463 1163 3518 anselmus
1177 3461 1317 3533 presbyter
1331 3459 1474 3516 carrlinalia
1489 3476 1524 3513 ss.

947 3564 1004 3634 Ego
1019 3560 1178 3618 lictifredus
1207 3559 1347 3632 presbyter
1374 3559 1518 3614 cardinalis
1545 3559 1588 3613 tit.
1622 3556 1709 3612 Vesti-

910 3651 1014 3812 aa&
1034 3742 1118 3796 Lucas
1148 3739 1285 3810 presbyter
1304 3738 1447 3794 cardinalis
1475 3738 1516 3793 tit.
1551 3738 1709 3793 Sanctorum

908 3829 1019 3885 loannis
1033 3836 1059 3884 et
1073 3828 1146 3883 Pauli
1161 3843 1197 3881 ss.

946 3919 1004 3990 Ego
1019 3916 1103 3971 Wido
1118 3915 1245 3988 indignus
1258 3916 1384 3971 sacerdos
1397 3933 1433 3970 ss.

946 4016 1004 4088 Ego
1019 4018 1072 4069 tlzo
1093 4012 1231 4084 presbyter
1240 4010 1384 4066 cardinalis
1398 4011 1440 4066 tit.
1462 4011 1563 4067 Sancte
1595 4014 1709 4066 Anasta·

909 4107 956 4161 siaa
969 4121 1007 4159 ss.

945 4196 1003 4266 Ego
1018 4192 1165 4263 Gregorius
1180 4190 1309 4246 diaeonus
1323 4187 1630 4244 cardinallsSanctorum
1643 4187 1708 4243 Ser·

64 4271 217 4327 tlastellana,²
230 4271 364 4339 ecclesie,
389 4273 578 4327 monasterium
590 4272 695 4328 Sancta
711 4273 800 4328 ttnn'ae
826 4274 853 4326 ia
908 4284 946 4357 gij
961 4291 988 4340 ec
1001 4281 1096 4338 panchi
1112 4297 1147 4336 ss.

65 4368 146 4434 trinio,
168 4383 292 4423 eremum
321 4368 412 4424 Sancti
439 4369 509 4425 Petri
522 4369 550 4423 in
577 4370 681 4440 hajolo,
715 4378 853 4425 monaste·

943 4383 1005 4453 Ego
1020 4380 1109 4437 Guido
1125 4378 1268 4435 cardinalis
1282 4377 1412 4433 diaeonus
1428 4376 1518 4432 Sancti
1539 4377 1648 4432 Adriani
1664 4393 1702 4431 ss.

62 4456 124 4511 n'ttm
140 4455 250 4513 Sancte
272 4457 717 4524 Hafiaeinlnsffla‚n10ntslerittsst
749 4461 894 4536 SantitD
945 4473 1003 4543 Ego
1019 4469 1126 4526 Boetius
1153 4467 1282 4524 diaconus
1311 4464 1455 4523 cardinalis
1477 4467 1635 4523 Sanctorum
1656 4466 1708 4521 l'iti

63 4543 148 4601 itariae
176 4543 292 4609 inlacu,
317 4545 510 4602 monasterium
536 4548 628 4603 Sancti
655 4549 751 4620 angeli
776 4549 854 4619 juata
907 4558 1057 4614 ecatoatesti
1073 4574 1108 4611 ss.

62 4641 171 4689 nahum
203 4632 280 4688 Britti
296 4652 302 4688 :
318 4635 509 4690 monasterium
539 4636 644 4693 Sanctae
659 4638 798 4693 Christinae
826 4639 853 4692 iu

943 4649 1001 4720 Ego
1018 4646 1143 4702 vassalus
1169 4645 1300 4701 ‹tineonus
1319 4643 1462 4700 cardinalis
1489 4645 1580 4699 Sancti
1608 4646 1706 4699 Eusta-

60 4730 148 4786 cadern
179 4736 266 4800 carte,
287 4731 315 4785 in
342 4734 460 4789 diarchia
485 4734 622 4790 camerino
662 4737 854 4792 monasterium
907 4736 960 4793 chii
973 4753 1008 4790 ss.

60 4818 144 4877 Sanati
159 4819 287 4893 Georgii,
303 4822 492 4879 monasterium
508 4824 598 4879 Sancti
613 4824 718 4880 llartini
746 4825 772 4880 in
799 4830 854 4882 hc-

944 4835 1003 4906 Ego
1017 4832 1156 4887 liuboldus
1171 4832 1300 4887 diaconus
1322 4829 1467 4886 cardinalis
1482 4830 1587 4886 Sancte
1615 4831 1707 4886 llariae

57 4909 111 4965 nole
125 4925 192 4965 curn
212 4908 327 4965 ecclesia
341 4926 401 4980 quae
415 4910 512 4967 dicitur
519 4912 664 4969 heremite.
679 4915 709 4969 ln
724 4912 855 4970 Sardiniae
909 4924 934 4977 in
951 4923 999 4977 tia
1013 4923 1078 4977 Lata
1093 4938 1128 4976 ss.

58 5006 151 5074 insula,
167 5006 364 5062 monasterium
380 5008 486 5064 Sanctae
499 5009 645 5079 Trinitatis,
659 5011 688 5065 in
700 5011 855 5067 Saccaricc-

55 5096 163 5152 Mam
190 5096 301 5151 Sanctae
329 5096 458 5170 Eugenioe
483 5099 509 5152 in
543 5100 685 5164 Samanar,
714 5100 854 5156 ecclesiam

55 5182 145 5241 Sancti
159 5184 307 5241 flichaelis
332 5192 359 5239 et
372 5185 462 5241 Sancti
475 5187 609 5243 Laurentii
635 5188 661 5243 ia
678 5189 774 5244 l'auori
791 5204 797 5257 ς
813 5208 853 5244 ec·

55 5282 164 5339 etaiam
180 5281 292 5339 Sanctae
317 5284 409 5340 itariae
436 5292 463 5339 et
477 5285 566 5342 Sancti
595 5286 745 5343 loannisct
765 5289 854 5344 Sanc-ti

57 5368 235 5427 annania
265 5369 422 5441 Salreoero,
439 5372 579 5430 ecclesiam
602 5375 692 5430 Sancti
704 5378 807 5433 Nicolai
829 5379 855 5431 in

56 5467 153 5539 imita,
186 5468 333 5526 eudociam
349 5470 440 5527 Sancti
463 5473 532 5528 Petri
547 5472 575 5528 in
590 5474 688 5543 Scano,
716 5478 857 5532 eeclesiam

56 5556 143 5617 Sancti
168 5558 252 5616 Pauli
279 5559 309 5615 in
330 5561 504 5629 Cohoniano,
548 5566 740 5621 monasterium
769 5567 860 5644 Sancti

55 5656 250 5717 hahotnmaei
278 5656 314 5714 de
325 5658 449 5734 anglari,
478 5676 539 5719 carn
568 5671 656 5719 castro
683 5671 710 5721 et
737 5663 862 5720 omnihus

945 5013 1002 5084 Ego
1017 5011 1167 5084 Gregorius
1185 5009 1315 5066 rtiaconus
1327 5007 1471 5064 cardinatis
1486 5008 1592 5064 Sanctae
1615 5010 1707 5065 ilarius

909 5110 936 5163 in
950 5109 1055 5165 Porticu
1070 5126 1108 5163 ss.

945 5198 1041 5253 Datum
1057 5197 1124 5252 Pisis
1140 5212 1311 5268 permanant
1328 5195 1460 5267 dyrnerici
1477 5198 1582 5253 Sancta
1605 5198 1709 5253 Roma-

910 5303 952 5342 nae
980 5285 1106 5341 Ecclesia·
1143 5285 1249 5341 diaconi
1275 5283 1419 5341 cardinalis
1446 5294 1473 5340 et
1500 5288 1663 5349 cancellarii,
1694 5305 1712 5342 a·

911 5383 1024 5439 Kalend.
1040 5381 1269 5448 ilaii,lndictiouc
1281 5398 1345 5449 arar,
1357 5384 1552 5440 iucarnationis
1563 5386 1712 5442 Dominicce

913 5487 983 5527 anno
1014 5473 1090 5539 1137,
1122 5470 1290 5541 pontiticatus
1332 5488 1396 5527 vero
1424 5473 1527 5527 domiui
1565 5474 1714 5529 iunocentii

914 5577 993 5632 papae
1007 5559 1116 5615 secundi
1132 5574 1203 5613 anno
1219 5575 1269 5615 ru.
