3772 6006
146 249 222 309 1783
823 241 996 306 iiUGONIS
1018 241 1172 304 liaustu!
1794 239 1848 299 titt
1879 255 1881 282 ³

143 383 417 454 centimeter-cup),
438 397 502 453 qum
520 379 585 434 tilla
605 379 833 434 ultruSunctum
851 376 1122 448 hindar-Abeum,
1149 383 1177 433 et
1203 376 1354 434 Dominam
1380 379 1512 432 nostram
1540 372 1849 447 DciGenitricempru
1878 397 1881 410 ·

143 478 213 530 dnm
230 479 283 539 est,
299 479 328 529 et
343 473 401 541 jam
427 474 555 526 montem
572 469 734 525 ascendens
750 468 820 524 durn
835 468 966 525 altitudi·
1019 466 1126 539 populo
1146 465 1358 538 supplicantem
1380 465 1500 532 vidisse,
1528 468 1567 519 nt
1597 462 1778 535 dignaretur
1795 463 1849 520 bant
1867 460 1876 477 “’

142 580 208 620 nem
220 562 396 631 nititurejus
406 558 695 632 apprehendere;sio
707 558 820 615 inutilis
830 558 965 615 manibus
1020 554 1099 612 bunc
1118 556 1252 612 morbum
1269 553 1408 627 apopulo
1429 558 1570 611 evertere
1597 560 1628 610 et
1656 552 1735 609 banc
1759 553 1850 609 asinul-
1876 623 1879 632 Δ

142 652 302 725 etpedibus
313 650 401 722 coepit
412 649 473 704 lieri
487 653 516 704 et
533 646 673 705 membris
684 647 827 718 contrahi,
842 656 872 704 ut
884 647 965 706 omni
1020 644 1080 700 lam
1104 661 1167 717 que
1191 645 1337 701 acciderat
1352 643 1478 712 auterre,
1502 649 1535 701 ct
1560 644 1602 699 ad
1629 640 1691 699 hoc
1712 641 1848 699 utiliusne
1875 671 1878 710 5

143 742 280 800 facultate
308 739 421 796 itineris
449 737 486 793 ad
515 738 633 793 domurn
657 738 822 795 reducentis
847 741 964 810 negata,
1019 753 1193 809 responsum
1218 738 1343 811 benigne
1366 737 1536 809 accepisse:
1562 737 1676 804 Mater,
1693 743 1846 792 tuernout
1872 735 1876 740 ’

142 830 313 903 compulsus
330 829 367 884 sit
385 843 452 883 oum
463 826 599 899 lacrymis
614 831 742 898 repetere
757 826 859 884 orbem
874 827 964 884 Sues·
1019 827 1108 898 redo,
1123 826 1173 890 tot
1195 826 1285 884 omnis
1308 827 1435 883 volontas
1453 836 1513 884 too.
1538 824 1628 882 Dum
1645 825 1722 883 item
1741 827 1845 898 queritur

142 920 325 988 sonieam,et
334 915 505 973 memoriam
517 916 607 972 beato
623 915 718 972 biario
736 914 864 988 Virginis
875 932 963 988 quam
1019 915 1119 972 eedem
1136 916 1215 990 virgo
1240 916 1323 973 beata
1346 932 1432 989 super
1454 916 1549 972 domo
1576 931 1638 971 sua
1664 931 1734 987 que
1757 915 1845 971 viliart

141 1008 340 1082 ipsemendax
355 1007 385 1062 in
402 1006 503 1062 vadem
520 1003 896 1078 reliquerutetopemsjus
911 1006 964 1061 lla·
1020 1004 1132 1076 abjecta
1147 1021 1205 1078 prs
1219 1004 1332 1062 ceteris
1350 1009 1427 1074 erat;
1444 1004 1515 1061 item
1533 1020 1554 1060 a
1577 1002 1658 1061 Filio
1674 1020 1731 1060 suo
1746 1005 1844 1072 redirit,

140 1099 244 1171 gitare.
263 1102 335 1154 Num
350 1095 484 1168 pertinax
499 1099 528 1150 et
543 1094 672 1168 pertidus
688 1111 747 1152 non
762 1094 851 1151 semel
867 1099 965 1151 teuta·
1019 1094 1528 1167 quoddetransmarestdetrans
1547 1092 1698 1151 Rhenum
1715 1094 1842 1167 pecuniru
1879 1153 1883 1170 .

140 1196 230 1255 verat,
247 1188 331 1258 quasi
353 1191 498 1256 torporem
520 1183 665 1241 casualem
680 1193 707 1240 et
723 1184 931 1242 accidentalem
947 1200 965 1240 a
1020 1183 1127 1240 iaceret
1141 1183 1249 1252 ellerri,
1271 1184 1307 1240 de
1322 1199 1382 1257 qua
1396 1183 1502 1240 dumus
1517 1183 1595 1255 ejus
1611 1183 1843 1247 aedificaremus

142 1292 173 1331 se
184 1278 428 1345 exenters,etquo
439 1271 729 1344 ampliusnititnr,eo
740 1271 966 1346 ampliusimpe·
1020 1274 1050 1329 ln
1065 1274 1197 1329 omnium
1212 1271 1304 1330 oeulis
1320 1271 1540 1345 respicientium
1558 1271 1707 1329 claritate
1722 1282 1842 1346 magnast

142 1362 964 1436 ditur,doneesolavexatieintelleetumdeditauditum,
1019 1361 1513 1435 gloriaillustrareteam;populo
1539 1361 1638 1419 etism
1657 1362 1843 1419 suessionensi
1876 1408 1882 1417 .

142 1456 210 1528 quia
234 1453 345 1525 regredi
367 1453 403 1508 ad
427 1452 636 1509 monasterium
658 1451 772 1510 lucillus
788 1458 911 1526 poterat,
927 1451 964 1508 ad
1020 1450 1097 1507 mola
1111 1451 1226 1508 evenire
1249 1468 1284 1509 ex
1299 1458 1380 1523 porte
1396 1450 1444 1508 oei
1469 1449 1628 1524 praedixit,
1647 1452 1723 1524 quia
1737 1467 1792 1507 soe
1804 1452 1842 1507 tis·

142 1559 225 1599 suam
237 1555 304 1597 vere
317 1540 437 1596 domum
447 1540 583 1613 progredi
594 1540 692 1598 omnis
707 1540 828 1598 iscultas
838 1541 965 1615 negaba·
1021 1539 1135 1597 nitrieis
1149 1540 1301 1598 eeclesiam
1318 1557 1375 1598 non
1390 1539 1534 1596 reticeret.
1554 1539 1594 1596 Et
1613 1541 1743 1612 quidem
1759 1540 1843 1597 mutter

144 1639 203 1689 tur.
219 1631 346 1686 Tandem
360 1629 485 1685 vinculis
496 1630 624 1701 perfidie
640 1647 700 1687 sua
715 1629 824 1704 ligatus
839 1632 966 1701 rediens,
1021 1643 1056 1685 ex
1071 1630 1171 1686 eadem
1186 1629 1259 1686 urbe
1274 1628 1351 1702 ignis
1366 1627 1485 1695 invasit,
1501 1643 1571 1701 quas
1589 1633 1620 1685 et
1636 1628 1743 1700 qualis
1758 1635 1844 1685 restent

142 1719 186 1776 vel
199 1717 450 1790 potiusavindice
461 1734 519 1775 sus
535 1719 662 1791 pertidia
673 1724 816 1793 potestate
827 1721 966 1778 reductus
981 1710 1005 1777 B
1021 1718 1179 1776 nescimus.
1204 1719 1298 1791 Hujus
1321 1726 1417 1775 antem
1442 1717 1572 1775 visionis
1594 1722 1660 1775 tarn
1683 1717 1714 1775 in
1736 1718 1844 1776 cleritatu

143 1809 179 1865 ed
191 1807 363 1864 memoriam
375 1807 465 1864 beatu
480 1807 530 1865 Det
542 1809 692 1880 genitricis
703 1808 892 1878 martenum
903 1811 967 1882 ejus
1021 1825 1081 1883 qua
1094 1810 1234 1866 exeolitur
1248 1807 1285 1865 ab
1300 1809 1381 1866 omni
1397 1812 1524 1866 catalect
1539 1824 1616 1866 seru
1635 1812 1669 1864 ct
1684 1808 1845 1876 conditione,
1874 1842 1878 1849 ·

143 1914 209 1954 cum
235 1895 372 1967 lacrymis
401 1897 493 1953 altare
516 1896 714 1969 amplectitur,
739 1899 905 1971 recognitus
930 1899 967 1956 ab
1021 1916 1110 1974 quam
1133 1900 1163 1957 in
1185 1900 1268 1973 copia
1290 1914 1445 1957 munerum
1465 1902 1494 1954 et
1508 1896 1720 1970 oblationum,
1742 1904 1846 1956 tetsout

144 1986 241 2059 operis
262 1985 432 2058 preposito:
454 2007 468 2036 e
484 1986 567 2041 Tune
585 2002 628 2053 es,
643 1987 752 2060 inquit,
774 1987 853 2044 taber
869 1992 968 2045 noster
1020 1994 1118 2062 testes,
1134 1994 1206 2062 quot
1220 1989 1307 2047 bodie
1332 1988 1508 2060 superstites
1534 1987 1591 2059 qui
1615 1988 1726 2045 videre
1750 1987 1843 2046 volout
1871 2020 1874 2025 -

144 2077 280 2132 desertus
295 2083 321 2130 et
341 2074 489 2130 mendax?
504 2096 519 2124 »
536 2106 569 2117 -
582 2096 596 2125 «
613 2076 672 2148 Ego
688 2075 737 2132 ille
760 2093 838 2144 snm,
859 2077 967 2150 inquit,
1021 2079 1095 2136 Nam
1111 2095 1182 2152 puer
1196 2095 1227 2136 se
1247 2084 1314 2153 post
1332 2078 1418 2152 paulo
1441 2078 1625 2134 moriturum
1654 2093 1725 2136 esse
1739 2083 1845 2135 testetur

145 2163 246 2219 inlolix
268 2165 297 2218 et
326 2162 430 2219 miser:
461 2165 490 2219 ot
522 2179 591 2220 rena
617 2165 706 2221 beate
733 2163 872 2238 Virginis,
902 2183 967 2240 quo
1021 2173 1077 2240 est,
1093 2169 1389 2240 etltaercnit,neqne
1401 2182 1535 2224 mensem
1550 2167 1739 2240 supervixit,
1755 2168 1845 2224 miron

146 2252 421 2323 modoamejnstns
440 2268 541 2324 prenae
556 2253 655 2326 exigit,
673 2271 748 2327 quas
763 2257 864 2313 merito
880 2257 968 2314 utin·
1021 2264 1120 2316 antem
1136 2256 1218 2315 raldo
1237 2266 1264 2315 ct
1282 2258 1318 2314 de
1342 2257 1398 2315 hoe
1413 2272 1502 2329 puero
1523 2261 1601 2324 eret,
1619 2257 1706 2329 qnod
1723 2256 1760 2314 ab
1779 2257 1846 2312 initia

147 2341 368 2415 presentiarum
395 2343 514 2398 cortinis
538 2344 680 2400 sustineo.
703 2343 749 2401 Sie
773 2346 850 2402 enim
875 2351 904 2404 et
925 2345 968 2402 sie
1022 2348 1256 2405 mundiomnem
1270 2345 1424 2403 historiam
1447 2347 1578 2402 veterem
1605 2349 1758 2416 retexens,
1773 2349 1846 2402 tutan

148 2433 216 2490 lecit
231 2431 302 2488 mihi
317 2437 411 2491 Deos:
434 2448 513 2489 nuno
529 2448 594 2490 reru
610 2434 749 2506 promitto
767 2436 821 2493 lieo
837 2444 864 2493 et
877 2437 969 2494 beatas
1022 2437 1222 2495 narrationem
1238 2452 1323 2493 auam
1338 2437 1448 2494 cursim
1464 2434 1628 2492 rhithmice
1646 2435 1847 2508 digerebatllr

147 2521 270 2594 Virgini,
290 2526 319 2578 et
334 2532 453 2594 paratus
479 2538 546 2579 sum
570 2522 596 2579 ei
621 2526 681 2580 toto
704 2524 802 2580 animo
823 2530 874 2581 aut
888 2526 968 2582 omni
1023 2543 1097 2585 nova
1111 2526 1199 2584 etiam
1218 2525 1282 2600 lege
1296 2530 1406 2583 tertam
1422 2525 1576 2598 Evangelii
1592 2529 1624 2583 et
1640 2531 1733 2584 aetus
1750 2526 1848 2584 Domini

149 2611 205 2668 sita
221 2628 285 2668 meo
300 2611 418 2679 servire,
439 2616 553 2671 tantum
568 2619 602 2670 ut
616 2613 759 2685 respicere
775 2630 819 2671 me
833 2615 970 2688 dignetur
1023 2615 1066 2674 sio
1090 2615 1192 2674 ordine
1215 2616 1395 2686 recensebat,
1423 2619 1567 2686 tunquam
1599 2615 1710 2671 omnia
1738 2615 1769 2672 in
1790 2615 1847 2670 littra

149 2701 317 2775 propitiast
339 2699 503 2758 misericors
517 2702 650 2769 llomina,
665 2707 694 2760 et
709 2703 797 2776 hujus
811 2705 886 2760 tanti
902 2719 970 2777 pec·
1023 2706 1132 2778 legeret
1146 2704 1295 2763 etdietata
1309 2703 1346 2761 ab
1362 2703 1428 2762 aliis
1442 2703 1671 2777 pronuntiaret.
1688 2704 1785 2778 Super
1796 2720 1847 2760 ssu·

149 2790 254 2846 catoris
270 2789 451 2846 misereatur.
465 2812 479 2840 »
497 2795 569 2846 Dum
581 2791 642 2848 haec
653 2808 719 2848 eum
736 2792 872 2865 lacrymis
887 2799 914 2851 et
925 2811 971 2849 ru·
1024 2794 1123 2852 ctitate
1136 2795 1223 2851 stiam
1238 2802 1266 2851 et
1289 2793 1453 2865 virginitate
1471 2791 1584 2865 loseph
1605 2793 1665 2864 qui
1686 2793 1744 2850 loit
1762 2799 1845 2850 enstm

147 2878 210 2951 gito
237 2877 384 2950 amplexus
407 2878 499 2935 altaro
525 2880 668 2948 obsecrat,
690 2879 831 2938 liberatus
856 2883 892 2938 ab
914 2882 969 2939 hae
1023 2887 1051 2940 et
1065 2899 1194 2955 sponsus
1212 2898 1300 2940 sacre
1317 2881 1454 2954 Virginis,
1479 2881 1558 2937 inter
1583 2886 1700 2940 cetera
1726 2883 1786 2941 ait:
1805 2882 1845 2950 0ss

148 2981 302 3023 nervorum
318 2968 524 3038 contractione,
541 2969 729 3027 stabilitatem
745 2970 776 3027 in
791 2970 907 3028 servitio
922 2976 969 3029 te·
1023 2975 1095 3030 tenet
1109 2982 1244 3044 sceptrum
1263 2972 1388 3043 {lareriis
1408 2973 1505 3042 virore,
1528 2974 1627 3028 castor
1648 2981 1714 3029 eret
1736 2973 1845 3045 pluriora

146 3071 231 3124 nens,
247 3056 375 3113 seeundo
388 3057 448 3129 jam
465 3072 522 3114 non
538 3062 583 3115 est
596 3074 687 3116 ausus
703 3061 829 3119 mentiri.
983 3028 1005 3098 c
1022 3061 1130 3134 puello.
1147 3060 1367 3118 semiramem
1384 3058 1636 3134 legimusJoseph
1651 3060 1756 3119 liorem
1772 3060 1844 3133 virgi·

319 3145 369 3202 rx.
385 3147 520 3216 bencera
536 3149 565 3203 tn
581 3147 686 3206 uitione
700 3158 792 3223 rapto.
1021 3150 1122 3208 nitatis
1151 3149 1291 3220 tenuisse,
1320 3166 1371 3223 per
1399 3165 1488 3221 quem
1516 3148 1607 3206 etiam
1644 3149 1740 3207 beate
1764 3150 1843 3207 liaris

181 3236 259 3292 inter
283 3234 366 3292 initia
388 3236 599 3295 benedictionis
620 3238 709 3310 hujus
728 3238 965 3302 astituecense,
1022 3239 1196 3314 virginitatis
1219 3239 1410 3298 assertionem
1434 3238 1587 3310 acciperet.
1614 3237 1804 3298 Ronorantcr
1821 3244 1843 3293 et

144 3323 261 3395 quidam
272 3340 343 3396 puer
354 3325 511 3397 undennis,
526 3336 784 3399 pecorumcuatos,
798 3329 905 3384 ardens
916 3345 964 3401 pe·
1021 3329 1067 3386 hie
1096 3329 1172 3387 dona
1200 3329 1320 3401 antiqua
1343 3330 1437 3386 saneti
1465 3326 1604 3399 Spiritus,
1631 3326 1687 3401 qui
1713 3333 1843 3401 pastorem

143 3412 230 3467 dibus
252 3428 269 3467 a
293 3418 384 3469 matre
408 3431 461 3469 sua
484 3417 623 3472 advectus
644 3424 698 3485 est,
720 3433 830 3490 paucos
845 3419 907 3476 dies
924 3421 964 3478 ibi
1019 3434 1142 3491 puerum
1163 3417 1290 3491 implens
1310 3417 1492 3475 citharistam
1516 3415 1587 3473 lacit
1611 3424 1643 3472 et
1670 3416 1840 3490 prophetam.

142 3499 221 3567 lucit,
237 3505 265 3557 et
280 3502 407 3558 remedio
430 3503 540 3560 doloris
563 3511 693 3578 accepto,
717 3507 752 3563 ad
778 3507 899 3565 domum
919 3525 965 3567 re·
1020 3508 1094 3566 Dum
1110 3508 1172 3567 hec
1185 3525 1254 3582 ergo
1276 3515 1332 3565 tam
1349 3507 1464 3580 copiose
1482 3510 1632 3577 narraret,
1653 3506 1732 3564 sicut
1751 3507 1843 3562 flarius

141 3597 241 3645 rectus
264 3594 315 3647 est.
340 3591 409 3647 Erat
432 3597 531 3650 aulem
554 3593 589 3650 de
610 3594 744 3654 Vallibus
765 3599 878 3672 (Vnus),
900 3616 963 3671 que
1018 3604 1131 3656 torrens
1145 3614 1233 3671 quem
1247 3597 1372 3671 Spiritus
1388 3595 1504 3655 Domini
1522 3595 1615 3667 cogit,
1636 3596 1748 3655 clausis
1761 3595 1840 3654 oculta

142 3677 212 3734 villu
238 3685 283 3736 est
307 3678 384 3738 ultre
412 3682 542 3739 Axonam
571 3683 694 3743 interius
713 3686 800 3759 juxta
824 3687 963 3760 riparium
1018 3692 1159 3760 tanquam
1189 3688 1285 3746 lucem
1319 3685 1519 3744 transitoriam
1555 3701 1686 3756 exosas3
1715 3685 1796 3744 laicis
1817 3690 1839 3739 et

144 3764 277 3836 ejusdem
300 3768 396 3838 lluvii;
421 3770 471 3827 sed
491 3773 560 3828 dum
584 3776 658 3830 nutu
678 3775 774 3832 divino
795 3792 865 3848 puer
884 3775 963 3834 idem
1017 3775 1173 3834 illitteratis
1187 3778 1233 3834 ria
1253 3776 1430 3851 dignabatur
1444 3774 1538 3831 lacere
1552 3776 1692 3842 verbum,
1707 3780 1837 3848 tanqosm

139 3870 197 3911 non
222 3855 378 3913 immemor
400 3860 474 3915 tanti
497 3860 631 3918 beuellcii
654 3863 797 3937 flagitaret
818 3865 963 3922 desiderio
1016 3865 1213 3939 ignorantiam
1239 3882 1342 3923 eorum
1368 3869 1523 3938 pertesus,
1546 3863 1598 3936 qui
1615 3879 1728 3938 magna
1742 3871 1770 3920 et
1783 3879 1840 3936 pm·

139 3944 264 4000 viseudse
280 3946 386 4002 domus
397 3948 486 4005 beate
502 3950 643 4023 Virginis,
656 3957 684 4009 et
698 3969 787 4026 super
802 3955 854 4011 hoo
868 3954 964 4028 quoti·
1016 3955 1104 4013 lunda
1119 3956 1198 4013 intus
1222 3956 1359 4013 audiebat
1379 3959 1409 4012 et
1433 3954 1532 4010 lumen
1556 3968 1617 4009 non
1642 3952 1737 4026 hujus
1751 3951 1838 4009 secoli

140 4033 186 4089 die
209 4033 347 4091 molestus
373 4041 495 4095 matrem
520 4046 697 4113 perurgeret,
720 4047 752 4099 ut
777 4043 963 4102 Suessionem
1016 4042 1196 4102 intuebatur.
1213 4044 1267 4110 Qui
1282 4050 1380 4102 autern
1403 4042 1516 4115 linguas
1537 4040 1705 4098 infantium
1722 4041 1837 4099 lacitdi·

140 4122 224 4194 quasi
239 4140 290 4196 pro
314 4125 476 4197 gratiarum
492 4129 606 4187 actione
625 4131 720 4188 redire
738 4133 895 4203 deberent3
912 4134 963 4191 illa
1016 4139 1121 4205 sertas,
1137 4144 1165 4192 et
1186 4134 1305 4192 intirma
1329 4133 1434 4192 mundi
1457 4133 1538 4206 eligit
1563 4138 1595 4191 ut
1620 4136 1711 4192 tortia
1732 4148 1839 4210 queque

140 4214 257 4286 penitus
274 4229 331 4269 non
350 4217 564 4288 acquiescente,
581 4218 651 4292 quia
668 4221 861 4294 sano.inquit,
879 4223 962 4298 eopia
1016 4226 1186 4294 contundat,
1207 4223 1294 4282 etiam
1316 4223 1394 4281 huuc
1415 4228 1520 4281 testem
1543 4240 1605 4281 sue
1622 4223 1840 4298 glorificationis

139 4317 199 4358 non
214 4301 311 4371 dator,
327 4301 430 4360 saltem
453 4306 611 4365 necessitas
631 4309 763 4366 redivivu
779 4310 961 4370 infirmitatis
1017 4313 1111 4371 lacere
1125 4313 1263 4387 dignatus
1278 4317 1332 4370 est.
1351 4313 1510 4371 Constituti
1521 4313 1613 4386 igitur
1624 4323 1761 4388 tempore
1772 4313 1841 4372 teti·

141 4390 295 4462 compellat
316 4394 393 4464 qnod
416 4395 487 4451 satis
510 4396 688 4454 desideranti
709 4403 961 4472 negatur3audint
1017 4402 1108 4461 monii
1136 4403 1261 4476 expleto,
1287 4408 1319 4460 ut
1344 4404 1485 4471 diximus,
1509 4408 1577 4476 post
1597 4403 1690 4474 paulo
1706 4403 1841 4462 decessit:

143 4494 188 4535 me
202 4479 251 4550 qui
266 4480 494 4540 intueturcorda
508 4489 536 4540 et
551 4485 694 4544 desideria
709 4494 903 4560 peecatorum.
920 4492 963 4547 tte
1016 4493 1102 4564 eujus
1118 4493 1204 4548 etiam
1221 4492 1324 4549 taciem
1338 4495 1419 4550 tanta
1433 4493 1528 4564 gratia
1543 4492 1719 4564 perfuderat
1738 4500 1772 4552 ot
1785 4510 1842 4550 cau·

144 4568 218 4623 hune
233 4584 332 4626 vocem
348 4572 449 4630 statim
469 4574 555 4646 crapit
573 4576 719 4647 prioribus
741 4580 895 4637 tormentis
917 4596 964 4637 ve·
1017 4581 1086 4637 dure
1100 4589 1129 4638 st
1148 4581 1278 4638 claritate
1298 4581 1396 4639 vultos
1421 4580 1586 4654 angelicum
1609 4582 1716 4640 nescio
1737 4584 1843 4656 quidet

141 4654 214 4720 anri,
230 4654 295 4726 igne
310 4658 428 4715 tabillco
439 4660 502 4732 jtam
518 4661 692 4736 depascente
706 4682 809 4724 carnes
825 4668 964 4742 ejusda-
1018 4670 1146 4730 divinum
1163 4672 1337 4744 assignaret.

141 4743 217 4818 pavit
233 4754 321 4804 mater
335 4751 373 4816 et,
388 4750 549 4821 posthabita
564 4752 695 4810 omnium
711 4771 791 4830 eura,
809 4758 845 4817 ad
861 4759 963 4815 urbem
1173 4760 1209 4819 X.
1226 4761 1264 4817 os
1277 4766 1354 4818 muto
1367 4776 1417 4834 per
1431 4762 1566 4818 outonem
1578 4768 1694 4819 sonmo.

142 4836 323 4909 domumque
350 4837 440 4897 beatas
464 4839 594 4914 Virginis
618 4843 725 4915 pariter
749 4848 963 4921 regrediuntur.
1052 4851 1123 4907 Tres
1143 4859 1216 4907 muti
1231 4851 1266 4907 ad
1281 4851 1415 4909 eamdem
1435 4850 1608 4909 memoriam
1635 4855 1735 4910 &etse
1758 4853 1844 4909 Maria

142 4923 184 5025 lix
199 4924 321 4996 pristina
336 4925 571 5002 igiturpassione
585 4940 614 4987 et
628 4934 763 5005 presenti
779 4936 965 4994 renovatione
1017 4939 1146 5014 Virginis
1179 4942 1368 5012 advenerant,
1403 4940 1454 5014 qni
1482 4941 1554 4998 dnm
1581 4944 1671 4998 noete
1699 4942 1792 5016 sopiti
1819 4943 1842 4998 iu

138 5028 202 5083 pam
217 5020 298 5072 artus
312 5016 377 5089 ejus
393 5019 513 5076 inutiles
531 5020 739 5093 eilloiebanlur,
755 5028 785 5080 el
800 5030 897 5083 tamen
912 5041 963 5083 ae·
1017 5031 1140 5090 ecclesia
1165 5031 1310 5104 jacerent,
1335 5048 1413 5089 unus
1439 5048 1540 5090 sorum
1567 5031 1685 5091 visione
1710 5033 1844 5091 turbatus

143 5102 238 5158 cundo
262 5105 371 5177 accepit
382 5108 507 5180 gratiam
521 5106 701 5167 liberationis
712 5117 740 5168 et
750 5113 966 5174 suaveshebuit
1018 5138 1121 5180 somno
1148 5122 1303 5192 excutitur,
1329 5135 1528 5180 seposueram
1557 5122 1594 5179 ad
1624 5121 1722 5181 altere
1750 5123 1843 5197 tingue

143 5199 316 5291 romescot
335 5196 370 5251 ed
392 5195 559 5270 ingressum
579 5199 775 5272 processionis
797 5205 963 5262 matriace-
1017 5212 1135 5270 insolita
1168 5212 1339 5284 plenissime
1372 5211 1461 5286 erepit
1491 5211 1545 5269 larl
1572 5215 1603 5269 et
1635 5213 1734 5282 gratia
1766 5226 1842 5287 agere

144 5278 248 5347 olestre,
273 5285 344 5341 dnm
363 5286 500 5361 frequens
526 5289 611 5346 turba
634 5292 801 5362 comitator,
825 5310 843 5351 a
866 5293 964 5367 quiete
1016 5300 1107 5358 beate
1128 5298 1253 5375 Virgini,
1280 5304 1310 5360 et
1331 5301 1465 5359 ordinem
1488 5317 1550 5358 sus
1574 5300 1766 5361 liberationis
1791 5317 1841 5360 sua

143 5384 282 5427 exeussus
302 5373 338 5429 ub
358 5376 520 5446 gratiarum
543 5380 686 5437 actionem
707 5383 817 5456 rumpit
832 5384 964 5442 clamori·
1017 5389 1139 5450 adicere.
1158 5390 1277 5448 Scilicet
1296 5391 1367 5448 dnm
1385 5390 1468 5462 gravi
1484 5406 1589 5448 somno
1604 5390 1767 5464 premitur,
1787 5392 1842 5447 dua

145 5460 200 5518 bus
223 5460 341 5532 ethere,
365 5472 393 5522 et
423 5467 452 5523 in
477 5485 509 5526 se
533 5470 678 5529 celebrata
706 5472 800 5530 denuo
824 5476 965 5536 beneficis
1017 5480 1159 5538 columbe
1179 5486 1338 5552 caeperunt,
1356 5484 1391 5536 ut
1409 5478 1645 5548 sibirldebatur,
1662 5495 1756 5536 norea
1771 5478 1842 5536 illios

145 5554 278 5626 testetur,
294 5559 403 5622 narrat,
418 5560 446 5613 et
461 5558 598 5616 omnibus
614 5576 645 5617 se
661 5569 774 5634 raptum
791 5562 881 5622 luisse
896 5571 965 5625 ante
1017 5571 1173 5643 scalpendo
1197 5568 1369 5637 subvellere,
1385 5569 1421 5627 ad
1443 5571 1530 5642 quim
1547 5570 1670 5628 terroris
1684 5570 1842 5645 impulsum
