3772 6006
71 247 150 313 1625
550 200 760 319 baudastis
782 250 937 315 PONTIF.
959 250 1073 315 auch.
1098 284 1134 300 ·-
1156 252 1232 315 bib.
1254 252 1290 315 V.
1689 243 1770 308 leae

67 382 158 454 Cujus
174 384 214 441 rei
228 384 369 443 studiosis
382 385 541 445 lectoribus
564 391 645 446 tanto
664 386 891 446 inextricabilior
903 392 931 457 Α
944 385 1147 458 principalium
1171 386 1316 444 virtatem.
1333 387 1433 443 Exstat
1448 389 1476 443 et
1500 385 1590 443 codex
1618 381 1681 455 ejus
1708 397 1767 438 non
1795 382 1801 401 '

67 471 228 529 obscuritas
253 475 454 546 pretenditur,
479 481 589 549 quanto
619 478 711 534 rarior
739 478 891 533 doctorum
946 470 1766 549 ignobiliaDcoeaigmctibur,poetaesymphoriiemulus,

68 563 265 620 numerositas
289 565 443 636 reperitur.
460 565 518 622 Sed
543 566 578 622 de
591 567 637 624 his
652 566 763 640 prolixo
779 566 890 624 ambitu
946 569 1063 620 centurn
1080 564 1173 621 titulis
1188 569 1216 621 et
1231 566 1364 621 versibus
1376 563 1455 621 mille
1470 561 1634 619 distinctus.
1647 559 1766 617 Utrius-

67 651 222 708 verborum
239 653 390 726 disputare
418 654 585 728 epistolaris
608 657 745 729 angustia
768 656 892 712 minime
946 670 1003 725 qne
1018 656 1113 726 operis
1130 656 1328 728 praelationem
1339 655 1473 712 versibus
1487 651 1703 710 recurrentibus
1719 649 1765 706 in-

67 740 327 812 cinit3qnomodc
340 742 474 800 videlicet
487 743 799 817 ipsiusmetricaeartis
814 745 893 801 olan·
946 744 1232 816 genioseintexuit3
1254 754 1285 802 ut
1314 746 1343 802 ln
1368 745 1419 801 illc
1454 745 1492 800 Dc
1520 742 1661 812 uirginum
1685 739 1766 796 lauda
1853 810 1857 817 Ι

68 831 181 888 destina
196 831 392 889 instrumenta
403 832 519 901 litteris,
535 834 668 909 syllabis,
680 835 813 908 pedibus,
825 851 891 908 poe-
945 832 1031 890 istius
1049 851 1148 891 versus
1163 834 1285 892 littere:

67 920 135 977 ticis
151 921 267 992 liguria,
278 921 420 989 versibus,
430 924 517 990 tonis,
530 924 713 997 temporibus
728 925 893 997 conglome·
980 923 1090 980 dietrice
1100 926 1203 980 tirones
1217 940 1292 980 accc
1304 927 1432 997 promont
1443 921 1569 979 carmina
1584 923 1683 989 corbe,

66 1010 890 1086 rantur.Poetioaquoqueseptenasdivisionisdisciplina,
945 1011 1077 1086 singulos
1093 1030 1193 1070 versus
1211 1014 1388 1082 prelationis
1404 1031 1421 1068 a
1443 1014 1539 1085 rapite
1553 1012 1588 1068 ad
1614 1012 1702 1066 linem
1721 1007 1764 1064 in·
1860 1072 1863 1077 ¹

69 1097 126 1155 hoc
141 1102 184 1154 est
199 1098 364 1171 acephalos,
380 1101 506 1172 procilos
532 1117 599 1158 cunr
622 1103 746 1171 catoris,
763 1101 891 1175 qualiter
944 1101 1094 1173 choarent,
1105 1103 1272 1175 eaedernqne
1285 1120 1336 1175 per
1351 1118 1506 1160 numerum
1518 1115 1655 1156 versuum
1672 1104 1765 1154 retro·

66 1186 374 1259 varietur,quiversus
385 1192 570 1260 monostemi,
582 1191 826 1264 quipentastemi,
838 1196 888 1263 qui
944 1195 1013 1246 acta
1035 1192 1167 1249 eumdem
1198 1207 1315 1250 versum
1340 1192 1521 1265 effingerent.
1550 1190 1638 1247 Porro
1663 1187 1692 1242 in
1716 1185 1766 1243 illo

65 1276 225 1332 decastemi
252 1282 329 1334 certa
358 1278 466 1349 pedum
486 1280 843 1352 mensuraterminantur,
860 1285 889 1337 et
945 1277 981 1333 lle
1007 1279 1200 1350 anigmatibus
1233 1279 1317 1335 aliter
1354 1279 1530 1351 conjunctus
1567 1279 1621 1346 est,
1650 1279 1683 1331 ut
1717 1272 1765 1330 hio

65 1381 125 1438 qua
149 1365 263 1422 ratione
277 1365 441 1424 catalectici
456 1367 500 1425 rel
530 1368 812 1427 brachiacatalectici
836 1385 887 1426 seu
941 1381 1066 1424 tersus:

65 1454 291 1528 ipercatalectici
307 1472 408 1513 versus
423 1459 520 1530 sagaci
535 1458 789 1531 argumentatione
803 1459 888 1516 colli·
977 1457 1138 1514 aldhelmus
1147 1459 1247 1514 cambit
1261 1458 1386 1514 mitteris
1400 1458 1523 1514 ontibus
1535 1455 1611 1523 odor,

65 1549 180 1618 gantur.
202 1545 278 1614 Hac,
294 1547 328 1603 ut
342 1562 416 1615 reor,
431 1552 460 1603 et
476 1547 521 1604 his
536 1547 646 1604 similia
657 1548 736 1605 brovi
749 1549 887 1621 temporis
942 1544 1053 1617 primas
1068 1550 1098 1602 et
1108 1545 1225 1604 ultimas
1237 1546 1417 1616 singulorum
1431 1546 1461 1602 in
1477 1543 1615 1617 proaemio
1626 1555 1763 1598 ramnum
1790 1602 1797 1615 ,

65 1633 285 1707 intercapedine
300 1636 478 1707 apprehendi
494 1653 678 1710 nequaqnam
699 1643 832 1710 possunt.
942 1634 1054 1694 litteras
1069 1638 1098 1692 et
1122 1636 1273 1693 inchoaret
1288 1638 1317 1692 et
1331 1636 1511 1701 terminaret,
1527 1634 1691 1703 ambasque
1713 1644 1762 1685 ex·

101 1723 142 1780 De
157 1723 270 1782 ratione
280 1740 347 1782 vero
358 1725 559 1784 calculationis
575 1727 645 1800 quid
657 1689 926 1786 commemornn·B
943 1726 1106 1783 tramitates
1120 1726 1236 1782 easdem
1261 1726 1388 1783 iaceret:
1408 1723 1597 1796 ascenditque
1612 1719 1647 1794 [t.
1663 1721 1764 1776 osten·

67 1813 138 1868 dum
151 1829 159 1881 ;
171 1829 237 1869 curn
251 1818 335 1870 tante
351 1817 571 1889 supputationis
582 1817 739 1875 imminens
755 1819 889 1889 despera·
943 1814 1056 1888 diique]
1071 1815 1101 1870 in
1117 1814 1164 1872 his
1180 1815 1224 1870 vir
1250 1816 1357 1872 veteris
1371 1814 1541 1871 litterature
1556 1810 1658 1867 ludum
1674 1805 1762 1865 simul

64 1901 106 1958 tio
122 1900 196 1958 colla
212 1903 320 1958 mentis
335 1905 523 1976 oppresserit,
533 1909 565 1961 nt
575 1921 693 1962 omnem
709 1907 887 1977 preteritum
941 1908 970 1959 et
984 1903 1140 1960 artificium
1154 1904 1224 1960 dum
1239 1904 1457 1962 resincuriosss
1467 1903 1654 1959 comitaretur
1663 1898 1765 1954 iacun·

69 1990 203 2049 lectionis
215 1990 346 2049 laborem
363 1993 612 2065 parvipenderem,
624 1995 710 2066 cujus
722 2011 768 2051 me
779 1996 889 2069 pridem
942 1994 1013 2050 duna
1028 1997 1057 2049 et
1071 1993 1173 2065 vigens
1187 1993 1348 2066 eloquium.
1378 1997 1519 2050 crateras
1539 1991 1575 2048 ad
1602 1987 1760 2060 quemdam

65 2091 176 2138 secreta
191 2083 326 2140 cubicula
337 2100 424 2140 nosse
438 2084 618 2141 credideram
632 2109 640 2153 ;
656 2090 684 2142 ct
699 2090 730 2141 ut
745 2084 888 2142 sententia
941 2081 1102 2139 ildiridum
1127 2099 1221 2154 regern
1236 2081 1500 2139 Northnmbrornm
1521 2080 1622 2154 probe,
1638 2081 1670 2133 nt
1684 2077 1762 2133 Beda

67 2170 143 2227 beati
161 2172 339 2245 Hieronymi,
365 2173 436 2229 dnm
466 2175 626 2231 seoocesio
654 2173 772 2245 obtulit,
798 2179 885 2231 utar:
941 2175 1050 2241 narrat,
1066 2172 1172 2228 litteris
1187 2174 1317 2240 doctum,
1331 2171 1424 2229 edidit
1448 2170 1553 2227 librum
1583 2169 1644 2224 hmo
1666 2167 1762 2223 conti·

65 2261 119 2330 Qut
134 2262 207 2319 miti
216 2265 298 2335 prius
320 2263 434 2320 aridebcr
447 2265 558 2332 sciolas,
574 2280 674 2320 rcrttra
692 2266 760 2336 copi
774 2281 832 2322 erac
846 2266 888 2322 dr·-
941 2266 1059 2318 nentem
1083 2259 1210 2333 capitula
1227 2277 1233 2316 :
1259 2261 1297 2316 De
1323 2256 1476 2331 septenarii
1503 2258 1613 2312 cameri
1626 2256 1762 2324 dignitate

63 2351 184 2423 scipctrtr
199 2368 209 2407 .·
224 2352 266 2408 sic
281 2354 357 2423 quod
373 2353 493 2411 tandem
509 2369 636 2427 superna
663 2355 758 2426 gratis
786 2355 885 2424 iratus,
940 2350 1052 2407 collecto
1079 2365 1114 2405 ec
1138 2349 1239 2405 Veteris
1261 2355 1288 2405 ct
1311 2348 1379 2406 Novi
1407 2344 1568 2404 iettnmerrti
1594 2343 1709 2415 iterim
1736 2345 1764 2397 ct

65 2439 887 2517 dilflcillimarerumargnmentaetcelcullenpputatio·
941 2438 1099 2511 disciplinis
1127 2438 1362 2511 pbilosophorum.
1378 2468 1413 2479 -
1437 2443 1476 2494 De
1490 2432 1677 2491 admonitione
1703 2434 1764 2502 fra·

65 2530 885 2604 nes,quaapurteanumeriuppellant,lectionisinetan-
942 2537 1026 2585 terram
1046 2529 1202 2584 charitalis.
1232 2561 1267 2569 -
1293 2530 1332 2584 Dc
1358 2525 1563 2584 insensibilium
1591 2537 1685 2579 reram
1707 2536 1763 2576 no-

65 2621 107 2677 tia
120 2624 224 2691 reperi.
256 2621 342 2677 Porro
372 2621 407 2677 de
422 2621 541 2679 zodiaco
556 2631 584 2678 ot
601 2639 642 2679 ιιι
657 2623 806 2694 signorum
822 2642 886 2697 qua
942 2626 1017 2690 tara,
1042 2618 1266 2691 quaeaecaedatm
1289 2618 1479 2689 metaphoram
1492 2612 1675 2671 rcrcrociuori
1685 2609 1760 2682 ficu·

64 2710 209 2782 vertigine
228 2709 476 2779 cmlivolvuntur,
501 2712 614 2770 ratione
641 2713 707 2770 ideo
729 2716 884 2773 tacendum
940 2712 1048 2763 rantur·
1065 2739 1098 2749 -
1126 2709 1165 2763 Di
1182 2708 1283 2777 vedum
1305 2706 1418 2778 retulit·
1445 2736 1480 2746 -
1508 2704 1545 2759 θ’
1572 2700 1760 2770 Mavilum·

65 2798 208 2868 arbitron
223 2815 259 2856 ne
269 2817 318 2856 ars
334 2815 424 2871 opaca
438 2804 468 2856 et
482 2801 638 2873 protunda,
654 2817 719 2874 que
732 2801 820 2876 longa
834 2820 887 2860 ex·
940 2798 1027 2854 -De
1055 2796 1230 2870 Sgaatoepaa.
1247 2827 1281 2839 -
1309 2797 1346 2852 lie
1372 2795 1515 2852 scansione
1529 2797 1555 2850 et
1581 2789 1679 2864 ccttpri
1704 2803 1762 2845 ver·

64 2883 279 2958 planandarum
298 2903 396 2943 rerum
416 2888 529 2946 ratione
548 2890 671 2964 indiget,
686 2892 712 2948 si
731 2891 779 2948 vili
795 2894 886 2952 inter·
940 2903 1031 2942 titum·
1047 2917 1081 2928 -·
1097 2889 1133 2943 ⁰6
1145 2893 1232 2943 metro
1244 2886 1355 2943 “lierda
1370 2884 1552 2953 immittit
1566 2885 1592 2938 ‘2
1611 2879 1760 2954 '⁶⁸P0’lil'0·

64 2974 236 3045 pretationis
263 2975 336 3032 acria
364 2975 515 3048 propalata
543 2979 642 3047 inerit,
669 2979 830 3039 infametur
856 2989 885 3040 et
941 2974 1111 3048 Composuit
1125 2980 1154 3032 et
1165 2976 1302 3046 Epictetus
1314 2974 1434 3043 multas,
1445 2986 1572 3045 quarum
1588 2968 1688 3042 plures
1702 2982 1761 3024 non

62 3061 200 3119 vilescat:
217 3063 377 3136 prasertim
389 3080 455 3122 cum
470 3064 630 3136 astrologia
649 3068 719 3126 artis
739 3069 843 3143 peritia
858 3075 887 3129 et
942 3067 1064 3130 exstant,
1083 3069 1195 3136 partem
1219 3063 1416 3135 quarumdam
1435 3077 1509 3134 ‘ltm
1525 3060 1667 3116 h³b⁶ffl⁰⁸
1682 3060 1763 3112 Εΰῑθ·

61 3150 201 3223 perplexa
212 3151 365 3224 horoscopi
377 3154 556 3225 computatio
572 3155 743 3215 elucubrata
758 3159 886 3217 doctoris
941 3171 1090 3214 cessorem
1102 3160 1270 3213 nostrornm
1284 3155 1466 3214 detruncavit
1475 3153 1598 3209 incuria.
1610 3150 1764 3207 Sermones

62 3239 250 3311 indagatione
273 3246 365 3314 egeat.
382 3261 398 3294 u
412 3243 528 3299 Talium
551 3245 659 3302 artium
678 3245 825 3318 voluptate
840 3263 887 3304 re·
941 3248 1005 3318 ejus
1021 3248 1119 3305 minus
1135 3249 1295 3304 infundunt
1313 3244 1470 3303 hilaritatis
1496 3257 1585 3315 quam
1609 3239 1717 3296 vellent
1730 3237 1763 3295 hi

65 3327 174 3400 plotus,
189 3327 252 3401 ipse
268 3344 384 3401 quoque
399 3345 433 3386 ex
453 3332 653 3390 sacratissimo
667 3337 794 3406 pectoris
810 3354 886 3410 penu
942 3337 992 3410 qui
1009 3353 1104 3394 rerum
1119 3336 1259 3394 incuriosi
1274 3335 1360 3392 verba
1379 3333 1523 3390 trutinant
1539 3348 1546 3389 ε
1572 3329 1689 3403 jndices
1703 3328 1761 3384 im·

64 3417 146 3474 hone
163 3417 255 3490 irugis
271 3416 384 3475 libellos
398 3419 491 3476 edidit
502 3439 510 3489 ;
521 3436 556 3477 ne
568 3438 718 3494 nunquam
735 3424 888 3485 thesauros
941 3427 1071 3499 portuni,
1087 3428 1136 3499 qui
1152 3427 1285 3484 nesciant
1299 3425 1377 3499 quod
1399 3422 1562 3482 seeundum
1581 3436 1675 3477 mores
1690 3434 1763 3492 gen·

65 3505 396 3580 tamdiucongregatos
416 3507 591 3578 recluderet,
615 3512 887 3587 nenihilunquaru
942 3514 1016 3573 tium
1031 3517 1179 3573 varientur
1195 3516 1273 3573 modi
1291 3516 1496 3571 dictaminum.
1525 3510 1653 3582 Denique
1671 3506 1763 3564 Graeoi
1835 3538 1839 3543 ·

65 3612 100 3652 cx
124 3595 234 3652 auditis
262 3600 424 3667 reponeret.
450 3598 483 3654 bt
499 3597 627 3669 primum
643 3601 761 3673 quidem
778 3604 888 3679 ingenii
941 3604 1080 3671 involute,
1101 3606 1224 3661 Romani
1240 3604 1403 3678 splendide,
1418 3602 1504 3675 Angli
1531 3599 1694 3671 pompatice
1719 3597 1764 3653 di·

67 3684 229 3758 periculum
252 3685 334 3742 dedit
356 3687 385 3742 in
400 3685 476 3743 libro
492 3689 631 3759 quemad
653 3691 790 3764 Britorrcr,
806 3696 887 3752 utad
942 3693 1139 3752 ctaresolcnt.
1164 3694 1194 3750 ld
1223 3695 1253 3750 in
1283 3693 1420 3750 omnihus
1443 3690 1576 3761 antiquis
1595 3686 1765 3744 chartisest

65 3790 165 3830 rerunt
181 3775 293 3832 Pascha
319 3779 544 3845 reverterentur,
560 3777 629 3835 iecit
645 3799 653 3850 ;
669 3781 754 3852 cujus
778 3784 886 3841 doctri·
942 3782 1335 3855 animadvertere‚quantum
1346 3779 1524 3854 quibusdam
1533 3774 1628 3832 verbis
1642 3773 1763 3831 abstru-

67 3880 135 3920 nam
145 3865 331 3937 nescioquod
342 3865 886 3944 intortuniumusibnsnostrisinvidit,
942 3874 982 3931 sis
997 3888 1031 3930 ex
1047 3872 1144 3929 Graeco
1160 3872 1257 3944 petitis
1267 3871 1457 3928 delectentur.
1474 3864 1650 3925 Moderatins
1664 3865 1762 3921 umen

65 3953 172 4026 gaudio
187 3955 340 4011 subtraxit.
352 3958 402 4011 list
416 3962 443 4012 et
454 3954 596 4029 liherejus
606 3959 642 4017 lte
653 3959 792 4032 uirginum
805 3961 889 4022 laada
942 3980 975 4021 se
999 3964 1059 4036 agit
1073 3961 1257 4029 Aldhelmus,
1282 3976 1335 4018 neo
1351 3959 1407 4017 nisi
1424 3974 1541 4032 perraro
1556 3964 1583 4014 et
1597 3954 1761 4012 necessario

64 4041 210 4100 rhetorico
235 4049 408 4117 compactus
427 4043 525 4118 lepore
545 4062 553 4114 ;
576 4047 606 4102 in
630 4065 689 4120 quo
712 4049 888 4124 virginitatis
941 4053 1029 4110 verba
1053 4053 1135 4125 ponit
1167 4050 1287 4108 exotica.
1320 4048 1436 4121 allegat
1476 4045 1633 4103 catholicos
1656 4058 1762 4102 sensus

65 4130 187 4204 gloriam
207 4133 289 4205 prins
317 4133 464 4207 predicat,
485 4138 513 4192 et
538 4139 639 4206 postes
663 4154 721 4195 non
736 4139 886 4199 diillcilem
942 4159 1038 4201 sermo
1055 4140 1251 4211 lacundua,et
1265 4138 1492 4197 violentissimas
1507 4135 1684 4193 assertiones
1708 4149 1762 4190 ax·

64 4236 127 4278 essa
142 4226 375 4294 peccacatorum
398 4224 566 4282 coelibatum
585 4226 789 4299 exemplificat.
805 4230 888 4302 Elus-
942 4237 1027 4291 ornat
1041 4232 1120 4290 color
1134 4231 1306 4290 rhetoricus.
1332 4229 1422 4296 Quem
1449 4229 1474 4286 si
1498 4226 1625 4300 perlecta
1644 4222 1764 4296 legeris,

63 4308 128 4365 dem
141 4311 270 4367 materiae
285 4312 417 4369 versibus
444 4313 570 4371 heroicis
600 4315 665 4372 iecit
689 4317 813 4376 alterum
839 4320 885 4376 cui
901 4330 926 4395 ι)
940 4327 969 4380 et
982 4339 1016 4380 er
1035 4323 1170 4379 acumine
1193 4322 1322 4378 Greoum
1343 4317 1473 4391 putabis,
1488 4320 1518 4374 ei
1541 4331 1576 4372 ex
1590 4314 1684 4370 nitore
1701 4312 1762 4368 Ro·

62 4395 198 4467 adjunxit
214 4399 351 4456 tertium:
376 4416 458 4472 eque
477 4403 644 4462 versificum
669 4406 705 4464 Dc
728 4424 822 4480 paam
836 4427 887 4467 vru
943 4428 1065 4470 manum
1077 4410 1204 4486 jurabis,
1216 4414 1244 4468 et
1257 4426 1292 4467 ex
1302 4425 1410 4482 pompa
1424 4405 1552 4480 anglum
1568 4402 1724 4476 intelliges.

793 4763 934 4855 PARS
964 4765 1018 4855 ΙΙ.

95 5084 189 5142 Prima
216 5087 355 5160 propositi
384 5089 518 5162 portione
543 5095 693 5169 utcunque
706 5099 823 5171 sarcita,
838 5118 882 5158 ss·
936 5100 1027 5160 libare
1042 5100 1215 5170 necessaria,
1233 5115 1337 5174 capere
1352 5097 1536 5156 occasionem
1559 5093 1656 5167 operis
1673 5108 1758 5150 acoe-

58 5175 183 5231 cundsm
208 5179 373 5252 aggredior,
391 5197 457 5255 qum
473 5181 799 5263 pollicetnrostendare,
817 5209 880 5265 que
937 5189 1060 5260 locandi,
1076 5199 1103 5247 et
1131 5191 1175 5248 sio
1199 5188 1339 5247 solutiore
1362 5204 1433 5244 cura
1456 5187 1485 5242 in
1502 5184 1625 5241 aliorum
1641 5182 1759 5252 scriptis

56 5266 233 5323 monasteria
251 5277 371 5327 sanctus
399 5271 551 5330 Aldalmus
573 5274 684 5347 lecerit,
715 5281 881 5356 quibusque
936 5279 1069 5351 spatiari.
1095 5280 1135 5335 lix
1158 5277 1293 5351 superius
1308 5277 1399 5349 igitur
1427 5275 1513 5331 dictis
1528 5270 1758 5343 potestintelligi

56 5351 215 5426 privilegiis
231 5358 409 5431 insignierit,
424 5371 452 5418 et
481 5362 598 5436 praediis
625 5364 770 5438 ditaverit,
794 5374 880 5445 cujus
936 5365 1373 5442 quodllsildullmcnaaterium
1384 5361 1758 5433 Meidunense,qnodnuno

55 5441 109 5497 erit
124 5441 218 5499 incilia
247 5446 403 5521 absolutio,
430 5451 499 5523 quia
522 5450 621 5510 labore
644 5454 739 5515 alieno
762 5477 880 5520 summa
935 5456 1096 5528 corruptior
1114 5463 1184 5513 atas
1200 5454 1432 5513 tlnlmosberiam
1448 5455 1610 5522 nuncupat,
1626 5448 1756 5505 seditios-

55 5530 165 5607 nogotii
180 5533 360 5596 condoletur.
372 5538 456 5597 tibet
470 5540 560 5614 igilur
573 5543 682 5602 nostris
692 5548 789 5609 verbis
804 5567 880 5624 pra·
933 5547 1010 5607 verit
1022 5544 1066 5603 vel
1091 5545 1188 5619 potius
1217 5542 1407 5602 inchoaverit.
1437 5541 1533 5598 Tanta
1550 5537 1629 5597 enim
1654 5536 1695 5595 ibi
1710 5551 1758 5593 na·
1863 5620 1868 5625 Ι
