3750 6000
148 219 200 274 3l9

792 220 998 278 lNNOCENTll
1014 224 1038 279 ll
1055 223 1150 279 PAPAE

1746 229 1799 280 320

150 339 275 398 similiter
291 342 363 398 idem
384 344 460 401 locus
484 346 621 418 propriam
650 345 808 418 parochiam
832 344 982 418 spisso-A
1034 346 1258 418 Egoberaardus
1273 346 1416 422 presbyter
1431 348 1581 404 cardinalis
1606 348 1681 404 titulo
1707 351 1800 406 Sancti

147 436 237 508 palem
248 437 383 508 obtineat,
396 441 423 496 in
438 458 492 514 qua
505 451 544 511 tu,
559 442 603 499 vel
616 458 798 500 successores
811 443 849 498 tui
865 441 946 499 eleri-

150 533 219 592 ricos
236 535 390 605 ordinandi,
410 539 542 597 eeclesias
560 548 587 596 et
614 539 729 596 oratoria
757 540 942 608 consecrandi,

150 637 176 687 et
190 631 244 688 alia
258 649 318 704 quae
340 635 375 689 ad
400 635 556 708 episcopale
573 636 689 694 officium
704 637 840 708 pertinent
862 637 945 692 mini-

149 722 251 777 strandi
266 722 420 780 facultatem
433 725 549 782 liberam
566 727 696 783 babeatis.
717 727 859 782 Terminus
878 742 945 782 sane

43 856 48 869 ,
147 811 334 867 Aransieensis
361 815 519 885 parochiae,
549 833 621 887 quos
646 831 682 873 ex
707 824 841 886 praecepto
871 817 946 884 ajus-

148 897 211 953 dem
240 900 448 970 praedecessoris
477 905 583 975 nostri,
609 906 636 960 in
660 905 807 977 praesentia
839 905 947 960 Attenia

148 989 285 1058 quondam
312 990 477 1048 Arelatensis
512 994 730 1067 archiepiscopi,
757 1001 784 1050 et
809 992 946 1066 suffraga-

146 1091 260 1132 neorum
276 1079 345 1149 ejus,
359 1096 408 1151 per
427 1081 592 1139 assertiones
604 1083 715 1140 testium
725 1090 751 1138 et
765 1083 947 1138 instrumenta

147 1165 303 1223 chartarum
319 1182 336 1222 a
358 1169 563 1240 predecessore
588 1180 633 1227 tuo
652 1171 732 1228 bonae
751 1171 947 1228 recordationis

147 1253 314 1325 berengario
329 1257 459 1330 episeopo
474 1267 579 1316 constat
600 1276 662 1316 csse
685 1260 826 1332 probatos,
846 1268 873 1316 et
889 1260 941 1316 llo·

146 1355 199 1398 mae
212 1343 357 1401 assistente
373 1346 467 1403 Pontio
484 1348 777 1420 Tricastinoepiscopo
797 1364 846 1420 per
866 1363 946 1403 enm·

147 1430 209 1486 dem
225 1433 374 1489 llomannm
389 1435 559 1507 pontificem,
575 1437 714 1510 indagatis
739 1436 865 1509 utrinque
879 1435 944 1492 dili-

147 1529 242 1591 genter
256 1523 414 1591 rationibus,
430 1525 616 1596 inpraesentia
633 1527 824 1598 episcoporum
840 1533 867 1582 et
880 1541 945 1583 car-

1001 434 1159 508 Chrisologi
1169 436 1203 508 if.
1219 433 1407 509 chrisogonil.

1035 520 1096 591 Ego
1109 519 1294 576 Theodevitns
1308 520 1415 577 Sanctae
1431 521 1534 579 lluiinae
1556 523 1715 595 episcopus.

1036 608 1095 680 Ego
1110 609 1205 681 Droga
1220 607 1344 664 Oscensis
1356 610 1513 682 episcopus.

1036 693 1096 768 Ego
1110 697 1240 753 albertus
1255 697 1416 754 albanensis
1427 700 1584 773 episcopus.

1034 797 1095 869 Ego
1126 797 1278 871 Gregorius
1310 798 1441 856 diaconus
1459 798 1605 856 cardinalis
1625 799 1702 856 titulo
1728 800 1799 856 San-

999 893 1106 944 ctorum
1120 886 1207 960 Sergii
1222 890 1248 942 el
1263 887 1371 943 Dacebi.

1035 984 1098 1058 Ggo
1113 983 1222 1057 Guiguo
1237 983 1366 1041 diaconus
1381 984 1528 1041 cardinalis
1543 987 1574 1041 S.
1594 985 1717 1040 Adriani.

1034 1083 1094 1157 ligo
1109 1081 1245 1140 Ulbordus
1259 1082 1408 1140 cardinalis
1423 1086 1454 1141 S.
1474 1085 1509 1139 tt.
1525 1084 1553 1139 in
1569 1084 1614 1139 via
1636 1085 1713 1139 Lata.

1035 1181 1094 1251 Ego
1109 1179 1292 1252 chysogonus
1307 1179 1452 1237 cardinalis
1479 1181 1612 1237 diaeonus
1640 1182 1672 1237 S.
1704 1180 1799 1238 ilariae

999 1267 1027 1324 in
1044 1267 1159 1325 Portica.

1036 1368 1094 1439 Ego
1108 1367 1158 1423 lvo
1172 1366 1305 1424 diaconus
1321 1367 1469 1425 cardinalis
1483 1369 1591 1426 Sanctae
1606 1368 1707 1425 blariae.

1036 1455 1138 1511 Datum
1162 1455 1232 1512 Pisis
1245 1471 1297 1528 per
1316 1473 1425 1513 manum
1443 1458 1588 1530 aymerici,
1614 1465 1717 1514 sanctae
1741 1459 1799 1513 lio-

998 1560 1087 1601 manae
1102 1544 1233 1602 Ecclesiae
1263 1545 1373 1603 diaconi
1398 1546 1547 1602 cardinalis
1577 1553 1603 1603 et
1625 1545 1797 1613 cancellarii,

146 1607 276 1665 dinalium
291 1611 462 1681 collaudatis,
480 1614 618 1685 praedictae
633 1615 808 1671 arausicensi
822 1614 945 1671 ecelesiae
1000 1633 1094 1706 quim„
1115 1633 1367 1702 Kayendgsngrqg
1388 1634 1536 1691 yndycqon,
1558 1635 1664 1691 decim,
1693 1634 1797 1707 quinq,

146 1697 236 1769 quiete
255 1707 282 1754 et
301 1699 359 1756 sine
378 1700 466 1774 aliqua
485 1702 656 1759 infestatione
682 1702 845 1772 habendos,
874 1718 941 1774 pos-

146 1785 329 1860 sidendosque
348 1787 485 1847 firmamus
502 1811 508 1856 ;
530 1791 658 1849 videlieet
677 1808 694 1848 a
712 1801 795 1864 ponte
813 1792 943 1860 abolena,

146 1891 197 1946 per
206 1884 320 1933 stratam
334 1878 467 1950 regalem,
488 1897 548 1953 quse
566 1882 641 1937 radit
659 1882 732 1938 inter
750 1880 820 1937 dnos
837 1888 945 1938 montes

146 1966 285 2036 usquead
304 1966 522 2039 Diganum,eta
544 1970 676 2042 praedicto
696 1978 778 2042 ponte
801 1970 870 2027 sicut
898 1986 944 2025 as·

147 2054 237 2109 cendit
251 2070 321 2127 aqua
332 2057 367 2112 de
381 2057 434 2112 Lez
449 2074 545 2114 versus
573 2059 726 2126 meridiem,
758 2068 786 2115 et
808 2058 945 2132 usquead

147 2141 215 2197 lines
230 2144 357 2200 vasensis
367 2145 548 2219 episcopatus.
564 2148 647 2204 Porro
658 2147 779 2204 debitam
789 2147 944 2220 portionem

145 2229 311 2287 decimarum
325 2240 351 2290 et
365 2242 524 2291 cunctarum
538 2236 715 2303 oblationum,
740 2253 800 2309 quse
815 2252 864 2308 pro
876 2234 944 2292 vivis

47 2394 59 2410 ο
145 2327 172 2376 et
195 2336 243 2392 pro
270 2321 412 2393 defunctis,
438 2324 563 2381 ecclesiis
596 2324 755 2393 offeruntur,
784 2333 943 2381 sanctorum

144 2423 279 2467 monum
298 2410 419 2468 instituta
436 2413 636 2484 distinguantur
653 2429 660 2483 ;
694 2413 811 2485 ideoque
826 2427 943 2470 venera-

144 2497 207 2555 bilis
222 2497 307 2555 irater
321 2500 459 2572 episcope,
472 2509 594 2574 quartam
609 2510 713 2574 partem
728 2501 894 2559 decimarum
909 2501 944 2558 ad

144 2593 172 2642 te
186 2586 389 2658 pertinentium,
406 2587 454 2643 tibi
468 2589 605 2662 abaliquo
616 2590 744 2658 usurpari
755 2589 942 2661 prohibemus.

146 2674 234 2731 Simili
259 2676 340 2731 modo
378 2677 539 2748 statuimus,
569 2694 604 2734 ne
638 2677 735 2750 aliquis
769 2678 943 2734 detensiones

956 1703 1139 1786 Bincarnat.
1158 1729 1312 1786 Dominicre
1325 1745 1398 1787 anno
1414 1729 1557 1787 millesimo
1580 1729 1731 1788 centesimo
1746 1730 1798 1786 tri·

999 1827 1101 1884 cesimo
1120 1827 1245 1898 septimo,
1262 1827 1438 1899 pontificatus
1457 1845 1523 1886 vero
1542 1829 1645 1886 domini
1665 1831 1798 1886 lnnocen·

998 1915 1030 1972 tii
1057 1931 1137 1988 papae
1152 1931 1224 1972 anno
1238 1925 1350 1974 octavo.

1311 2016 1475 2074 cclxviii.

1052 2115 1098 2171 Ad
1110 2115 1303 2173 Petroaillam
1317 2117 1417 2173 Fontis
1431 2117 1546 2172 Ebrnldi
1560 2116 1744 2172 abbatissam.

1212 2208 1299 2269 (Anno
1315 2205 1395 2274 1137,
1412 2205 1491 2260 Febr.
1507 2205 1540 2259 hl
1553 2205 1575 2274 .)

1033 2301 1193 2375 [Psvrnnon.
1217 2302 1265 2360 Vie
1280 2304 1313 2360 de
1328 2303 1428 2360 Rohcrl
1451 2302 1626 2372 d'rlrbricscl,
1642 2319 1670 2375 p.
1688 2301 1763 2374 δὴ]

1033 2399 1223 2456 lnnocurrrrus
1250 2400 1405 2472 episcopus,
1433 2416 1532 2457 servus
1561 2416 1703 2456 serrorum
1734 2400 1796 2467 Dei,

998 2493 1105 2553 dilectas
1118 2495 1146 2551 in
1161 2495 1266 2553 Christo
1283 2497 1437 2554 Petronillae
1452 2498 1569 2570 ejusque
1579 2497 1731 2565 sororibus,
1744 2510 1799 2554 tam

997 2584 1177 2657 praesentibus
1193 2601 1275 2658 quarn
1294 2585 1390 2643 suturis
1406 2587 1619 2659 inperpetuum.

1034 2674 1112 2743 erod
1128 2673 1225 2731 rationi
1244 2675 1373 2732 convenit
1387 2684 1414 2731 et
1429 2677 1564 2733 honestati
1587 2675 1733 2733 convenire
1748 2692 1798 2733 co·

147 2763 273 2820 ccclesiae
287 2779 341 2819 non
356 2764 391 2821 ad
406 2781 436 2821 se
446 2766 623 2838 pertinentes,
638 2766 696 2823 suis
715 2766 809 2822 usibus
824 2767 943 2824 indebite
998 2763 1156 2836 gnoscitnr,
1177 2764 1269 2820 animo
1284 2780 1336 2820 nos
1355 2764 1435 2822 decet
1460 2765 1555 2821 libenti
1579 2766 1751 2832 concedere,
1772 2773 1799 2822 et

148 2850 284 2908 vindicare
298 2861 454 2923 prasumat.
999 2851 1145 2923 petentium
1157 2850 1303 2908 desideriis
1312 2868 1467 2926 congruum
1479 2853 1615 2925 impertiri
1626 2851 1798 2925 suffragium,

179 2939 251 2995 Nulli
267 2956 336 3014 ergo
350 2942 489 2999 hominnm
504 2943 545 2999 las
560 2943 604 3011 sit,
620 2944 761 3017 praelatam
777 2943 941 3002 transires·
997 2940 1162 3011 Eapropter,
1178 2939 1284 2997 dilectae
1298 2939 1327 2994 in
1337 2940 1444 2997 Christo
1459 2941 1531 3012 liliae,
1543 2942 1800 3014 t'estrisjustispos-

146 3043 206 3085 sem
220 3029 370 3086 Ecclesiam
385 3039 488 3088 temere
503 3033 673 3103 perturbare,
690 3041 735 3089 ant
754 3035 813 3103 ejus
829 3049 943 3105 posses·
959 3065 984 3129 C
998 3027 1173 3084 inlationibus
1195 3029 1344 3086 clementer
1370 3031 1515 3086 annuimus
1542 3038 1569 3086 et
1596 3031 1796 3087 monasterium

146 3117 236 3173 aiones
255 3117 372 3187 anlerre,
395 3119 437 3176 vel
461 3120 566 3176 ablatas
585 3121 710 3190 retinere,
740 3122 872 3188 minuere,
897 3139 945 3179 seu
1000 3116 1034 3172 B·
1051 3117 1250 3174 MoriaeFontis
1270 3118 1489 3193 Ebreldiinquo
1505 3119 1604 3175 divinis
1633 3119 1798 3176 cstisobse·

145 3207 295 3279 cujuslibet
327 3207 459 3265 molestiis
477 3208 616 3282 latigare;
645 3211 693 3266 sed
721 3211 814 3266 omniu
839 3211 947 3284 integra
1000 3205 1071 3277 qniis
1086 3206 1253 3277 mancipatae,
1265 3209 1507 3264 cumomnibusad
1518 3208 1625 3280 ipsuum
1636 3208 1798 3279 pertinenti-

146 3301 341 3353 conserrentnr
373 3314 477 3365 eornm,
506 3314 557 3370 pro
597 3315 711 3372 qnorum
746 3299 942 3355 sustentatione
1000 3293 1067 3364 bus,
1097 3294 1148 3350 sub
1176 3295 1334 3366 apostolicae
1359 3296 1433 3352 sedis
1453 3297 1621 3368 protectione
1640 3306 1797 3368 susceptum

146 3391 173 3441 et
186 3386 384 3458 gubernatione
402 3402 533 3444 concessa
552 3396 624 3457 snat,
653 3389 746 3444 usibus
773 3387 939 3444 omnimodis
1000 3383 1141 3453 praesentis
1163 3383 1258 3454 scripti
1272 3384 1372 3457 pagina
1382 3386 1593 3454 communimus,
1609 3393 1761 3442 statuentes
1772 3395 1800 3441 nt

143 3472 295 3545 profutura.
316 3475 345 3532 Si
363 3475 423 3547 quis
438 3475 523 3549 igitur
542 3476 569 3530 in
589 3475 717 3543 inlusum,
747 3478 817 3533 banc
841 3484 941 3532 nostrae
999 3488 1167 3545 quaecunque
1187 3472 1267 3542 bona,
1288 3490 1465 3547 quascunque
1485 3475 1677 3547 possessiones
1697 3475 1799 3546 praedi-

144 3562 344 3619 constitutionis
363 3564 492 3635 paginam
507 3565 607 3631 sciens,
637 3574 731 3623 contra
754 3582 815 3622 earn
838 3572 944 3622 temere
999 3567 1071 3618 ctum
1086 3562 1282 3617 monasterium
1297 3563 1534 3634 inpraesentiarum
1545 3564 1620 3634 juste
1635 3573 1662 3620 et
1676 3563 1800 3636 legitime

146 3651 238 3709 venire
262 3652 424 3717 tentaverit,
454 3654 574 3710 secundo
593 3654 707 3710 tertiove
740 3654 941 3720 commonitus,
998 3650 1130 3722 possidet,
1158 3649 1200 3706 vel
1222 3650 1386 3707 infuturum
1414 3653 1593 3709 concessione
1621 3651 1799 3725 pontificum,

145 3738 198 3794 nisi
208 3755 330 3813 congrue
345 3741 517 3811 satisfecerit,
541 3742 683 3814 potestatis
710 3743 878 3816 honorisque
896 3743 938 3799 sui
998 3738 1159 3795 liberalitate
1173 3754 1268 3811 regum
1284 3739 1328 3796 val
1343 3740 1505 3812 principum.
1527 3741 1664 3798 oblatione
1675 3740 1797 3797 fidelium

146 3827 276 3900 dignitate
304 3837 416 3896 careat,
446 3846 579 3904 reumque
607 3847 637 3888 se
664 3831 757 3888 divino
781 3832 883 3902 judicio
910 3832 945 3889 de
998 3828 1197 3883 rationabiliter
1211 3829 1310 3901 poterit
1326 3828 1449 3901 adipisci,
1467 3838 1521 3885 tam
1532 3829 1669 3900 tibiqnam
1685 3830 1800 3903 hisquae

148 3925 299 3988 perpetrata
314 3917 455 3990 iniquitate
470 3928 620 3993 cognoscat
634 3921 762 3986 existere,
778 3928 943 3977 etasacra-
997 3915 1036 3971 ibi
1055 3917 1082 3972 in
1111 3920 1208 3978 eodem
1225 3919 1358 3990 regimine
1386 3919 1549 3990 regulariter
1583 3919 1798 3986 successerint,

145 4005 250 4062 tissima
273 4022 391 4080 corpore
417 4017 443 4063 et
471 4010 605 4082 sanguine
628 4007 739 4064 Domini
768 4008 854 4064 nostri
880 4009 944 4065 lesu
998 4002 1075 4060 iirma
1090 4015 1116 4062 et
1129 4007 1231 4064 illibata
1246 4014 1434 4080 permaneant.
1451 4009 1482 4063 ln
1498 4006 1596 4078 quibus
1610 4008 1668 4063 brec
1683 4008 1801 4080 propriis

144 4094 243 4150 Christi
256 4095 364 4152 alienus
378 4095 434 4167 liat,
451 4105 532 4169 atqne
547 4106 672 4153 extremo
698 4098 825 4152 examine
847 4096 943 4152 distri·
997 4095 1153 4151 nominibus
1166 4096 1346 4168 exprimenda
1354 4095 1566 4165 subjunximus:
1582 4095 1707 4152 ridelicet
1717 4096 1800 4153 eecle-

144 4190 196 4240 etae
212 4183 307 4240 ultioni
332 4185 480 4255 subjaceat.
508 4185 619 4242 Cunctis
648 4193 739 4242 autem
765 4186 855 4241 eidem
882 4183 943 4241 loco
997 4180 1065 4237 siam
1074 4183 1102 4239 S.
1112 4184 1280 4252 Quintinide
1291 4183 1418 4240 Fontanis
1428 4200 1490 4241 cum
1500 4184 1627 4240 omnibus
1636 4183 1798 4253 redditibus,

144 4289 206 4345 quse
225 4283 354 4329 suasum
373 4274 542 4330 servantibus
575 4274 609 4329 sit
634 4289 686 4344 par
719 4273 828 4329 Domini
853 4274 943 4329 nostri
996 4273 1218 4341 possessionibus
1232 4288 1265 4331 ae
1276 4272 1513 4344 suis'perlinentiis
1529 4290 1537 4339 3
1554 4273 1648 4327 Altam
1659 4273 1799 4329 Drueriarn

142 4361 208 4416 lesu
222 4361 329 4427 Christi,
350 4368 481 4433 quatenns
496 4370 522 4417 et
536 4361 581 4419 hie
603 4361 721 4416 trucium
748 4376 804 4418 anae
826 4361 941 4418 actionis
998 4374 1063 4416 cum
1082 4361 1141 4417 suis
1160 4362 1340 4434 pertinentiis,
1373 4361 1471 4431 vineis,
1487 4370 1569 4433 atque
1584 4361 1647 4417 aliis
1668 4361 1749 4416 bonis
1763 4362 1799 4417 ab

143 4448 313 4519 percipiant,
351 4457 378 4505 et
405 4450 477 4520 apud
506 4449 658 4506 districtum
683 4449 805 4520 jndicem
831 4424 1148 4522 pramiaDsmotmico
1162 4451 1261 4507 comite
1276 4449 1401 4507 ecclesia
1415 4457 1515 4506 vestra
1539 4448 1655 4518 collatis,
1682 4448 1800 4505 eleemo-

143 4545 251 4593 aelemae
262 4536 339 4609 pacis
354 4537 503 4593 inveniant.
999 4553 1096 4610 synam
1104 4555 1155 4595 seu
1166 4539 1267 4596 donum
1276 4554 1293 4594 a
1302 4538 1421 4595 lieberto
1430 4537 1528 4594 comite
1536 4537 1615 4595 vobis
1624 4553 1798 4605 concessum,

179 4625 239 4697 Ego
248 4625 421 4682 Innocentius
431 4624 575 4682 Catholicae
590 4625 722 4683 Ecclesiae
740 4625 887 4699 episcopus
902 4643 942 4682 ss.

179 4724 239 4795 ligo
258 4723 379 4797 Angelus
397 4725 542 4797 presbyter
567 4724 713 4782 cardinalis
741 4724 818 4782 titnlc
847 4725 939 4782 Sancti

143 4813 283 4870 Laurentii
293 4829 332 4869 ss.

181 4910 241 4981 Ego
255 4911 407 4967 litafredus
422 4909 567 4983 presbyter
581 4925 620 4965 ss.

185 5007 244 5079 ligo
259 5009 346 5064 lucas
360 5007 504 5080 presbyter
520 5008 596 5063 tilulo
610 5007 772 5065 Sanctorum
785 5003 897 5064 loannis
919 5013 946 5062 et

150 5106 236 5163 l'unli.

184 5197 290 5250 llarton
312 5196 456 5269 presbyter
483 5197 633 5254 cardinalis
665 5198 742 5256 titulo
767 5196 858 5255 Sancti
882 5198 944 5254 Ste-

165 5299 239 5353 bani.

146 5315 163 5370 p
182 5400 242 5472 Ego
258 5399 346 5456 Guido
361 5398 490 5474 indignus
505 5402 657 5474 presbyter.

184 5497 242 5571 Ego
253 5496 406 5570 Gregorius
419 5498 563 5572 presbyter
577 5499 722 5558 cardinalis
747 5498 824 5560 saulo
838 5487 944 5557 Sancta'r

147 5597 262 5661 Prisca.

999 4626 1101 4683 scilicet
1120 4643 1140 4680 x
1176 4628 1301 4683 marchas
1331 4626 1439 4699 argenti
1467 4626 1548 4682 vobis
1573 4626 1690 4698 singulis
1719 4627 1799 4681 annis

999 4715 1204 4785 persolvendas.
1221 4725 1272 4770 ete.
1284 4716 1416 4772 Utautem
1433 4713 1554 4787 quietius
1569 4715 1685 4770 Domino
1700 4715 1799 4771 deser-

999 4802 1056 4857 vire
1071 4802 1190 4875 possitis,
1207 4813 1234 4858 et
1247 4802 1509 4876 frequentationibus
1523 4801 1668 4857 hominum
1695 4801 1730 4858 ad
1745 4803 1799 4860 boc

997 4889 1086 4962 ipsnrn
1101 4891 1227 4948 devotius
1241 4889 1423 4957 efficiendum,
1441 4898 1533 4946 vester
1549 4905 1628 4946 sacer
1647 4899 1799 4946 conventus

999 4979 1153 5036 nullatenus
1168 4979 1338 5051 impediatur.
1356 4979 1484 5050 praesenti
1507 4978 1609 5049 scripto
1633 4979 1799 5035 omnimodis

998 5068 1185 5140 prohibemus,
1212 5076 1241 5123 nt
1261 5068 1341 5123 nullae
1367 5083 1481 5139 prorsus
1509 5067 1693 5123 habitationes
1724 5068 1799 5124 eirca

998 5165 1117 5213 vestrum
1132 5157 1285 5214 coenobinm
1301 5155 1376 5224 liant,
1393 5155 1485 5212 nullus
1500 5157 1581 5213 eliam
1593 5155 1670 5226 juxta
1686 5172 1735 5213 ros
1750 5173 1798 5214 ec·

998 5244 1110 5302 alesiam
1123 5244 1259 5302 aedificare
1279 5246 1322 5300 vel
1349 5260 1513 5301 consecrare
1540 5253 1698 5316 praesumat,
1724 5245 1799 5300 unde

999 5333 1059 5406 quis
1074 5341 1101 5389 et
1114 5333 1212 5406 religio
1228 5334 1309 5389 vestri
1324 5334 1442 5389 coenobii
1458 5333 1546 5389 valeat
1560 5334 1729 5406 perturbare,
1743 5340 1797 5390 etc.

1034 5422 1130 5478 Datum
1150 5421 1219 5478 Pisis
1239 5437 1289 5494 per
1312 5437 1423 5476 manum
1441 5421 1577 5490 himerici,
1608 5422 1639 5478 S.
1669 5423 1799 5479 Romanae

997 5510 1129 5568 Ecclesiae
1143 5510 1278 5567 cardinal.
1294 5510 1455 5578 cancellarii,
1472 5526 1491 5566 rr
1512 5510 1570 5566 llal.
1591 5511 1685 5579 llarlii,
1702 5511 1797 5568 indict.

998 5616 1045 5670 xv,
1060 5601 1196 5657 incarnat.
1213 5598 1321 5659 Domini
1333 5615 1405 5657 anno
1415 5602 1493 5658 1137.
