3750 6000
187 225 240 291 aar.
835 202 1035 278 custusrtur
1055 219 1080 276 u
1100 217 1195 277 rara
1783 232 1840 291 sta

188 351 238 406 rali
254 367 288 407 ex
302 351 374 407 dono
389 350 519 423 Stephani
534 346 708 414 vicecomitis,
719 345 839 402 decimas
854 345 1108 418 parochiaeAnino
1134 346 1273 402 hominum
1302 346 1384 405 liceat
1410 348 1535 408 eamdem
1563 352 1703 410 ecclesiam
1734 362 1840 414 temere

193 447 299 507 uestrae,
316 441 386 496 sicut
399 456 445 495 eas
459 441 587 495 hactenus
603 436 732 493 canonico
754 434 911 506 possedistis
937 450 989 489 an·
1040 435 1207 505 perturbare,
1223 443 1269 492 aut
1287 437 1347 506 ejus
1370 440 1554 510 possessiones
1568 443 1684 508 auterre,
1699 443 1742 500 rel
1755 445 1839 503 abla-

194 530 281 600 tiquas
296 545 402 600 quoque
426 535 452 583 et
475 526 650 582 rationabiles
674 523 880 581 consuetudines
908 522 991 595 ipsius
1041 530 1080 579 tas
1093 524 1220 593 retinere,
1236 525 1368 594 minuero,
1385 543 1433 583 aen
1447 528 1611 599 quibuslibet
1625 528 1764 588 modestiis
1775 532 1840 590 fati·

194 618 315 675 ecclesiae
328 625 400 673 ratas
414 632 524 672 manere
539 631 690 672 censemus.
1038 628 1115 683 gare,
1130 611 1178 669 sed
1193 614 1285 670 omnia
1304 613 1411 688 integra
1434 626 1626 676 conserventur
1640 619 1687 676 tibi
1701 628 1728 677 et
1741 621 1840 678 iratri-

230 707 328 763 Datum
342 706 467 763 Laterani
483 721 532 777 per
544 720 655 760 manum
672 703 785 759 Gerardi
798 702 905 758 Sanctae
932 700 989 758 llo·
1038 699 1089 755 bus
1116 701 1176 768 tuis,
1191 717 1240 775 pro
1255 718 1367 774 quorum
1392 703 1591 778 gubernatione
1606 714 1633 764 et
1645 710 1842 768 sustentatione

191 812 283 852 manae
297 795 427 851 Ecclesiae
442 793 589 867 presbyteri
617 791 759 849 cardinalis
784 807 817 846 ao
841 789 989 846 bibliotbe·
1038 804 1169 847 concessa
1183 800 1255 860 sunt,
1270 791 1363 848 usibus
1376 794 1541 850 omnimodis
1561 796 1709 867 protutura.
1738 799 1840 870 Siqua

190 885 265 956 carii,
281 900 310 940 tv
324 885 419 941 Nonas
432 883 530 950 blartii,
546 882 692 938 indictione
719 895 767 945 vu,
797 878 989 948 incarnationi,
1037 877 1128 951 igitur,
1144 886 1196 936 etc.
1214 881 1322 937 Cunctis
1335 889 1435 949 autem,
1451 891 1506 941 etc.
1525 886 1620 942 Arnen.

189 973 339 1030 Dominicae
354 987 425 1029 anno
441 971 520 1039 ttta,
535 967 706 1042 pontilleatus
733 982 797 1026 uero
820 965 912 1022 domni
927 967 987 1022 Cm-
1072 967 1131 1040 ligo
1147 969 1305 1025 celestinus
1318 970 1463 1028 Catholicae
1475 973 1604 1030 Ecclesia
1626 975 1771 1049 episcopus
1791 993 1833 1035 ss.

186 1062 276 1119 lestiui
291 1064 315 1118 ll
330 1077 401 1117 anuo
418 1064 445 1115 l.
1073 1056 1132 1129 Epo
1148 1057 1286 1113 Conradcs
1299 1058 1456 1116 Sabinenais
1468 1062 1612 1135 episcopus
1625 1064 1785 1138 subscripsi.

526 1183 631 1241 Xle.
1072 1146 1131 1218 Ego
1142 1145 1283 1203 atheneus
1297 1145 1427 1205 Ostiensis
1442 1151 1584 1224 episcopus
1596 1151 1752 1227 subscripsi.

1071 1234 1129 1306 ligo
1145 1235 1297 1307 Stephanus
1310 1236 1492 1294 Praenestinus
1510 1238 1651 1314 episcopus
1674 1241 1835 1314 subscripsi.

1069 1323 1129 1395 Ego
1143 1324 1275 1395 llymarus
1286 1325 1451 1382 Tusculanus
1464 1329 1607 1401 episcopus
1619 1329 1781 1404 subscripsi.

1069 1411 1129 1484 Ego
1144 1411 1238 1467 Petrus
1250 1413 1412 1470 Albanensis
1426 1416 1570 1489 episcopus
1587 1418 1741 1492 subscripsi.

1068 1500 1128 1573 Ego
1143 1500 1293 1572 llaynerius
1320 1501 1411 1572 presb.
1440 1503 1515 1560 card.
1541 1504 1580 1562 tit.
1606 1505 1713 1563 Sanctae
1733 1508 1836 1566 Priscae

298 1275 485 1348 Pricilepiuaa
498 1289 549 1347 pro
564 1272 691 1330 Ecclesia
706 1269 864 1327 Ferulaaa.

414 1374 504 1442 (Anno
519 1372 601 1440 lttt,
616 1371 694 1425 blart.
712 1368 753 1440 6.)

323 1472 470 1542 [Uacerra
486 1468 576 1524 ltalia
592 1481 686 1532 ramo,
702 1465 751 1532 lll,
767 1463 842 1536 lla]

219 1585 410 1640 Coernsrraus
425 1579 578 1651 episeopus,
594 1591 687 1633 servus
702 1588 842 1630 seruorum
857 1571 917 1638 Dei,
934 1586 983 1627 re·
1030 1588 1118 1644 subsc·

180 1672 295 1728 nerabili
311 1671 386 1727 lratri
401 1671 545 1733 lanarum,
562 1664 696 1722 Fesulano
716 1662 854 1762 episcopo,
870 1659 1021 1761 ejusqueB
1067 1679 1127 1750 Ego
1142 1678 1232 1735 Gom
1247 1679 1336 1751 presb·
1351 1679 1426 1736 Μ
1441 1681 1481 1737 ω·
1498 1691 1597 1739 sanem
1608 1683 1724 1743 emili&
1737 1688 1834 1747 subsc·

180 1761 380 1819 successoribus
394 1757 523 1814 canocice
538 1753 730 1810 substituendis
752 1768 780 1806 ιιι
807 1759 976 1823 perpetuum.
1069 1767 1259 1838 pgoqhomas
1273 1768 1390 1840 presby,
1408 1770 1482 1826 md⁸
1500 1772 1539 1827 m·
1556 1773 1673 1830 vestium
1686 1776 1777 1834 subsc·

211 1852 252 1906 Ex
265 1851 410 1907 commisso
424 1846 535 1903 nobisa
551 1846 606 1900 lleo
622 1841 788 1913 apostolatus
803 1837 903 1905 officio,
920 1837 977 1892 lra-
1068 1856 1127 1928 1330
1140 1856 1269 1912 Nimbus
1283 1857 1401 1929 presby,
1421 1858 1496 1915 card·
1513 1861 1551 1916 fi,
1567 1861 1596 1918 s.
1612 1863 1714 1934 cyriaci
1738 1865 1832 1922 subsc·

176 1940 265 1996 tribus
288 1939 396 2003 nostris,
412 1944 467 1991 tam
482 1933 577 1992 vicinis
591 1948 671 2003 qnam
700 1931 782 2002 longe
806 1926 909 1999 positis,
925 1941 977 1997 pa·
1066 1945 1126 2016 Ego
1141 1944 1300 2001 flansoedus
1316 1947 1407 2016 pm
1418 1949 1491 2004 cm
1509 1949 1549 2005 m·
1561 1951 1590 2006 S·
1603 1950 1711 2009 sabim
1723 1953 1831 2011 subscr·

173 2038 251 2085 terna
266 2044 316 2085 nos
331 2025 455 2083 convenit
484 2022 639 2095 provisione
667 2019 823 2086 consulere,
839 2023 865 2071 et
879 2014 976 2070 Ecclc·
1065 2033 1126 2105 Ego
1142 2033 1230 2090 fluido
1246 2034 1374 2090 diaconus
1389 2036 1438 2092 33·
1454 2037 1564 2094 Cosmoe
1592 2047 1619 2096 e,
1641 2041 1767 2099 nummi
1790 2060 1830 2099 a·

172 2118 229 2185 siis,
247 2133 308 2189 quoe
323 2115 439 2172 Domino
453 2112 569 2168 militare
582 2116 738 2175 noscuntur,
754 2121 831 2161 suam
844 2103 974 2175 justitiam
1065 2122 1124 2195 Ego
1140 2123 1275 2179 Gemdus
1298 2124 1367 2180 dim
1395 2126 1470 2182 md·
1487 2126 1515 2183 S·
1531 2128 1623 2185 Hm
1646 2129 1674 2186 in
1686 2131 1835 2188 Dominio&

170 2211 399 2274 conseruerant,
424 2199 654 2274 quemadmodum
676 2197 836 2266 disponente
859 2193 975 2249 Domino
1028 2210 1117 2267 subsc⁸

170 2297 265 2352 Patres
279 2308 410 2351 vocamur
424 2294 452 2346 in
468 2290 587 2353 nornine,
605 2288 641 2342 ita
655 2284 832 2341 nihilominus
844 2294 973 2352 compro·
1068 2301 1126 2373 Ego
1140 2301 1257 2357 Jounnes
1271 2302 1340 2358 di„
1356 2303 1428 2358 card·
1444 2303 1472 2359 s¹
1489 2304 1581 2362 fflfiae
1594 2306 1680 2364 Nm
1692 2308 1786 2367 subse·

168 2384 269 2441 besum·
284 2384 310 2439 in
328 2397 420 2454 ⁰P0l0·
438 2381 524 2450 Hujus
536 2376 576 2434 ‘⁰¹
591 2377 689 2449 Smila
705 2373 802 2429 ‘mem
816 2372 844 2425 ³¹¹
858 2369 975 2425 D⁰¹¹¹¹¹¹⁰
1067 2390 1165 2446 Datum
1180 2391 1304 2446 Laterani
1331 2407 1381 2463 par
1403 2407 1514 2448 manum
1530 2394 1642 2450 Gerardi
1656 2396 1685 2453 S.
1700 2403 1834 2456 Romanas

171 2473 267 2543 irater,
281 2488 376 2544 preces
406 2477 465 2524 tuas
479 2465 652 2523 rationabiles
678 2461 825 2517 elementer
853 2456 974 2513 admitti·
1027 2478 1154 2534 Eoelesiae
1170 2478 1317 2550 pmbyqefi
1336 2480 1481 2536 “spinalis
1508 2498 1539 2538 ,ο
1566 2483 1765 2541 bibliofflewlj
1781 2504 1830 2542 se,

173 2578 244 2628 mus,
260 2568 286 2617 el
300 2560 461 2616 Fesulanam
476 2554 628 2621 ecclessissms
644 2551 687 2607 01¹1
701 2551 760 2606 ⁰0⁰
775 2555 882 2605 ⁸⁰⁰¹⁰l⁰
899 2561 974 2616 9¹³³·
1028 2567 1116 2623 cundo
1130 2569 1223 2623 Nonas
1238 2568 1334 2634 Martii,
1351 2569 1444 2626 indict.
1463 2586 1499 2638 ιι,
1516 2573 1710 2629 lneamationis
1728 2575 1832 2632 Domi·

176 2666 237 2706 esse
252 2647 429 2722 dignosceris,
445 2644 496 2700 sub
510 2646 540 2698 B.
555 2641 628 2698 l‘etri
654 2648 681 2696 et
702 2647 795 2737 nostra
810 2634 975 2733 pmtectiorre
1028 2656 1097 2712 ΠΜ
1118 2672 1188 2712 ,nno
1211 2658 1290 2728 1143,
1306 2658 1408 2731 pomis·
1427 2674 1491 2716 ,010
1504 2661 1539 2717 D,
1556 2661 1691 2718 Coeqfflfinp
1704 2678 1789 2735 pap„
1803 2666 1829 2720 ῃ

178 2739 349 2811 suscipimus,
366 2743 393 2791 et
405 2732 544 2807 praesentis
558 2729 649 2802 scripti
665 2728 808 2800 privilegio
821 2739 975 2781 commum-
1028 2759 1100 2800 anno
1116 2746 1135 2811 1,
1154 2751 1206 2802 eto,

180 2844 250 2897 mus,
267 2831 412 2881 statuentes
438 2830 468 2878 ut
496 2833 668 2891 quascunque
691 2814 883 2889 possessiones,
897 2827 975 2883 quae·

175 2931 281 2986 cunque
309 2914 382 2969 bona
410 2912 438 2966 in
465 2907 667 2981 praesentiarum
693 2904 765 2975 juste
794 2911 821 2959 et
846 2902 976 2959 canonico

176 3003 308 3078 possides,
325 3008 371 3058 aut
393 3000 422 3054 in
443 2991 563 3054 lutnrum
577 2992 783 3051 rationabilibus
802 2991 900 3062 modis,
915 2991 973 3044 Deo

175 3093 292 3167 propitio
321 3089 421 3163 poteris
450 3084 574 3158 adipisci,
589 3083 666 3140 firma
683 3082 731 3138 tibi
746 3082 851 3152 tuisque
865 3095 973 3135 succes·

176 3183 293 3252 sonibus,
310 3189 335 3237 et
350 3195 399 3252 per
413 3193 461 3234 vos
475 3174 619 3231 Fesulanae
645 3172 789 3242 Ecclesiae,
819 3178 845 3225 et
872 3168 976 3224 illibata

179 3277 366 3344 permaneant.
387 3269 418 3322 ln
434 3264 532 3337 quibus
541 3265 600 3319 haec
613 3261 729 3335 propriis
742 3260 869 3315 duximus
881 3256 975 3327 expri-

177 3361 278 3417 menda
294 3350 659 3415 vocabulis2monasterium
675 3349 761 3406 sancti
776 3344 975 3411 bartholomaei,
1061 3346 1253 3403 Coetasrruus
1282 3347 1440 3421 episcopus,
1470 3367 1565 3407 servus
1592 3369 1731 3412 sorvorum
1765 3355 1831 3425 Dei,

178 3449 250 3520 quod
275 3446 380 3504 Fesulis
398 3444 478 3499 situm
495 3448 550 3510 est;
567 3437 758 3495 monasterium
775 3437 804 3493 S.
820 3435 927 3490 llartini
949 3434 977 3488 in
1027 3435 1177 3492 venerabili
1205 3435 1281 3492 lratri
1314 3436 1461 3494 Garruoru
1496 3439 1659 3498 Ferrariensi
1698 3443 1832 3518 episcopo

178 3538 301 3607 lllajano,
329 3532 521 3589 monasterium
537 3530 566 3585 S.
583 3527 727 3584 Gaudentii
755 3526 782 3580 in
809 3524 878 3596 pede
893 3521 976 3592 Alpis,
1027 3523 1138 3594 ejusque
1166 3524 1365 3580 successoribus
1392 3527 1553 3599 regulariter
1574 3528 1778 3602 substituendis,
1801 3533 1832 3589 in

178 3627 287 3697 plebem
317 3623 347 3679 S.
372 3622 442 3677 Petri
466 3620 499 3675 de
526 3620 656 3683 Romana,
688 3614 841 3687 plebemll.
861 3611 979 3668 Petrido
1027 3620 1196 3685 perpetuum.

181 3714 307 3782 Caecina,
322 3709 430 3784 plebem
446 3708 478 3765 S.
497 3705 612 3764 Joannis
626 3704 660 3761 de
675 3702 803 3776 caprilia,
819 3701 927 3774 plebem
942 3701 974 3756 S.
1063 3700 1105 3755 td
1120 3702 1171 3756 boc
1184 3706 1212 3756 tn
1227 3701 1381 3770 apostolicae
1410 3702 1481 3759 sedis
1508 3705 1646 3778 cathedra,
1668 3707 1834 3781 disponente

179 3801 292 3860 Leonini
310 3801 339 3856 in
352 3799 468 3856 Collina.
499 3798 616 3852 Caeteras
629 3808 694 3852 vero
709 3801 763 3848 tam
779 3791 882 3865 plebes,
898 3805 979 3861 quarn
1028 3788 1156 3856 Domino,
1173 3789 1307 3844 constituti
1322 3805 1380 3845 esse
1394 3791 1587 3864 conspicimur,
1604 3803 1633 3850 ut
1646 3794 1832 3855 Ecclesiamm

180 3891 316 3959 ecclesias,
332 3904 393 3960 quae
406 3885 544 3943 Fesulanae
560 3884 680 3940 ecclesiae
698 3881 768 3953 juris
788 3896 846 3937 esse
861 3894 980 3936 noscun-
1029 3878 1149 3934 omnium
1178 3893 1269 3933 curam
1284 3894 1389 3951 gerere,
1403 3880 1448 3951 jus
1466 3898 1545 3938 suurn
1575 3883 1672 3956 cuique
1700 3885 1832 3958 tribuere,

183 3989 236 4047 tur,
253 3979 363 4035 castella
386 3992 503 4048 quoque,
520 3974 607 4040 villas,
635 3987 668 4028 ac
695 3971 761 4025 alias
786 3968 979 4042 possessiones,
1030 3967 1179 4040 presertim
1194 3965 1227 4021 iis
1241 3967 1286 4036 qui
1304 3966 1376 4025 beati
1391 3969 1462 4025 Petri
1477 3971 1552 4040 juria
1574 3973 1702 4042 erismae,
1718 3990 1835 4034 conser-

180 4070 249 4125 sicut
265 4068 293 4123 in
306 4065 450 4140 privilegio
465 4060 673 4136 predecessoris
687 4059 770 4115 nostri
784 4057 864 4115 bonae
878 4071 982 4113 memo·
1029 4072 1094 4114 aare
1110 4063 1137 4110 et
1155 4054 1259 4128 integre
1273 4054 1430 4113 debeamus.
1447 4057 1487 4114 tu
1501 4062 1642 4136 exemplar
1652 4071 1743 4135 itaque
1757 4081 1834 4136 prte-

180 4158 228 4215 riae
251 4155 400 4212 lnnocentii
428 4169 507 4225 papae
534 4148 693 4206 nominatim
720 4147 799 4204 robis
826 4144 983 4202 confirmata
1030 4143 1178 4200 decessoris
1207 4145 1288 4200 nostri
1305 4146 1384 4202 boum
1399 4148 1538 4204 memoriae
1564 4167 1643 4223 papae
1670 4153 1833 4227 Innocentii,

182 4256 253 4316 sunt,
269 4243 455 4302 ordinationes
482 4240 563 4295 etiarn
592 4237 780 4310 praedictorum
800 4234 982 4291 monasterio·
1029 4235 1107 4306 juxta
1121 4222 1241 4289 tenorem
1254 4233 1472 4315 privilegiorum,
1489 4238 1697 4297 Ferrariensium
1722 4242 1833 4316 episeo-

182 4353 253 4402 rum,
283 4342 310 4391 et
336 4328 538 4403 baptismalium
564 4326 748 4394 ecclesiarum,
767 4340 826 4395 qua
844 4323 984 4380 Fesulanae
1031 4339 1107 4395 pum,
1119 4338 1135 4377 a
1149 4321 1331 4379 cardinalibus
1344 4325 1442 4380 nostris
1454 4327 1620 4400 eligendum,
1632 4337 1660 4387 et
1672 4331 1835 4391 altomonte

184 4424 305 4482 ecclesiae
334 4419 530 4485 subditaesunt,
546 4415 635 4470 nullus
650 4413 752 4484 absque
767 4420 857 4468 uestro
872 4400 1105 4468 assensuDsedis
1133 4410 1249 4467 antistite
1284 4413 1495 4470 consecrandum
1529 4415 1722 4489 decreuimu83
1751 4428 1834 4494 atqua

182 4514 234 4570 sibi
250 4525 378 4582 usurpare
395 4510 553 4579 praesumat.
575 4507 605 4560 ln
620 4502 732 4575 capellis
759 4508 849 4557 autem
875 4508 980 4557 restra·
1034 4499 1233 4556 Ferrarionsem
1248 4500 1394 4556 Ecclesiam
1409 4503 1531 4573 subjure
1557 4513 1584 4561 et
1610 4505 1731 4565 dominio
1760 4509 1836 4566 sedis

184 4619 244 4660 rum
259 4598 379 4673 plebium
394 4597 507 4652 liberam
522 4592 729 4659 ordinationem,
745 4598 771 4646 et
785 4588 902 4646 debitam
917 4589 980 4646 obe·
1034 4588 1188 4661 apostolica
1203 4589 1254 4644 hoc
1267 4587 1374 4645 decreto
1397 4607 1507 4648 manere
1521 4594 1670 4653 sancimus.
1686 4597 1725 4653 Te
1738 4597 1834 4671 igitur,

184 4689 312 4747 dientiam
341 4685 444 4757 absquo
481 4681 594 4752 alicujus
628 4679 839 4736 contradictione
871 4677 982 4750 plebani
1035 4679 1107 4734 clero
1122 4684 1148 4733 et
1161 4676 1262 4749 populo
1276 4677 1438 4735 Ferrarieusi
1458 4680 1660 4753 persistentibus
1686 4685 1721 4742 ad
1750 4687 1837 4744 instar

184 4781 319 4848 babeant,
350 4776 419 4831 sicut
447 4789 497 4845 per
523 4769 696 4842 priuilegium
729 4767 816 4824 selicis
843 4766 982 4823 memoriae
1035 4766 1262 4839 praedeeessorum
1291 4775 1443 4823 nostrorum
1473 4769 1559 4826 felicis
1585 4774 1732 4844 memoria,
1754 4776 1835 4834 vira.

186 4868 322 4926 Paschalis
350 4880 428 4938 pnpae
454 4863 493 4918 eis
521 4875 680 4917 concessum
704 4864 751 4925 est,
779 4855 855 4912 salva
879 4853 982 4927 proprii
1037 4856 1111 4921 liani,
1127 4855 1264 4922 Hadriani,
1279 4856 1385 4923 leonis,
1400 4857 1548 4926 llenedicti,
1575 4860 1695 4930 Joannis,
1709 4864 1836 4922 Menan.

188 4957 307 5031 episcopi
322 4956 414 5011 debita
427 4949 585 5008 reuerentia.
607 4948 712 5003 Partem
727 4961 791 5002 vero
806 4942 982 5000 decimarumi
1037 4944 1087 5015 dri,
1100 4944 1246 5011 Paschalis,
1262 4953 1288 4999 et
1303 4946 1462 5015 lunocentii,
1478 4948 1662 5006 Rornanorum
1675 4952 1835 5023 pontificum

185 5048 364 5111 oblationum,
382 5047 609 5104 testamentorum,
627 5042 654 5091 et
668 5041 825 5090 caeterorum
849 5033 982 5089 redituum
1037 5040 1135 5089 sanctae
1163 5033 1326 5088 Ferrariensi
1354 5034 1494 5106 Ecclesia,
1524 5044 1650 5108 tanquam
1679 5043 1838 5112 apostolieae

186 5133 427 5191 ecclesiasticorum
456 5145 504 5201 per
528 5134 644 5183 restrum
673 5123 856 5195 episcopatum
883 5138 981 5178 secun·
1035 5122 1107 5179 sedis
1120 5121 1182 5176 liliae
1197 5120 1295 5177 landos
1309 5121 1430 5192 ejusdem
1446 5124 1538 5181 matris
1552 5133 1578 5183 et
1591 5128 1753 5199 patrimonia
1768 5147 1839 5188 con.

184 5224 248 5278 dum
263 5229 360 5278 statuta
373 5235 506 5276 canonum
520 5214 599 5273 robis
613 5211 812 5280 confirmamus,
827 5218 854 5265 et
868 5219 895 5265 ut
909 5211 982 5267 nulla
1035 5209 1196 5266 firmamus:
1213 5209 1299 5281 ipsam
1329 5211 1454 5269 videlicet
1481 5230 1599 5271 massam
1628 5216 1835 5292 Babylonicum,

187 5312 302 5368 ecclesia
325 5311 352 5364 in
377 5308 474 5364 eodem
498 5305 654 5376 episcopatu
682 5306 859 5368 construatur,
873 5308 980 5356 etcou·
1035 5315 1096 5371 quae
1110 5305 1219 5356 vocatur
1233 5299 1364 5366 Ferraria,
1393 5317 1454 5357 cum
1482 5302 1625 5360 duodecim
1649 5304 1741 5362 suadis
1767 5310 1838 5381 suis,

184 5406 284 5456 structa
311 5397 413 5469 absque
440 5401 529 5452 restra
556 5390 663 5448 licentia
689 5388 801 5445 cuilibet
824 5387 982 5458 subjiciatur
1035 5389 1077 5445 cui
1092 5387 1158 5444 alias
1176 5387 1302 5444 undecim
1316 5405 1418 5446 massas
1431 5399 1535 5448 nostras
1549 5393 1668 5451 minores
1681 5410 1743 5451 cum
1757 5398 1837 5457 omni

185 5486 380 5554 interdicimus,
395 5481 470 5540 salve
485 5488 575 5537 tamen
589 5479 616 5535 in
629 5477 754 5535 omnihus
768 5475 896 5533 Romanae
910 5476 982 5533 sedis
1034 5475 1189 5534 obedientia
1202 5484 1283 5549 atque
1296 5477 1423 5536 seruitute
1437 5479 1636 5557 subrogamua3
1660 5481 1689 5540 id
1702 5492 1744 5542 est
1756 5502 1836 5545 raas·

181 5574 288 5654 jutitia
301 5581 329 5635 st
340 5569 508 5633 auctoritate.
522 5566 698 5628 Decamimua
716 5579 782 5640 erpo
795 5570 825 5623 ut
837 5563 905 5624 nulli
917 5579 980 5624 om·
1034 5582 1092 5626 sam
1107 5571 1135 5624 et
1146 5565 1234 5643 ripam
1261 5566 1420 5628 Palatiolum
1431 5584 1493 5628 curn
1507 5569 1652 5631 duodecim
1670 5571 1763 5634 bladis
1776 5576 1835 5638 suis

1418 2871 1449 2928 l..

1131 2992 1314 3066 Priuilepr'am
1327 3010 1379 3067 pro
1393 2995 1519 3053 Ecclesia
1532 2997 1722 3057 Ferrariems‘.

1253 3111 1344 3179 (Anno
1360 3110 1438 3177 llll,
1454 3112 1534 3168 biart.
1554 3115 1594 3185 b.)

1244 3223 1459 3295 [docueramus
1476 3227 1511 3296 11,
1528 3227 1602 3302 ²⁶⁵!

987 3041 1012 3107 C
