3750 6000
146 264 226 328 1523
586 258 793 321 wthtetvtt
813 255 1190 319 Mathusaunttertffls
1210 256 1385 319 MONAclll
1773 258 1842 320 teat

144 399 248 466 additi,
274 395 441 463 wallensis,
470 392 641 457 cridiensis,
670 390 887 447 cornubiensis.
911 388 968 446 Nec
982 390 1190 457 Aintroduclu
1214 388 1244 445 iu
1266 389 1464 461 episcopatum
1486 387 1645 445 Wiutcnias
1661 388 1751 447 Wine
1766 405 1843 448 voua-

145 478 966 560 multopostsextusiniiamesburia.Dequibuaomni-
1020 478 1100 546 bulo,
1128 477 1248 535 homine
1270 476 1443 550 Auglo,sed
1473 478 1550 549 apud
1575 477 1676 535 callos
1707 480 1843 548 ordinate,

143 578 198 634 bus
224 575 294 648 quia
316 574 483 629 ordinatum
511 585 675 626 sermonem
702 570 847 625 mediatur
861 568 963 635 oratio,
1020 568 1164 625 abscessit
1180 568 1320 624 intensus.
1332 567 1389 623 Nec
1400 567 1449 623 diu
1462 567 1579 623 invasor
1595 567 1665 624 iuvit
1681 569 1790 637 otium,
1801 574 1842 626 set

143 665 272 739 primum
283 678 334 735 pru
349 660 492 733 dignitate
514 659 637 716 civitatis
657 660 693 715 de
710 658 908 715 Wiutouiensi
922 658 968 715 di·
1022 657 1155 729 ejusdem
1167 657 1244 728 regis
1259 658 1412 730 tyrannide
1428 656 1531 730 pulsus
1547 658 1582 713 sd
1594 656 1739 714 Ulierium
1756 672 1843 731 regem

144 753 281 810 cendum.
1023 746 1198 804 Marciorum
1212 746 1280 804 iecit
1294 745 1462 818 coniugium
1480 763 1487 802 ε
1510 757 1670 819 emptoque
1687 747 1727 802 ab
1742 763 1776 803 eu
1790 747 1845 818 cpi-

179 840 421 913 'l'emporaigitur
434 856 492 911 quo
503 838 671 911 Kinegislus
685 836 966 908 etQuicelmusapud
1024 840 1143 909 scopato
1168 836 1323 893 Londuniae
1340 837 1402 894 dies
1417 838 1482 893 vitae
1510 837 1646 893 residuus
1664 838 1846 911 consumpsit

145 933 352 987 westsaxones
368 930 541 1000 regnabant,
554 925 670 982 cirinus
685 925 969 995 (dubiumuudeori
1023 943 1098 983 sevo
1126 926 1259 998 exemplo
1281 925 1415 998 posteris,
1432 929 1465 981 ut
1489 942 1546 982 nou
1565 926 1683 983 facilem
1704 926 1844 984 discernas

145 1021 255 1087 nudus)
270 1018 404 1075 hortante
424 1017 550 1073 Honorio
566 1032 640 1089 popa
656 1016 685 1071 in
701 1014 880 1072 Britanniam
897 1030 969 1087 prae-
1024 1016 1261 1087 majorepeccato
1276 1020 1306 1072 et
1320 1014 1583 1084 inlamia,anillius
1597 1016 1727 1087 quirem
1744 1032 1844 1073 sscran

145 1107 300 1165 dicationis
316 1123 423 1163 munus
434 1106 573 1176 suscepit.
586 1104 802 1176 Ordinatusque
815 1105 843 1160 in
858 1104 969 1175 episco·
1023 1120 1128 1161 venum
1145 1103 1335 1176 proposuerit,
1352 1121 1389 1161 an
1406 1103 1485 1161 illius
1500 1105 1550 1176 qui
1566 1105 1685 1163 emerit.
1702 1106 1783 1162 Tum
1796 1108 1845 1162 ,to-

146 1214 216 1270 pum
233 1198 269 1253 ab
284 1191 970 1264 AsterieGeuuensiepiscopopertanditadpe-
1025 1193 1165 1266 gilbertus
1190 1210 1241 1266 per
1256 1193 1376 1250 nuntios
1404 1194 1481 1267 regis
1508 1201 1647 1251 exoratus
1675 1198 1711 1250 ut
1741 1196 1844 1261 rediret,

146 1286 241 1361 lagos,
258 1302 316 1360 quo
331 1285 511 1341 Britanniam
522 1283 876 1354 transmitteretcumque
887 1296 969 1337 recu·
1025 1283 1173 1340 axcusarit
1196 1282 1366 1352 adventum,
1387 1283 1465 1355 quod
1492 1283 1634 1340 Parisiaci
1663 1283 1845 1357 episcopatus

145 1378 190 1433 las
205 1393 274 1432 suas
285 1378 313 1432 in
330 1375 459 1431 sarcinas
469 1375 665 1442 componeret,
679 1371 774 1427 nautis
785 1387 838 1443 pro
848 1376 972 1442 tempes-
1026 1369 1153 1427 vinculis
1165 1375 1313 1427 teneretur
1324 1371 1469 1427 astrictus.
1485 1370 1526 1427 Ne
1543 1375 1643 1427 tamen
1659 1387 1748 1444 spem
1763 1380 1846 1444 pustu-

146 1465 205 1522 tivo
229 1468 315 1520 ventu
344 1461 529 1533 urgentibus,
545 1459 706 1532 corporalia
726 1462 801 1531 (quc
823 1460 970 1531 dicuntur)
1025 1460 1112 1518 lentis
1122 1459 1263 1528 eluderet,
1275 1460 1354 1516 misit
1369 1467 1503 1533 nepotem
1513 1458 1758 1532 hutherium,qui
1770 1477 1846 1533 pruno

143 1555 317 1611 oblitusest.
335 1551 388 1606 Sed
401 1551 462 1620 jam
475 1549 505 1604 in
521 1549 612 1605 altum
628 1553 794 1621 promotus,
807 1564 874 1604 cum
890 1565 971 1606 aare·
1026 1549 1251 1623 provincialium
1280 1565 1405 1607 assensu
1431 1553 1582 1621 exceptus,
1606 1553 1638 1607 et
1663 1568 1680 1605 a
1705 1551 1847 1607 Theodoro

146 1657 214 1698 num
231 1639 441 1711 salumpuppis
452 1637 580 1694 sulcaret
591 1638 971 1709 tetareeordatusjroture
1026 1639 1244 1712 archiepiscopo
1260 1642 1460 1706 consecratus,
1471 1655 1508 1695 vu
1523 1637 1608 1695 aunis
1622 1638 1846 1697 Westsaxonun

145 1729 230 1786 haesit
255 1733 352 1785 mente
377 1744 383 1782 :
402 1728 428 1783 ai
444 1731 548 1783 nautas
562 1726 722 1800 appellaret
736 1726 772 1782 de
796 1727 903 1796 reditu,
919 1744 970 1798 pro
985 1718 1009 1786 B
1025 1728 1098 1784 rexit
1112 1727 1362 1793 eeclesiam.0ucd
1375 1727 1440 1784 ideo
1456 1743 1514 1783 uon
1530 1727 1620 1797 tacui,
1637 1727 1709 1801 quia
1724 1729 1761 1785 de
1776 1728 1847 1784 suuis

142 1821 274 1879 secunda
288 1820 473 1893 navigatione
488 1835 545 1875 non
571 1818 692 1876 dubium
707 1819 779 1890 quin
804 1818 970 1888 rideretur3
1026 1817 1212 1890 episcopatus
1243 1817 1306 1888 ejus
1328 1816 1406 1875 Beda
1427 1815 1501 1874 nihil
1529 1833 1704 1888 expressum
1732 1819 1847 1892 reliquit,

143 1910 169 1968 si
199 1911 318 1977 taceret,
335 1909 478 1965 damnum
499 1907 650 1980 apostolici
666 1907 796 1964 muneris
815 1911 970 1978 pateretur.
1027 1905 1148 1963 mihies
1175 1906 1325 1964 chronicis
1344 1906 1497 1979 cognitum
1520 1907 1714 1965 dissimulare
1744 1907 1847 1965 silentio

146 2019 159 2052 ι
177 1999 280 2072 ltaque
294 1999 482 2054 animositate
496 2000 557 2053 tota
576 1995 758 2053 credulitatis
773 2011 856 2054 arma
870 2012 974 2054 coucu·
1028 1999 1134 2068 prester
1148 1995 1320 2069 religionem
1335 1995 1500 2053 videbatur.

146 2088 233 2153 tiens,
250 2085 973 2159 descenditpedibusinmare,uunuitoquecursn
1063 2085 1133 2157 Ejus
1162 2100 1316 2142 successor
1336 2084 1473 2156 luitplus
1495 2101 1551 2142 xxx
1574 2086 1662 2142 annis
1679 2086 1849 2161 ilcdda,qui

145 2177 230 2235 littus
247 2178 379 2234 relictum
397 2176 523 2249 repetiit.
539 2175 582 2232 lbi
595 2176 795 2250 corporalibus
810 2176 934 2250 repertis
946 2179 975 2234 et
1028 2174 1110 2247 prius
1126 2173 1220 2230 luerat
1244 2173 1404 2230 monachus
1423 2177 1454 2231 et
1471 2173 1574 2231 abbas.
1590 2173 1677 2231 Hunc
1694 2175 1778 2232 Beda
1791 2176 1849 2232 dicit

146 2267 273 2338 acceptia
292 2266 437 2339 geminato
454 2266 538 2323 beate
562 2264 712 2322 felicitatis
732 2281 805 2323 ausu
820 2264 859 2322 ad
879 2265 974 2323 socios
1026 2264 1157 2321 ostiolum
1173 2263 1333 2321 exercuisse
1346 2262 1441 2334 magis
1456 2263 1544 2320 insito
1559 2263 1617 2321 sibi
1644 2279 1753 2322 amore
1766 2265 1847 2322 virtu·

144 2354 242 2421 rediit,
268 2354 411 2409 undarum
441 2352 576 2409 cumules
591 2357 620 2408 et
643 2351 724 2408 mille
746 2352 845 2409 obrias
865 2357 973 2409 mortes
1026 2357 1100 2415 tum,
1117 2370 1206 2426 quarn
1222 2351 1312 2409 ullius
1333 2352 1502 2409 litteraturae
1523 2352 1661 2409 doctrina
1685 2353 1846 2426 praeditum

144 2442 202 2498 ilde
212 2442 393 2515 dispergens.
405 2464 417 2495 s
428 2440 971 2514 llliquequetanioemollitimiraculo,
1026 2443 1108 2500 Unde
1123 2458 1180 2499 nou
1196 2458 1284 2512 parvo
1300 2440 1698 2514 moveorscrupulu,quippa
1714 2443 1768 2515 qui
1783 2442 1847 2516 lega·

30 2600 33 2605 ³
141 2531 230 2605 jactis
241 2529 378 2588 anchoris
393 2547 514 2587 cursum
528 2531 611 2587 navis
624 2531 973 2605 tenueruntcuspropter
1026 2533 1082 2590 rim
1097 2533 1163 2603 eius
1178 2530 1532 2605 turmalesepistolasoou
1546 2530 1772 2589 nimisiudocte
1783 2547 1847 2589 com·

143 2622 278 2680 certatim
290 2619 573 2692 omniumubsequio
585 2625 792 2693 receptus,nuu
805 2620 972 2693 multopcst
1025 2623 1144 2696 positas,
1160 2627 1189 2679 et
1211 2620 1326 2678 adelmi
1352 2621 1387 2677 ad
1404 2636 1471 2678 eum
1491 2620 1602 2692 scripta
1622 2622 1787 2679 maximam
1800 2621 1847 2677 viu

144 2709 342 2766 coutinentem
367 2708 486 2781 attingit
500 2709 528 2764 iu
556 2709 674 2781 regione
688 2708 927 2767 Westsaxonum.
944 2712 971 2768 le
1024 2710 1195 2784 eloquentie
1220 2715 1248 2768 et
1272 2711 1400 2767 scientie
1416 2709 1586 2768 redolentia.
1602 2710 1783 2769 Sanctitstis
1798 2712 1849 2782 ejus

145 2803 207 2856 erat
221 2814 318 2854 annus
334 2815 370 2853 rr.
386 2802 452 2869 post
466 2799 625 2854 adventum
640 2799 804 2871 Augustini,
821 2801 971 2872 regnanti·
1025 2800 1214 2858 reverentiam
1231 2815 1372 2857 uumerus
1383 2798 1593 2857 miraculorum
1607 2800 1849 2858 coelituscmisse

144 2888 201 2943 bus
224 2887 371 2959 praedietis
393 2888 522 2959 regibus,
537 2904 614 2944 anno
628 2905 695 2954 xxv,
712 2887 861 2959 pollicitos
877 2889 971 2945 iuerat
1025 2890 1250 2948 rumhominum
1261 2890 1459 2947 manifestavit
1474 2889 1583 2945 notitiae
1600 2904 1684 2963 :quas
1697 2891 1849 2949 nunciate

144 2974 266 3032 Biriuus
287 2975 415 3031 Honorio
435 2992 526 3047 papa,
544 2976 621 3048 quud
640 2980 784 3033 extremas
809 2978 969 3050 angiorum
1026 2980 1082 3037 rim
1097 2981 1257 3054 supprimit
1267 2983 1421 3036 contentus
1435 2978 1528 3052 gloria
1541 2979 1612 3036 olim
1629 2984 1699 3052 post
1715 2986 1847 3039 recentem

144 3069 311 3138 penetraret
326 3065 544 3138 provincias,ibi
555 3066 734 3124 credulitatis
749 3073 867 3125 saturus
882 3039 1009 3125 semi·c
1027 3069 1143 3126 obitum
1159 3069 1315 3143 acquisita.

145 3172 196 3223 ua,
214 3155 263 3212 uhi
279 3170 333 3211 neo
348 3154 497 3226 Evangelii
512 3156 616 3213 luisset
635 3173 742 3213 nomen
758 3158 903 3214 auditum.
920 3159 972 3216 lle·
1065 3159 1129 3231 lpse
1146 3159 1293 3228 deiunoto,
1314 3158 1383 3230 quia
1397 3157 1532 3215 diaecesis
1546 3158 1612 3229 ejus
1626 3159 1664 3216 ab
1679 3175 1744 3217 uno
1755 3158 1846 3231 nequi·

145 3250 324 3315 rumtamen,
343 3245 481 3303 continuo
495 3251 527 3303 ut
542 3246 666 3319 appulit,
683 3264 786 3305 omues
797 3248 837 3304 ibi
852 3249 971 3305 sacrile·
1027 3247 1076 3304 bat
1089 3248 1245 3320 gubernari
1257 3248 1360 3305 idonee
1374 3264 1426 3320 pro
1441 3247 1583 3305 circuitus
1598 3247 1800 3319 spaciositate,
1810 3248 1846 3303 di·

145 3334 191 3407 gis
206 3333 308 3391 ritibus
322 3334 553 3405 pertinacissima
568 3336 681 3394 deditus
696 3338 815 3395 invenit.
832 3339 972 3404 Quocirca
1025 3335 1088 3392 visa
1103 3341 1148 3393 est
1162 3336 1192 3391 in
1209 3337 1282 3394 duas
1294 3356 1301 3407 ;
1312 3354 1371 3393 uua
1386 3339 1454 3393 data
1471 3336 1592 3405 Danieli,
1602 3337 1698 3393 altera
1713 3337 1844 3394 Aldelmo.

145 3422 260 3478 ictuum
276 3421 372 3479 visum
388 3428 433 3480 est
446 3422 568 3481 ulterius
581 3426 764 3498 pertendere,
778 3435 818 3498 et,
829 3443 894 3484 curn
911 3429 971 3487 illic
1024 3424 1065 3483 De
1081 3424 1214 3483 Aldelmo
1230 3434 1257 3483 et
1274 3427 1339 3498 ejus
1354 3426 1572 3485 successoribus
1590 3430 1715 3499 tempus
1730 3425 1786 3484 erit
1798 3425 1845 3482 lieu

145 3511 374 3569 nuliumsauum
390 3513 540 3586 reperiret,
556 3516 778 3588 agroa,quibos
795 3518 969 3588 mederetur,
1025 3516 1132 3572 comite
1156 3531 1223 3573 cum
1248 3532 1343 3573 sermo
1362 3514 1548 3587 procudetur,
1564 3519 1714 3589 quantum
1740 3511 1845 3573 utilitati

146 3615 284 3672 quarere.
300 3601 414 3658 Restitit
428 3608 539 3676 ergo,et
554 3620 619 3662 cum
631 3605 728 3663 divino
741 3611 826 3674 nutu,
838 3612 901 3664 tum
916 3624 970 3665 suo
1025 3605 1193 3661 auditorum
1210 3605 1338 3661 sufficiat
1354 3621 1361 3672 ;
1377 3621 1455 3661 nunc
1471 3604 1658 3677 utspcpondi
1674 3606 1845 3682 Wiutuuisn·

146 3689 250 3747 adnisu
266 3691 346 3763 prius
356 3691 411 3764 ipsi
428 3692 654 3767 regiliinegistu,
670 3712 737 3752 mox
752 3697 841 3754 etiam
852 3698 969 3769 provin·
1024 3711 1072 3752 ses
1095 3695 1259 3767 aggrediar.
1282 3694 1394 3763 Daniel,
1421 3693 1558 3752 deiuncto
1586 3694 1740 3761 atdetme,
1765 3693 1843 3752 multe

146 3777 197 3836 ciae
214 3779 293 3834 omni
312 3778 460 3837 lavucrom
477 3781 603 3841 salutare
618 3785 769 3859 impertiit.
784 3786 969 3859 Contigitqua
1023 3793 1154 3858 tempore
1182 3789 1330 3859 superstes
1351 3785 1405 3841 luit
1420 3802 1488 3842 xutn
1508 3785 1594 3843 annis
1617 3786 1648 3842 iu
1672 3786 1843 3860 episcopatu.

146 3867 288 3925 laudabili
304 3869 388 3939 plane
399 3872 577 3943 spectaculo,
592 3874 783 3932 ntdiesdiota
794 3876 971 3949 regisbnpti·
1024 3874 1223 3944 Postmodum,
1240 3880 1273 3931 ut
1286 3876 1410 3932 vivacem
1434 3880 1580 3933 senectam
1594 3880 1699 3934 sanctu
1716 3891 1843 3935 cousum-

146 3957 234 4013 smaii
249 3963 413 4015 occurreret
428 3961 498 4031 diei,
512 3979 570 4035 quo
586 3963 677 4021 filiam
693 3981 778 4022 suam
793 3966 968 4023 deliberave-
1023 3970 1116 4021 maret
1130 3967 1188 4020 otio
1203 3965 1304 4021 vivens
1329 3966 1468 4022 honorem
1492 3966 1582 4034 exuit,
1596 3965 1730 4023 llelduni
1750 3969 1843 4038 (qusu-

146 4053 190 4101 rat
201 4053 326 4128 nuptum
337 4050 595 4109 traderecawaldo
607 4055 783 4111 sanctissimi
795 4055 970 4112 Nortbauin·
1023 4058 1086 4111 tum
1101 4053 1184 4126 vixit)
1198 4055 1374 4111 monachum
1391 4069 1539 4120 exercens,
1556 4058 1589 4110 ut
1603 4055 1684 4111 lanas
1695 4055 1844 4112 lerteiuca·

144 4134 264 4191 brorum
280 4136 351 4209 regi,
368 4137 479 4196 liberali
490 4157 556 4213 ergo
571 4144 746 4201 commercio
757 4150 855 4201 actum
872 4151 925 4215 est,
939 4149 969 4201 ut
1025 4144 1097 4201 riter
1119 4161 1152 4201 ec
1172 4161 1225 4203 nus
1244 4161 1296 4217 per
1315 4145 1514 4202 successiones
1528 4159 1665 4200 manans.
1682 4143 1844 4216 ibidemque

143 4223 262 4282 iuturus
278 4226 417 4296 llinegisti
430 4231 556 4287 carnalis
567 4247 666 4304 gener,
675 4233 758 4305 prius
771 4235 834 4305 ejus
845 4235 927 4292 tieret
937 4234 968 4291 iu
1022 4232 1159 4306 sepultus
1174 4238 1367 4292 asseveratur.
1388 4234 1524 4300 Quamvis
1546 4233 1776 4292 wintonienses
1788 4247 1843 4290 suu

145 4314 290 4386 baptismo
305 4317 468 4387 spiritualis
483 4324 571 4392 pater.
593 4322 687 4396 Reges
701 4323 793 4398 igitur
812 4326 898 4382 ambo
913 4326 968 4381 de-
1026 4324 1102 4395 apud
1118 4339 1151 4380 se
1169 4324 1276 4379 habere
1303 4324 1493 4395 contendant,
1509 4338 1562 4381 nec
1584 4323 1652 4394 ejus
1667 4323 1842 4381 mausoleum

145 4402 252 4459 derunt
267 4405 450 4475 praedicatori
464 4424 517 4465 auo
532 4412 629 4466 sedem
641 4411 834 4486 episcopalem
850 4413 972 4472 Dorcas·
988 4365 1011 4432 ὓ
1027 4412 1072 4469 vel
1084 4428 1150 4469 vere
1164 4412 1209 4469 vei
1224 4412 1386 4483 suspiciose
1401 4413 1554 4470 ostendere
1565 4413 1758 4485 prevaleant.

146 4492 246 4560 triam,
257 4496 329 4548 tuno
345 4493 459 4563 urbem,
472 4498 773 4573 modovillam,quam
783 4502 972 4577 temporeillo
1063 4501 1208 4559 Successit
1224 4502 1414 4571 llumlrcdus,
1428 4503 1514 4575 cujus
1528 4501 1672 4558 memoria
1688 4502 1725 4559 iit
1739 4502 1772 4560 iu
1785 4518 1843 4559 ocu·

147 4579 720 4660 regeshabueruntWestssxonum,ssd
737 4592 969 4666 sequentiportti·
1022 4589 1091 4646 cilio
1113 4589 1265 4647 cuthberti
1300 4590 1522 4663 archiepiscopi,
1552 4591 1628 4647 Tum
1657 4589 1842 4655 ttinehardus,

147 4669 218 4726 tices
236 4671 420 4730 Marciorum.
437 4675 566 4749 Denique
582 4678 619 4735 ad
633 4684 764 4738 nostram
780 4685 893 4738 oetatem
909 4682 967 4739 du·
1022 4678 1065 4735 illi
1080 4679 1266 4751 Athelardus,
1278 4697 1313 4737 ex
1325 4681 1430 4737 abbate
1442 4679 1647 4738 ilelduuimox
1658 4680 1844 4753 arehiepisac

147 4761 222 4817 ravit
246 4762 286 4818 ibi
311 4762 486 4836 episcopalis
504 4766 674 4826 Marciorum
697 4770 793 4837 sedes,
809 4786 889 4827 nunc
902 4785 968 4826 varo
1024 4785 1090 4842 pus,
1111 4769 1267 4828 athelardo
1293 4770 1526 4843 egbata'ttudd,
1541 4768 1698 4838 cineberd,
1714 4769 1841 4836 Almuud,

147 4853 190 4906 est
210 4851 451 4922 apudcivitatem
474 4854 664 4914 Linceluiam.
680 4861 723 4915 lta
747 4858 862 4915 Birinus
877 4859 968 4916 sacris
1026 4858 1172 4932 wighten,
1189 4859 1342 4930 Herelritb,
1358 4859 1523 4927 Eadmund,
1538 4857 1704 4927 llelmstan,
1728 4859 1776 4917 hic
1798 4859 1842 4915 luit

146 4938 296 4996 laboribus
319 4942 457 4999 emeritus
486 4942 597 5016 vimque
625 4946 969 5014 defunctus,lioreestrie
1024 4948 1484 5022 temporeregisWestsaxonum
1500 4946 1641 5021 llgbrithi.

148 5027 177 5082 iu
195 5027 326 5101 ecclesia,
342 5045 431 5101 quam
446 5032 639 5091 edificaverat
649 5035 786 5108 sepultus
801 5041 855 5092 est.
872 5037 969 5094 Poste·
1058 5039 1120 5104 Quo
1135 5039 1209 5095 viam
1224 5046 1339 5111 patrum
1356 5038 1497 5110 ingressu,
1509 5036 1685 5094 swithunus
1697 5038 1840 5101 successit,

145 5116 969 5196 rioribusunniscuullrmatuepiscopatchstsaxouum
1024 5125 1841 5200 ejusdcmpresbytcrecclesinabHelmstanojamdudun

144 5202 174 5258 in
189 5202 352 5276 Wintonia,
363 5207 434 5267 illuc
450 5210 617 5283 spontillce
630 5212 730 5270 liedda
745 5214 906 5272 translatus
921 5231 970 5289 pa·
1023 5216 1182 5273 ordinatus.
1203 5216 1235 5272 ln
1262 5232 1329 5287 que,
1348 5217 1416 5273 dum
1441 5216 1505 5273 vitos
1519 5214 1620 5289 religio
1635 5230 1705 5273 cum
1726 5213 1841 5291 simplici

144 5293 246 5347 tronus
262 5294 387 5352 civitatis
403 5307 466 5370 pust
481 5298 572 5356 Deum
586 5299 719 5358 habetur.
1023 5308 1178 5380 prudentia
1201 5309 1423 5379 conquadraret,
1444 5314 1549 5364 natura
1563 5306 1775 5382 industriaque
1786 5308 1840 5366 tm·

182 5378 248 5434 Post
263 5397 329 5437 cum
352 5386 537 5457 engilbertus
554 5391 670 5447 natione
689 5391 789 5449 callus
814 5392 968 5466 provinciae
1022 5395 1128 5453 dabilis
1152 5399 1230 5469 regis
1244 5396 1381 5454 auditum
1396 5414 1454 5453 non
1469 5396 1582 5469 elingit.
1597 5395 1745 5463 Quocirca
1762 5397 1840 5454 illum

146 5466 335 5568 presulatum
351 5476 454 5532 tenuit.
464 5477 505 5534 De
519 5479 604 5551 cujus
614 5480 739 5538 adventu
750 5485 779 5539 st
790 5482 926 5540 abscessu
937 5484 967 5539 iu
1021 5482 1164 5543 hacteuus
1176 5483 1350 5556 excoluit,ut
1363 5489 1391 5543 et
1403 5483 1494 5542 multa
1509 5483 1693 5558 negotiorum
1701 5486 1769 5557 eius
1778 5500 1839 5544 uuu-

146 5556 223 5615 Beda
236 5556 325 5614 letius
336 5558 524 5632 lecturus,bic
534 5571 967 5642 coguosccscompendio.Sub·
1021 5572 1087 5632 silio
1100 5574 1295 5648 transfigeret,
1307 5579 1334 5632 et
1346 5575 1437 5633 titivm
1449 5573 1588 5633 udulfum
1600 5574 1838 5649 elusmsgisterlt
