3750 6000
149 239 225 303 tttt
605 231 808 294 wltttttmt
831 227 1198 293 Maeussuuutttrtsts
1219 229 1395 293 montem
1780 233 1853 295 llll!

150 379 235 431 cutus
264 374 316 427 est.
328 371 399 442 Ejus
421 368 509 440 igitur
533 365 655 424 consilio
678 365 718 421 ibi
748 364 867 433 resedit,
883 362 975 419 totius
989 361 1134 434 Alitterre
1158 360 1319 418 Willielmo
1342 360 1402 433 regi
1417 360 1547 435 Angiie3
1563 361 1687 434 iubetur
1703 364 1854 422 noscimus

154 478 247 519 cause
261 460 372 516 iudices
387 458 511 514 Romam
531 456 650 513 Urbano
667 454 827 528 apostolico
842 453 974 521 mittens,
1029 451 1168 509 onrnibns
1188 452 1250 509 suis
1266 451 1408 509 revestiri.
1421 451 1526 509 Statim
1542 450 1620 510 enim
1647 458 1680 509 ut
1706 453 1760 511 illo
1782 471 1854 512 mare

153 550 289 608 valetudo
304 548 456 605 subitanea
475 546 625 619 flagitabat
639 545 731 601 otium
759 542 846 599 simul
863 548 891 599 et
905 558 976 599 eon·
1030 542 1486 616 transierat,archiepiscopatum
1497 546 1591 599 totum
1602 559 1663 600 sure
1674 543 1783 601 ditioni
1793 545 1854 601 sub

153 640 261 699 silium.
275 639 438 695 Videbatur
456 636 571 693 interim
595 633 764 691 wibertinis
791 632 977 706 predonibus
1031 632 1131 702 sterni,
1147 636 1175 688 et
1189 647 1370 705 quecunque
1385 636 1452 689 ante
1467 634 1619 702 statuerat,
1632 632 1664 688 in
1679 633 1800 691 irritum
1812 637 1853 691 de·

154 730 266 795 cedere,
278 728 389 784 ferebat
400 725 537 798 enimper
551 724 684 780 omnium
701 721 978 779 rumororercniase
1032 722 1099 779 duci
1110 723 1250 795 jusserat.
1262 723 1433 779 Litterarum
1449 738 1624 795 responsum
1630 723 1760 795 jubetur
1769 723 1853 781 archi·

154 818 405 890 arehiepiscopum
422 814 661 870 Cantuariensem
673 813 708 868 ab
719 812 833 884 Augila,
846 810 979 866 Romam·
1031 813 1186 885 episcopus
1201 812 1277 868 circa
1293 829 1396 885 papam
1407 812 1525 884 operiri.
1537 811 1593 868 Sed
1604 829 1664 870 non
1679 811 1853 870 luitanirnos

154 924 210 980 qus
233 908 350 963 tendere
374 906 408 961 ad
433 903 583 961 Urbanum
603 903 822 959 suffarcinatum
844 900 977 973 pecunia,
1032 902 1081 958 diu
1099 901 1138 957 ibi
1154 900 1325 970 consistere,
1342 903 1418 974 quod
1436 900 1517 958 illius
1533 900 1614 958 urbis
1630 917 1682 959 aar
1696 900 1852 959 insalubria

155 1011 296 1069 maguum
324 1010 389 1051 esse
413 994 487 1066 quod
517 1007 616 1049 seeum
643 992 718 1048 leret
741 989 978 1062 archiepiscopus
1032 994 1110 1048 esset
1125 989 1293 1062 peregrinis.
1305 989 1444 1055 Quocirca
1458 989 1577 1047 cuidem
1590 989 1775 1064 loanni,qui
1789 990 1851 1048 olim

156 1084 363 1156 capiteque
389 1083 427 1138 sit
457 1080 605 1155 provincia
632 1082 766 1138 omnium
788 1078 977 1136 fertilissima.
1032 1079 1375 1153 suusmonachueapud
1399 1080 1522 1137 Beccum
1545 1078 1852 1150 inisset,eedtnmab

156 1173 208 1231 llis
231 1173 274 1230 illi
290 1173 404 1229 animos
434 1171 547 1229 incensi
559 1171 621 1243 Jam
646 1175 709 1227 tum
730 1170 848 1227 semitas
876 1183 979 1224 omnes
1033 1171 1150 1227 Urbano
1164 1170 1254 1226 abbae
1269 1167 1851 1244 cenobiiSeoctiSelvatoris,quodprope

157 1264 344 1329 obsederant,
369 1261 521 1334 angustias
540 1261 671 1316 locorum
694 1260 918 1331 occupaverant,
943 1270 979 1312 ue
1034 1261 1199 1318 Telesinam
1218 1259 1282 1333 [at.,
1302 1259 1479 1332 Teselniam]
1500 1259 1599 1317 urbem
1618 1263 1678 1328 est,
1695 1259 1852 1320 institutus

157 1370 216 1428 qua
230 1352 402 1410 elaberetur.
413 1351 519 1423 lugens
528 1349 645 1406 domino
656 1367 710 1407 suo
721 1350 781 1406 lore
792 1347 979 1405 commodum
1035 1349 1148 1422 roganti
1160 1348 1258 1417 cessit,
1271 1349 1339 1404 utin
1350 1347 1418 1404 villa
1428 1363 1482 1405 sua
1492 1347 1605 1406 Setovia
1615 1347 1753 1416 nomine,
1762 1354 1854 1406 mamm

158 1444 183 1502 si
206 1442 405 1515 prenderetur,
421 1441 472 1512 qui
500 1439 608 1496 Urbani
629 1440 757 1510 partium
783 1441 981 1511 propugnator
1035 1439 1269 1495 estatisvitaret.
1286 1438 1324 1495 Ea
1344 1436 1414 1494 villa
1429 1439 1459 1495 iu
1474 1453 1612 1510 supremo
1634 1437 1748 1495 montis
1761 1437 1856 1495 sertim

158 1537 246 1591 esset.
263 1535 358 1600 Quare
382 1546 484 1601 passus
504 1530 681 1586 catardorcs
696 1545 794 1585 eorum
815 1530 850 1584 ad
867 1536 980 1597 tempus
1035 1528 1203 1597 constituta,
1227 1527 1352 1600 ideoque
1375 1526 1444 1585 binc
1469 1526 1538 1584 inde
1561 1528 1700 1585 ueniente
1725 1528 1856 1601 temperie

159 1625 266 1693 negata
282 1619 379 1691 predo
394 1616 594 1690 languescere,
607 1623 639 1674 ut
651 1634 682 1675 ac
697 1616 834 1690 opinione
847 1616 981 1686 deceptos
1036 1617 1201 1689 refrigerata
1217 1632 1306 1690 prope
1321 1616 1476 1673 momentis
1491 1615 1626 1674 omnibus
1642 1616 1779 1688 pestiferi
1795 1615 1856 1674 nibil

159 1725 224 1766 asae
240 1711 400 1777 eredentes,
416 1707 534 1764 domurn
552 1707 677 1765 redirent
693 1725 700 1764 ι
718 1707 770 1763 boo
786 1704 907 1763 consilio
923 1705 980 1760 lru-
997 1688 1021 1755 Β
1037 1706 1123 1763 babet
1138 1704 1402 1777 spiritualuvabut
1415 1703 1515 1777 itaque
1525 1704 1700 1762 anselmum
1713 1705 1855 1780 eaptivitas

160 1804 241 1855 otum
252 1796 375 1854 detraxit
390 1795 712 1868 insidiantibus,ctjom
725 1795 847 1853 redierat
863 1792 982 1852 nuntius
1036 1812 1101 1864 aua,
1116 1794 1218 1851 videns
1241 1794 1297 1850 sibi
1313 1793 1471 1861 redditum,
1487 1794 1565 1868 qnod
1581 1794 1633 1850 diu
1649 1794 1856 1853 desideraverat

160 1886 332 1962 precipiens
345 1902 379 1943 ex
394 1892 475 1959 parte
489 1885 651 1956 apostolici,
666 1891 698 1943 ut
714 1895 824 1944 remota
838 1886 918 1943 omni
934 1901 981 1942 ex·
1039 1886 1143 1944 etium.
1168 1885 1347 1958 Quapropter
1369 1884 1543 1956 jamdudum
1566 1885 1680 1943 resides
1702 1887 1854 1943 animosis

159 1977 308 2035 curatione
324 1991 375 2047 per
389 1974 583 2032 obedientiam
600 1976 722 2032 Romam
734 1977 982 2039 veniret.Nssoiua
1037 1983 1130 2036 Deum
1146 1975 1288 2047 excitans,
1298 1974 1513 2032 consummavit
1523 1975 1563 2032 ibi
1578 1973 1688 2032 librum
1700 1976 1856 2050 egregium,

159 2065 209 2123 ille
237 2064 379 2123 contraire
400 2064 582 2131 obedientie,
610 2069 638 2121 et
666 2065 702 2122 de
725 2082 777 2140 spe
804 2066 983 2127 misecordie
1038 2066 1122 2140 eujus
1137 2065 1242 2123 titulus
1257 2070 1285 2122 et
1297 2065 1417 2122 materia
1431 2068 1485 2132 est,
1497 2064 1553 2122 dor
1572 2065 1643 2121 Deras
1659 2065 1857 2130 domo,·umui·

159 2155 210 2212 Dei
235 2155 388 2213 audentior
411 2155 488 2212 viam
513 2155 627 2213 invasit.
643 2156 715 2213 Nam
731 2161 761 2214 et
784 2157 866 2228 rigor
880 2159 984 2219 salutis
1038 2159 1154 2229 busque
1169 2154 1259 2212 cruori
1272 2162 1299 2211 et
1314 2154 1416 2212 honori
1431 2159 1503 2224 erat,
1516 2155 1587 2212 adeo
1598 2161 1633 2211 ut
1643 2155 1859 2229 Rogarius,dox

162 2244 277 2303 retusus
288 2244 441 2302 audaciam
458 2245 642 2318 suggerebat,
659 2249 688 2304 et
700 2247 771 2304 citra
785 2249 901 2307 sanium
916 2251 985 2308 riri·
1039 2245 1163 2319 apetie,
1180 2244 1257 2318 apud
1273 2260 1360 2317 (tum
1377 2260 1426 2302 ¹0¹
1439 2243 1549 2320 Angli&
1564 2243 1649 2301 illum
1665 2244 1779 2303 Ῑῑῑῐθῑὶῦ
1798 2246 1857 2303 5⁰⁸1·

162 2334 219 2403 dis,
235 2338 263 2391 et
286 2334 376 2392 cruda
402 2340 539 2392 senectus
559 2334 632 2392 benc
647 2335 741 2393 adbuc
759 2336 874 2397 labores
888 2341 985 2412 petie·
1040 2337 1213 2395 mutandum
1235 2339 1398 2406 curaverat,
1424 2335 1529 2408 spretis
1548 2334 1656 2392 meniis
1677 2334 1770 2410 longe
1788 2340 1860 2395 aliter

163 2425 260 2481 batur.
1041 2425 1215 2486 sententiam
1231 2440 1315 2481 soom
1331 2425 1361 2481 in
1380 2424 1435 2482 viri
1455 2424 1597 2482 bonorem
1611 2425 1812 2484 transferret:
1826 2424 1860 2483 illl

200 2513 300 2571 lisseio
324 2530 391 2585 ergo
419 2513 543 2589 Alpibus
570 2516 693 2574 Romam
721 2517 877 2575 incolumis
896 2520 985 2592 venit,
1042 2512 1191 2583 villas,illi
1214 2512 1342 2586 castella,
1359 2512 1400 2571 illi
1416 2521 1561 2586 postremo
1574 2529 1763 2587 quecunque
1777 2515 1861 2588 plaee-

166 2603 245 2660 nulls
260 2619 380 2660 suorum
392 2603 520 2676 bomine,
533 2605 576 2661 rel
588 2607 723 2678 jumento
739 2609 916 2679 desiderato;
929 2626 987 2667 uno
1042 2608 1117 2673 rent,
1133 2603 1267 2673 offerens,
1284 2608 1397 2660 tantum
1410 2603 1589 2660 remanentia
1603 2618 1658 2660 sua
1669 2611 1782 2661 terram
1793 2616 1862 2662 auam

165 2697 281 2750 tantum
300 2692 330 2749 in
356 2698 415 2749 toto
439 2693 542 2750 itinere
566 2699 696 2753 tentatus
712 2696 891 2767 discrimine,
909 2699 987 2772 quod
1042 2692 1233 2752 beatitlcaret.
1248 2696 1319 2749 Cum
1339 2693 1417 2751 circa
1439 2708 1544 2766 papam
1565 2695 1657 2759 estol,
1673 2692 1705 2750 ln
1732 2693 1862 2750 omnibus

165 2786 262 2838 tamen
277 2781 331 2838 init
344 2796 498 2840 successus
513 2792 539 2840 et
555 2782 726 2842 alimentum
744 2787 853 2859 glorie.
871 2793 931 2844 Dur
948 2789 989 2845 si·
1042 2783 1085 2840 illi
1100 2784 1248 2840 secundus
1264 2782 1293 2840 iu
1309 2782 1554 2856 processionibus,
1571 2781 1601 2838 iu
1615 2781 1805 2841 elationibus
1818 2782 1864 2839 ba-

165 2870 283 2943 quidem
299 2871 477 2943 Burgundio
505 2873 618 2942 eadem,
635 2890 691 2945 qua
705 2875 860 2931 Wibertini
875 2892 926 2949 epe
941 2894 988 2933 ra·
1043 2873 1184 2943 bebatur3
1208 2872 1244 2929 ad
1261 2887 1329 2929 eum
1347 2872 1550 2941 salutationes,
1567 2871 1603 2928 ad
1619 2886 1688 2928 cum
1707 2876 1777 2943 post
1789 2887 1862 2946 apos·

164 2961 272 3029 platus,
287 2959 323 3014 ad
339 2974 406 3014 eum
419 2959 644 3031 depredandum
654 2962 798 3021 inllatiore
808 2964 913 3037 spiritu
925 2966 987 3024 oni·
1042 2963 1165 3021 tolicum
1182 2978 1304 3020 munera
1319 2962 1535 3018 commeabant.
1550 2961 1739 3018 audiebatur
1750 2960 1862 3020 libenter

165 3049 347 3117 matuserat;
359 3049 410 3105 sed
422 3051 605 3108 unctantem
618 3057 735 3124 aspectu
752 3053 986 3124 eJ'usemollitus,
1003 3015 1025 3084 c
1043 3055 1079 3111 ab
1094 3053 1244 3117 omuibus,
1262 3051 1407 3125 fiebatque
1425 3050 1504 3124 quod
1516 3048 1651 3122 jubebat,
1667 3066 1740 3110 oum
1757 3051 1860 3108 divinos

165 3152 283 3195 omnem
300 3136 446 3196 exhalarit
463 3139 645 3210 superbiam,
666 3143 823 3215 resumpsit
839 3143 987 3202 bumilita-
1042 3143 1188 3200 intonaret
1197 3157 1356 3199 sermones.
1371 3140 1452 3206 Quod
1464 3140 1597 3197 maxime
1610 3139 1669 3196 eibi
1680 3138 1858 3199 delectationi

163 3230 233 3283 tem.
249 3227 328 3284 Adeo
344 3227 422 3284 dulci
442 3228 560 3297 intuitu,
573 3229 630 3287 leni
646 3230 727 3300 laete,
744 3230 859 3305 placida
878 3234 987 3293 canitia
1042 3236 1116 3299 erat,
1133 3231 1261 3288 fructum
1288 3229 1417 3287 scientie
1440 3227 1634 3303 pronuntians
1660 3244 1741 3300 esse,
1757 3231 1783 3286 si
1804 3243 1858 3286 eun

163 3319 350 3392 aspicientem
367 3320 509 3391 rapiebat,
526 3326 556 3376 ut
570 3320 599 3376 in
617 3336 820 3395 quemcunque
835 3323 986 3382 oculorum
1042 3321 1120 3378 bene
1135 3320 1227 3390 dieas,
1243 3320 1320 3377 atius
1334 3320 1370 3376 de
1391 3319 1525 3376 doctrina
1544 3325 1594 3375 tue
1608 3318 1779 3391 proiectum
1800 3319 1860 3375 bene

164 3409 291 3480 gratiam
312 3408 453 3478 injiceret,
469 3409 568 3466 statim
584 3411 614 3466 io
638 3426 764 3467 amorem
780 3412 827 3468 sui
847 3411 987 3475 alliceret.
1042 3410 1158 3469 vivendi
1174 3409 1298 3482 accipiat
1314 3426 1321 3478 ;
1339 3407 1561 3478 terebaturergo
1577 3422 1686 3480 magna
1701 3406 1858 3480 cupiditate,

164 3495 208 3552 lta
222 3495 317 3552 cordis
329 3501 426 3552 tumor
441 3497 509 3554 duci
525 3513 575 3567 per
586 3498 766 3557 nebulonum
781 3501 868 3558 verba
883 3518 988 3560 conce·
1043 3505 1074 3558 nt
1085 3496 1492 3571 archiepiscopatusdeposito
1503 3497 1579 3554 iasce
1592 3494 1653 3552 Deo
1668 3501 1771 3568 posset
1781 3496 1857 3552 inter·

163 3589 232 3659 ptus
247 3601 280 3642 eo
303 3584 365 3641 viso
389 3586 506 3642 resedit.
524 3585 726 3663 continuoque
740 3589 890 3662 pontilicis
905 3607 986 3649 exce·
1042 3592 1120 3648 dere.
1137 3588 1217 3655 Quod
1244 3604 1310 3644 eum
1340 3586 1376 3643 ab
1396 3585 1552 3659 apostolico
1577 3584 1686 3642 obnixe
1702 3584 1854 3657 postularet,

163 3681 232 3750 ptus
244 3674 343 3733 ceculo
355 3674 588 3733 benedictionem
601 3677 677 3734 ultro
688 3679 807 3752 expetiit
818 3695 825 3738 ς
836 3682 988 3739 advocato·
1042 3679 1141 3736 renuit
1155 3693 1292 3751 prorsus:
1308 3700 1322 3728 a
1336 3676 1407 3746 lmo,
1422 3675 1528 3749 inquit,
1541 3690 1591 3746 per
1604 3674 1805 3732 obedientiam
1816 3673 1855 3744 ju·

163 3781 221 3839 quc
237 3781 293 3822 uuo
308 3780 343 3822 ox
358 3766 544 3838 magnatibus
555 3767 616 3825 suis
628 3768 764 3844 (stipatus
779 3770 857 3828 euim
873 3770 986 3844 multis,
1042 3769 1106 3834 beo,
1123 3771 1156 3823 ut
1167 3766 1335 3839 ubieunque
1349 3765 1402 3833 sis,
1418 3779 1525 3821 nomen
1540 3768 1569 3821 at
1583 3762 1728 3820 honorem
1745 3762 1852 3821 matre

164 3872 232 3915 eum
257 3856 384 3914 maximo
407 3862 526 3915 venerat
539 3859 688 3934 tumulto),
706 3862 841 3935 precepit
866 3870 897 3919 ut
920 3879 987 3920 eum
1041 3855 1147 3915 niensis
1161 3854 1369 3926 archiepiscopi
1385 3869 1444 3911 noo
1459 3853 1597 3925 deponas.
1620 3851 1748 3910 Delicati
1768 3848 1850 3909 militie

164 3959 265 4002 secure
279 3961 331 4019 per
346 3950 454 4003 terram
474 3963 554 4005 suam
570 3949 750 4007 deduceret:
771 3956 800 4008 et
815 3967 873 4008 nou
890 3951 987 4009 minos
1042 3951 1088 4004 est
1110 3953 1176 4003 ante
1200 3943 1308 4003 bellum
1327 3945 1427 4017 lugere
1444 3959 1451 3999 ι
1467 3958 1521 4000 nec
1540 3950 1585 3999 est
1599 3940 1734 4014 religiosi
1749 3945 1779 3999 et
1799 3954 1850 3997 eor·

164 4034 191 4093 ei
207 4051 296 4107 quem
312 4035 368 4091 sibi
384 4037 492 4108 ubique
505 4037 608 4096 serviri
628 4040 741 4097 iaceret.
759 4040 905 4097 Foderata
920 4058 987 4113 ergo
1042 4035 1148 4094 stantis
1164 4033 1255 4092 animi
1279 4034 1351 4090 citra
1366 4031 1456 4089 ollam
1473 4031 1622 4088 lesionem
1647 4030 1741 4089 minis
1755 4033 1848 4088 anun

164 4123 295 4183 amicitia
313 4123 447 4193 discedit,
468 4126 574 4197 sepius
589 4133 690 4184 eontra
707 4126 863 4185 maledicos
879 4128 987 4187 inlren·
1042 4129 1070 4182 et
1086 4124 1244 4180 terroribus
1266 4123 1376 4180 cedere.
1394 4142 1409 4172 »
1435 4120 1509 4177 Tum
1524 4119 1597 4176 ille:
1619 4141 1634 4170 ιι
1652 4118 1848 4181 obedientiam,

164 4214 237 4271 dens
251 4217 279 4271 et
293 4213 479 4287 ingeminans
491 4215 533 4272 eis
544 4216 642 4272 odium
654 4217 714 4286 Dei,
729 4217 780 4289 qui
797 4217 852 4275 sibi
866 4234 987 4291 persua·
1042 4214 1136 4283 Pater,
1161 4229 1219 4270 nou
1243 4211 1363 4282 relegio,
1382 4226 1433 4267 neo
1461 4208 1574 4282 plagas,
1591 4208 1663 4280 qula
1688 4213 1721 4266 et
1746 4210 1850 4265 merten

164 4301 285 4370 sissent,
301 4307 335 4360 ut
359 4310 581 4376 persequeretur
596 4304 646 4363 Dei
663 4306 810 4378 angelum.
833 4307 988 4366 Auselmoe
1041 4304 1135 4376 ipsam
1152 4318 1200 4372 ΡΝ
1217 4307 1272 4358 ⁰00
1288 4317 1344 4356 ¹¹0ss
1360 4297 1542 4366 ¹10ff0⁰2¹¹i⁸i
1558 4297 1633 4355 s⁰ll⁰
1648 4296 1771 4354 wilm
1786 4306 1852 4354 Μ’

164 4406 234 4464 ergo
249 4406 378 4461 securus,
393 4392 576 4464 cluniacum,
588 4411 655 4452 mox
670 4395 784 4468 abdiel,
800 4397 986 4469 Lugdunum,
1043 4391 1117 4449 mibi
1141 4390 1313 4447 mentiatur.
1329 4388 1384 4448 Sed
1410 4389 1492 4459 quid,
1507 4386 1612 4458 lnquit,
1627 4386 1670 4444 ibi
1686 4386 1803 4454 leolam,
1815 4379 1852 4439 nbi

165 4479 233 4537 inde
248 4480 370 4538 Romam
386 4482 526 4554 pervenit.
1042 4497 1101 4539 uon
1125 4479 1221 4538 solum
1243 4478 1368 4549 vacillat,
1381 4478 1433 4534 sed
1453 4477 1517 4549 jam
1541 4473 1640 4533 omnia
1664 4491 1807 4550 oppressa
1821 4475 1853 4530 ert

200 4570 293 4637 Quem
320 4569 498 4643 apostolicus
520 4573 678 4647 magnilica
701 4575 864 4647 suscipiens
892 4592 987 4633 eornm
1039 4569 1178 4643 justitia?
1193 4568 1240 4626 ubi
1256 4565 1496 4639 suffraganeimei
1512 4564 1694 4639 partesboni
1711 4580 1771 4623 non
1786 4560 1851 4620 molt

163 4663 267 4716 senatu
283 4659 476 4735 amplissimis
491 4661 627 4720 laudibus
642 4663 754 4721 extulit.
770 4665 857 4723 illum
868 4681 930 4722 essa
944 4669 986 4723 to·
1043 4665 1161 4734 propter
1175 4659 1310 4717 timorem
1335 4673 1392 4715 uon
1413 4657 1565 4730 adjuvant.
1580 4670 1684 4712 verum
1703 4659 1735 4713 el
1754 4655 1851 4729 timisti

163 4748 988 4827 tiusLatinitatismagiatrum,iudisciplinisltberalibus,
1043 4752 1169 4809 levorem
1187 4748 1381 4823 impugnanti
1405 4779 1440 4791 -
1461 4747 1502 4805 lla
1525 4745 1584 4815 bis,
1605 4746 1763 4820 respondit
1784 4757 1849 4817 pape

164 4837 193 4894 in
211 4837 350 4911 religione
378 4855 478 4912 parem
495 4857 553 4898 uon
581 4841 766 4908 invenirent3
795 4842 988 4902 contumelias
1043 4846 1072 4899 et
1085 4841 1204 4911 talibus,
1220 4838 1310 4913 gestis
1326 4838 1442 4921 animus
1465 4835 1495 4893 io
1518 4833 1643 4893 consilio
1666 4835 1747 4908 apud
1763 4835 1848 4892 Brroo

163 4928 271 4984 multas
286 4944 337 5001 pro
354 4928 496 4987 lldclitete
512 4929 643 4988 Romana
658 4948 788 5004 passum,
804 4933 921 4991 tandem
937 4950 989 5007 per
1044 4947 1139 5003 egere,
1151 4930 1202 4986 ubi
1218 4935 1247 4985 ct
1268 4925 1452 5000 presentiam
1478 4929 1561 4982 tuam
1577 4921 1654 4991 volo,
1670 4927 1702 4980 et
1729 4921 1849 4980 sardina

164 5016 265 5091 plenae
293 5016 472 5090 periculiset
496 5019 641 5077 mortibus
662 5020 775 5077 uiasad
805 5035 835 5077 so
864 5022 986 5095 vonisse,
1042 5020 1182 5079 desidero.
1207 5017 1272 5076 »Ut
1301 5031 1369 5089 ergo
1392 5022 1511 5072 ventum
1537 5013 1573 5070 ad
1601 5011 1763 5071 concilium
1791 5025 1848 5083 apo·

164 5107 326 5178 flagitares
350 5123 381 5164 se
400 5107 757 5185 suffragiumoujusipse
774 5111 869 5184 magis
889 5115 988 5185 egeret
1041 5108 1162 5167 stolieus
1189 5112 1256 5162 ante
1287 5120 1393 5178 corpus
1426 5101 1522 5160 saneti
1548 5099 1662 5159 Nicolai
1702 5104 1851 5159 constrator

165 5194 296 5253 consilio.
312 5196 393 5254 Talia
422 5197 557 5257 Urbanus
575 5200 726 5272 jactabat;
755 5201 804 5258 sed
828 5201 987 5259 anselmus
1041 5192 1424 5270 tapetibus,etpalliis,ipae
1445 5190 1546 5249 casula
1563 5188 1851 5264 eompatttoamtrtn

163 5284 273 5354 pudore
287 5288 532 5358 eapotdemiasus
542 5290 691 5347 silentium
703 5291 862 5363 premebat,
874 5290 926 5348 scd
937 5289 987 5347 ubi
1040 5284 1170 5343 tribuual
1185 5284 1316 5342 ascendit
1331 5301 1338 5341 :
1351 5283 1522 5341 eetericnm
1533 5282 1634 5355 cappis
1644 5279 1852 5348 sedebant,on·

164 5386 298 5430 summus
313 5376 442 5446 pontifex
452 5377 666 5438 loudumilnem
678 5379 756 5447 lecit,
766 5380 815 5438 iile
828 5380 986 5453 dataeopia
1040 5378 1128 5436 uibus
1142 5392 1211 5450 ergo
1232 5393 1319 5434 suum
1341 5375 1439 5434 locum
1454 5391 1490 5433 ex
1503 5373 1625 5446 antiquo
1638 5369 1854 5432 vindicantibus

163 5475 278 5518 eausam
292 5478 376 5521 auam
385 5482 502 5526 omnem
513 5470 650 5527 veraciter
664 5468 812 5544 allegarit.
828 5469 986 5528 Pollicetur
1003 5456 1006 5463 ’
1040 5466 1198 5527 anselmus
1211 5466 1377 5524 bumilitate
1390 5481 1537 5531 summus,
1547 5479 1607 5538 quo
1617 5466 1734 5538 poterat
1748 5458 1852 5521 medii

164 5549 280 5623 presul,
293 5551 458 5627 pariterque
487 5565 606 5616 senatus
635 5559 797 5626 auxilium:
815 5558 984 5618 scribuntur
1039 5550 1853 5629 Excideratanimosummipontilicisingruentetomulu,
