3750 6000
89 239 120 294 tt
677 228 857 287 EPISTOLAE
875 225 921 283 ΕΤ
939 223 1156 282 Patvluaort.
1579 250 1583 257 ·
1714 219 1755 309 58?

87 360 225 431 sbytemm
240 359 407 418 cardinalem
421 366 449 416 et
462 356 629 424 Gualtemm,
645 354 828 411 Ravennatem
845 366 891 407 ar·
907 351 937 410 A
948 345 1053 417 judicio
1066 345 1200 418 recipere.
1232 344 1382 415 adjicimus
1402 359 1508 414 quoque
1532 348 1560 396 ut
1574 356 1747 411 quascunque

88 449 306 521 cbiepiscopum,
336 448 504 506 universitati
525 452 621 502 vestra
643 441 798 499 mandando
828 456 896 513 prae·

88 537 215 608 cipimus,
231 546 263 592 ut
275 538 354 594 matri
369 546 474 605 vestrm,
496 542 596 592 sanctae
609 534 740 589 Romanae
754 529 894 596 Ecclesia,

88 626 170 682 modo
186 643 254 682 cum
271 628 389 684 maxima
401 643 470 698 opus
483 632 533 693 est,
562 638 612 696 pro
629 637 710 693 posse
725 627 814 675 vestro
828 618 896 673 sub-

88 714 241 783 venientes,
261 715 405 786 praelatum
419 713 506 770 filium
520 719 651 769 nostrum.
676 725 770 782 regem
793 707 896 764 Lctba-

89 804 169 868 rium,
187 804 224 858 ad
248 806 380 860 bonorem
410 810 435 859 et
464 801 602 859 servitium
628 805 748 855 nochum
776 796 897 852 animare

90 892 220 947 attentius
254 892 393 962 studeatis,
425 892 567 964 ipsumque
594 888 718 963 proxima
745 886 834 942 hieme
862 884 898 941 ad

91 989 213 1037 rosham
230 982 403 1055 praesentiam
428 980 576 1048 adducatis,
605 986 634 1034 ut
656 976 690 1032 de
706 991 749 1040 eo,
765 974 838 1046 quod
853 974 896 1029 la·

92 1079 218 1135 ciendam
236 1079 327 1147 lamii,
338 1087 482 1152 praestante
494 1079 620 1144 Domino,
632 1076 771 1133 faciemus.
787 1074 828 1130 Ad
839 1075 898 1130 baec

92 1169 222 1240 praelatos
236 1169 343 1240 legatos
357 1176 464 1225 nosnos
493 1166 684 1239 G[erhardum]
713 1164 897 1237 presbytemm

93 1257 261 1313 cardinalem
276 1266 303 1314 et
316 1258 486 1328 Gualterum,
502 1258 686 1314 Ravennatem
713 1254 896 1325 archiepisco-

94 1362 169 1419 pum,
201 1346 340 1402 dilectioni
372 1355 470 1403 vestrm
508 1345 633 1402 attentius
664 1343 896 1408 commendamus,

94 1450 159 1504 quos
174 1449 224 1504 pro
239 1434 481 1505 sedisapostolicae
508 1433 660 1490 reverentia
683 1431 800 1505 benigne
815 1428 898 1485 susci·

96 1523 173 1592 piatis
200 1531 227 1578 et
254 1525 366 1579 bonade
395 1525 521 1581 tractetis.
558 1522 737 1594 Omnipotens
763 1519 896 1575 Dominus

97 1628 143 1667 saa
161 1627 211 1666 vos
239 1613 407 1684 pmtectione
433 1612 565 1669 custodiat
592 1620 619 1667 et
641 1619 696 1666 tam
719 1609 747 1664 in
770 1608 894 1681 praescnti

949 434 1143 507 possessiones,
1159 449 1327 505 quaecunque
1340 433 1412 489 bona
1432 430 1591 503 jamdictum
1606 435 1746 486 monaste-

948 525 1018 580 rium
1042 522 1115 593 justa
1140 529 1166 579 et
1195 522 1315 594 legitime
1342 519 1471 591 possidet,
1500 523 1545 573 aut
1572 517 1599 571 in
1627 516 1745 572 futurum

948 612 1122 668 concessione
1136 609 1303 682 pontificum,
1329 609 1472 682 largitione
1488 605 1649 677 principum,
1665 605 1745 661 obla·

949 712 1021 768 done
1035 708 1165 776 fidelium,
1181 725 1228 765 seu
1242 708 1302 763 aliis
1325 707 1405 777 justis
1427 704 1523 768 modis,
1540 702 1744 769 rationabiliter,

949 805 1093 868 praestante
1107 797 1234 865 Domino,
1250 796 1349 868 poterit
1375 793 1498 864 adipisci,
1524 791 1613 862 quieta
1627 790 1705 846 vobis
1719 798 1747 845 et

949 887 1054 960 integra
1068 893 1269 942 conserventur.
1284 884 1458 940 Decernimus
1481 896 1546 954 ergo
1560 887 1589 934 ut
1602 878 1666 933 nulli
1682 894 1745 934 om·

949 977 1014 1032 nino
1029 975 1169 1031 hominum
1186 973 1273 1031 fassit
1288 972 1359 1028 idem
1371 969 1561 1028 monasterium
1571 976 1671 1024 temere
1686 981 1746 1038 per·

950 1078 1067 1142 turbare,
1084 1084 1129 1132 aut
1143 1076 1167 1131 ci
1196 1073 1317 1130 subditas
1339 1072 1467 1128 ccclesias
1493 1069 1537 1126 vel
1564 1066 1747 1139 possessiones

949 1167 1064 1232 auferre,
1093 1165 1224 1232 minuare,
1254 1180 1300 1220 seu
1315 1160 1465 1219 temerariis
1488 1157 1676 1216 vexationibus
1699 1154 1743 1210 la-

949 1257 1045 1328 tigarc,
1061 1253 1108 1309 sed
1123 1253 1214 1309 omnia
1228 1252 1333 1325 integra
1359 1256 1551 1307 conserventur
1578 1261 1681 1312 eorum,
1694 1259 1744 1314 pro

949 1360 1063 1415 quorum
1078 1341 1270 1398 sustentatione
1284 1349 1311 1397 et
1323 1339 1518 1410 gubernatione
1532 1350 1659 1392 concessa
1672 1340 1742 1400 sunt,

947 1442 1041 1498 usibus
1054 1438 1217 1497 omnimodis
1231 1439 1380 1509 prolatura.
1396 1436 1424 1494 Si
1435 1452 1488 1507 qua
1497 1434 1579 1508 igitur
1588 1432 1615 1486 in
1624 1431 1743 1486 loturum

948 1530 1128 1588 ecclesiastica
1142 1528 1311 1584 saecularisve
1339 1541 1463 1600 persona,
1483 1525 1552 1579 hanc
1565 1528 1663 1577 nostrae
1676 1533 1744 1574 con-

948 1619 1092 1676 stitutionis
1106 1618 1233 1691 paginam
1248 1616 1344 1683 sciens,
1360 1622 1454 1670 conua
1468 1628 1527 1668 eam
1540 1619 1639 1666 temere
1653 1607 1745 1663 venire

99 1699 324 1768 (111111111111111118
343 1717 400 1758 ⁵11ae
423 1701 503 1758 101)ῑὸ
526 1699 676 1757 uberum
699 1695 895 1755 benedicfifflis
908 1709 936 1770 B
950 1709 1099 1777 tentaverit,
1116 1706 1234 1763 secundo
1263 1706 1374 1762 tertiove
1401 1700 1574 1768 commonita,
1599 1697 1649 1752 nisi
1663 1696 1743 1752 satis-

99 1786 230 1842 attribuat.

131 1876 228 1931 Datnm
243 1876 311 1933 Pisis
326 1894 367 1934 xvv
380 1880 441 1935 Kal.
456 1879 530 1935 lulii.

475 1995 520 2051 vt.

101 2099 265 2157 honorario
277 2103 505 2173 conquestionis
520 2102 744 2159 Vollisambrcaoe
754 2103 895 2175 recipiun-

134 2194 179 2244 tur
192 2189 245 2246 aab
262 2191 357 2246 tutelo
367 2191 440 2247 tedia
450 2192 611 2264 apostolicae
621 2207 683 2247 cam
695 2192 819 2248 oliorum
831 2207 895 2263 qro-

135 2280 239 2334 tioram
256 2283 285 2335 ct
301 2280 481 2337 indultorum
495 2280 721 2350 confirmatione.

360 2387 448 2456 (huno
463 2390 540 2456 1¹3⁰,
558 2388 633 2456 lun.)

247 2494 467 2563 [Conamen-cas,
484 2501 552 2550 tom.
572 2495 607 2562 ll,
625 2509 655 2564 p.
670 2496 745 2565 itt]

135 2601 323 2656 Dsocanmus
338 2601 490 2673 episcopus,
515 2617 608 2657 servus
622 2616 760 2658 servorum
774 2601 834 2668 Dei,
849 2601 895 2657 di-

104 2686 165 2743 lecta
178 2686 236 2744 lilio
250 2693 381 2745 Amnem
405 2690 628 2748 vallumbrosano
656 2689 757 2760 abbati,
784 2690 896 2762 ejasque

101 2777 296 2833 sucessoribus
306 2779 333 2833 in
348 2786 520 2851 perpetuum.

129 2866 170 2922 ad
184 2869 237 2923 hoc
251 2867 413 2924 universalis
436 2869 563 2926 Ecclesia
589 2887 654 2927 cura
677 2871 756 2928 nobis
771 2888 786 2927 a
799 2869 894 2942 provi-

97 2970 153 3010 sore
167 2955 292 3012 omnium
307 2956 455 3013 hornarum
482 2958 539 3015 Deo
553 2960 697 3017 commissa
711 2967 750 3017 est
766 2968 793 3016 ut
809 2969 834 3015 et
848 2975 894 3014 re-

948 1807 1065 1864 lectione
1090 1821 1210 1878 congma
1231 1800 1424 1870 emendaverit,
1453 1796 1592 1870 potestatis
1614 1793 1743 1850 honoris-

949 1913 1000 1967 que
1015 1895 1055 1951 sui
1070 1893 1201 1967 dignitate
1215 1900 1314 1961 careat,
1343 1905 1471 1961 reamque
1497 1904 1525 1942 se
1540 1885 1631 1940 divino
1641 1881 1745 1953 judicio

949 1986 1062 2042 existere
1090 1983 1123 2038 de
1153 1988 1306 2056 perpetrata
1331 1980 1472 2050 iniquitate
1499 1979 1654 2049 cognoscat.
1685 1978 1745 2027 eta

948 2072 1127 2130 sacratissimo
1142 2086 1254 2143 corpore
1268 2077 1295 2124 et
1308 2069 1440 2141 sanguina
1455 2066 1504 2121 Dei
1528 2071 1554 2120 et
1567 2061 1676 2118 Domini
1690 2058 1747 2116 lless

948 2168 1190 2242 demptorisnostri
1219 2168 1281 2222 lesu
1308 2164 1404 2222 Christi
1431 2163 1518 2218 aliena
1545 2160 1601 2228 liat,
1624 2167 1705 2231 atque
1718 2158 1746 2213 in

950 2267 1070 2317 extremo
1085 2256 1209 2315 examine
1224 2254 1349 2310 districtae
1377 2251 1472 2308 ultioni
1500 2250 1650 2320 subjaceat.
1671 2247 1745 2302 Cun-

949 2349 998 2406 ctis
1023 2355 1113 2403 autem
1143 2344 1230 2401 eidem
1261 2344 1320 2399 loco
1342 2341 1416 2412 justa
1441 2336 1609 2395 servantibus
1635 2335 1669 2390 sit
1694 2350 1745 2406 pax

949 2435 1058 2494 Domini
1072 2434 1155 2491 nostri
1170 2431 1234 2489 Jesu
1249 2430 1357 2500 Christi,
1382 2436 1513 2500 quatenus
1534 2433 1561 2482 et
1574 2424 1618 2480 hic
1631 2422 1745 2478 fructum

947 2535 1028 2591 bonae
1042 2531 1155 2589 actionis
1170 2529 1329 2604 percipiant,
1360 2533 1387 2583 et
1411 2524 1483 2598 apud
1509 2521 1657 2579 districtum
1673 2517 1746 2574 Iudi-

949 2639 1008 2680 cem
1023 2620 1134 2695 praemia
1148 2627 1256 2674 aemrnae
1271 2617 1345 2692 pacis
1373 2614 1520 2674 inveniant.
1543 2612 1639 2679 Amen,
1655 2623 1744 2675 amon,

949 2729 1038 2768 amen.

986 2802 1081 2856 Datum
1097 2798 1165 2854 Pisis
1179 2813 1229 2869 per
1242 2810 1352 2850 manum
1366 2792 1491 2849 himerici
1506 2797 1605 2846 sanctae
1616 2789 1746 2843 Romanae

949 2898 1075 2954 Ecclesia
1089 2896 1196 2953 diaconi
1209 2893 1353 2950 cardinalis
1380 2901 1406 2948 et
1430 2888 1597 2957 cancellarri,
1613 2902 1683 2942 anno
1699 2887 1745 2939 ln-

947 2986 1109 3044 carnationis
1136 2983 1285 3040 Dominicae
1324 2981 1467 3036 millesimo
1495 2977 1641 3034 centesimo
1670 2973 1746 3030 trice·

96 3042 204 3116 hgmsas
221 3044 368 3118 diligamus
396 3062 536 3118 personas,
552 3056 577 3102 ct
603 3048 824 3120 beneplacentem
838 3049 934 3126 Deoc
948 3077 1027 3141 simo,
1057 3073 1202 3131 indicum„
1226 3080 1331 3139 octava,
1364 3067 1533 3142 ponpfieatus
1560 3080 1623 3122 vero
1653 3062 1745 3119 domni

95 3132 254 3204 religionem
283 3133 440 3190 studeamus
463 3135 551 3191 modis
578 3137 703 3192 omnibns
730 3153 891 3210 propagare.

93 3219 149 3277 Nec
158 3221 234 3276 enim
245 3223 303 3280 Deo
310 3233 403 3296 gratus
412 3223 558 3294 aliquando
568 3224 891 3299 famulatusimpenditur,

95 3311 193 3366 sinon
222 3328 257 3366 ex
278 3311 416 3368 charitatis
441 3312 532 3369 radice
560 3314 708 3385 procedens
736 3332 752 3372 a
779 3317 893 3388 puritate

95 3399 330 3472 religionisluerit
348 3412 534 3458 conversatus.
568 3402 625 3460 lloc
650 3404 775 3460 nimirum
803 3405 893 3460 chari-

97 3491 154 3545 tatis
165 3489 274 3559 intuitu,
290 3489 387 3546 dilecte
401 3490 429 3545 in
443 3491 561 3548 Domino
582 3489 620 3546 fili
645 3493 724 3548 attho
738 3492 833 3563 abbas,
848 3510 894 3549 ra·

97 3578 271 3634 donabilibus
285 3579 514 3650 postulationibus
528 3588 685 3647 annuentes,
700 3581 897 3653 vallumbrosa}

98 3685 157 3722 num
171 3668 377 3736 monasterium,
398 3668 440 3724 cui
457 3670 514 3723 Deo
543 3678 651 3724 avictore
679 3671 818 3741 praesides,
833 3688 895 3726 cum

98 3756 222 3812 omnibus
235 3756 405 3812 monasteriis
432 3756 484 3812 sibi
512 3757 641 3828 subjectis
668 3759 718 3813 sub
740 3759 896 3831 apostolicae

97 3845 165 3901 sedis
191 3844 275 3901 tutela
303 3853 328 3900 at
359 3846 524 3918 protectione
552 3847 722 3916 suscipimus,
752 3855 779 3903 et
805 3849 895 3920 scripti

98 3934 195 4006 pagina
224 3934 307 3988 nostri
339 3935 548 4001 communimus,
578 3941 725 3991 statuentes
753 3943 782 3991 ut
809 3938 897 3993 omnis

98 4023 262 4084 immunitas,
279 4022 366 4077 omnis
391 4023 510 4088 libertas,
540 4040 601 4095 quae
625 4025 897 4097 apraedeccssoribus

98 4111 192 4166 nostn's
207 4111 295 4167 lelicis
309 4111 446 4167 memoria
477 4112 592 4180 Victore,
623 4113 756 4186 Gregorio
769 4115 895 4183 septimo,

97 4199 215 4267 Urbano,
232 4207 259 4254 ct
274 4199 411 4268 Pascbale,
425 4201 555 4256 llomanis
581 4201 760 4274 pontificibus,
784 4203 897 4274 praelato

98 4288 262 4344 monasterio
276 4304 403 4345 concessa
417 4296 466 4355 est,
495 4289 592 4345 laturis
619 4290 756 4363 perpetuis
772 4292 898 4363 tempori-

947 3164 1094 3222 lnnocentii
1109 3164 1133 3218 ll
1148 3178 1226 3234 papae
1242 3177 1313 3216 anno
1328 3160 1427 3231 primo.

1311 3276 1373 3332 Vll.

948 3381 988 3439 Ad
994 3381 1130 3438 didacum
1138 3377 1379 3448 archiepiscopum
1390 3370 1658 3446 compostellanam.
1665 3366 1745 3422 -De

1100 3466 1265 3522 marteribus
1278 3464 1374 3520 misnia
1392 3463 1501 3534 gratior
1515 3460 1589 3530 agit.

1181 3563 1269 3631 (hono
1286 3561 1363 3613 1130.
1380 3561 1453 3630 Aug.
1468 3556 1514 3623 1.)

1056 3661 1191 3729 [Ficana
1211 3659 1319 3730 Raparia
1333 3655 1462 3728 aoqrodc,
1477 3653 1539 3718 XX,
1557 3652 1638 3720 511]

949 3769 1139 3821 lnuocrrrrus
1155 3764 1307 3834 episcopus,
1336 3777 1430 3817 servus
1456 3773 1585 3815 servomn
1613 3754 1676 3823 Dei,
1693 3771 1743 3810 vc·

949 3855 1061 3911 nerabili
1077 3854 1150 3909 lratri
1165 3854 1272 3907 Dmaco
1289 3850 1507 3923 compostellano
1530 3845 1743 3917 archiepiscopo,

949 3944 1061 3999 salutern
1077 3950 1104 3998 et
1117 3942 1292 4014 apostolicam
1306 3939 1531 3994 benedictionem.

985 4043 1036 4096 Pro
1051 4040 1218 4110 subjectione
1233 4046 1260 4093 et
1273 4037 1428 4094 obedientia
1443 4037 1472 4090 D.
1486 4037 1564 4090 Petro
1578 4041 1605 4089 ct
1617 4032 1645 4088 S.
1662 4032 1693 4085 11.
1711 4030 1743 4085 ll.

950 4147 966 4185 a
981 4129 1144 4185 fraternitate
1161 4136 1205 4182 tua
1219 4126 1350 4196 impensa,
1368 4134 1394 4180 et
1416 4124 1502 4179 xeniis
1517 4123 1595 4178 nobis
1609 4137 1625 4175 a
1638 4117 1745 4174 munifi·

950 4219 1037 4275 centia
1065 4226 1110 4273 tua
1137 4215 1308 4279 transmissis,
1346 4213 1482 4269 dilectioni
1512 4220 1563 4266 tnae
1597 4209 1744 4281 gratiarum

952 4306 1128 4380 persolvimus
1156 4305 1284 4360 actiones.
1312 4305 1369 4358 Nos
1401 4302 1473 4357 enim
1499 4314 1641 4372 personam
1671 4303 1745 4350 tuam

99 4376 146 4430 bus
160 4375 240 4432 firma
255 4376 302 4431 ΗΜ
319 4385 422 4449 ”usque
436 4379 642 4445 ⁵⁰⁰⁰⁰⁵⁵⁰s¹b¹¹⁸¹
670 4395 702 4434 ⁸⁰
722 4380 894 4435 Vanumbm‘
909 4420 936 4481 D
951 4423 1015 4463 vera
1028 4406 1055 4461 in
1071 4405 1186 4461 Domino
1201 4404 1328 4460 charitate
1353 4400 1502 4474 diligimus,
1522 4406 1548 4454 et
1562 4413 1610 4470 pro
1622 4410 1746 4452 reveren-

98 4482 168 4522 sanae
183 4466 400 4540 congregationi,
431 4466 587 4538 illibataque
607 4476 794 4539 permaneant.
824 4470 896 4525 Sane

99 4556 161 4611 nulli
174 4555 319 4612 bominum
333 4556 412 4611 liceat
426 4573 570 4613 conversos
597 4565 642 4613 aut
669 4558 816 4615 monachos
837 4558 895 4629 jam

100 4643 160 4700 dicti
170 4644 339 4711 monasterii,
350 4661 398 4699 scu
412 4644 493 4699 etiam
503 4646 584 4700 totius
591 4646 820 4720 congregationis,
831 4663 895 4702 ausu

99 4733 241 4790 terret-ario
255 4749 362 4805 capere,
378 4733 421 4789 vel
436 4742 529 4804 captos
556 4734 680 4798 retinere,
701 4751 748 4790 seu
762 4733 896 4806 aliquibus

100 4822 303 4896 irrigationibus
317 4822 454 4878 infestare.
483 4824 565 4879 Pone
594 4824 726 4879 lructunm
747 4831 895 4881 vestrorum

97 4911 225 4978 decimas,
241 4927 310 4982 quas
328 4911 443 4967 ubilibet
469 4912 585 4985 propriis
612 4912 764 4986 sumptibus
791 4912 895 4970 labori-

96 4999 200 5070 busque
214 4999 310 5065 oolitis,
327 4998 430 5070 absque
458 5000 645 5072 episcopomm
673 5000 893 5070 contradictione,

97 5098 137 5151 vel
151 5095 348 5169 episcopalium
364 5096 556 5166 ministromm,
566 5098 608 5153 vel
619 5098 895 5170 plebanomm‚xeno·

95 5185 192 5241 docbio
207 5193 297 5241 vestro
311 5185 464 5242 reddendas
485 5186 727 5258 posssidendasque
742 5187 889 5243 sancimus.

95 5274 184 5330 liceat
198 5273 277 5331 vobis
290 5274 371 5331 etiam
385 5274 506 5343 clericos,
536 5291 551 5331 e
565 5275 662 5331 saeculo
678 5276 820 5348 fugientes,
846 5292 894 5331 seu

94 5362 176 5420 laicos
190 5363 225 5420 ad
245 5363 455 5421 conversionem
483 5363 584 5434 absque
612 5363 755 5433 cujuslibet
783 5371 893 5420 contra-

95 5452 211 5510 dictione
232 5447 380 5525 susc'ipere‚
410 5460 437 5507 et
466 5452 511 5522 qui
534 5469 562 5508 se
585 5452 742 5509 devoverint
764 5453 792 5507 in
806 5460 893 5509 vestro

94 5542 249 5600 cmmemrio
261 5542 389 5616 sepelire,
404 5548 432 5598 et
446 5549 500 5597 tam
510 5541 630 5613 ipsorum
640 5557 721 5612 quam
736 5550 893 5598 caeteromm

95 5629 214 5689 fidelium
228 5631 382 5690 obladcaes
404 5629 465 5689 aine
492 5630 605 5689 abarum
632 5630 805 5690 ecclesiarum
820 5645 892 5703 pra-

951 4495 987 4551 tia
1001 4495 1033 4549 D.
1053 4494 1146 4550 iacobi
1162 4493 1284 4564 apostoli,
1301 4499 1327 4546 et
1341 4497 1488 4546 amaretne
1503 4487 1617 4544 libenter
1629 4485 1747 4556 Compo-

950 4584 1090 4639 stellanam
1115 4582 1260 4638 Ecclesiam
1288 4583 1461 4636 honoramus.
1487 4576 1679 4634 Postulationes
1706 4573 1746 4627 si-

951 4673 1059 4743 quidem
1074 4680 1132 4726 tuas
1160 4687 1207 4742 per
1235 4670 1341 4725 nuntios
1369 4670 1408 4723 hl.
1432 4667 1659 4729 archidiaconum,
1675 4671 1703 4717 et
1714 4663 1744 4715 P.

950 4769 1142 4841 presbytemm
1157 4766 1234 4822 nobis
1261 4765 1396 4836 expositas
1424 4781 1471 4837 pro
1486 4772 1605 4835 tempora
1620 4760 1746 4816 novitatis

951 4867 1048 4915 nostrae
1063 4873 1096 4913 ex
1111 4863 1186 4929 parte
1199 4854 1365 4919 admisimus,
1396 4862 1422 4909 et
1448 4853 1494 4908 ubi
1522 4850 1652 4920 scriptura
1678 4864 1746 4921 opus

951 4948 1009 5014 luit,
1025 4946 1173 5019 apostolica
1186 4945 1285 5016 scripta
1298 4943 1457 4998 direximus.
1489 4940 1632 4995 Praelalum
1654 4945 1744 4994 autem

950 5037 1134 5109 presbyterum
1150 5043 1201 5091 tuce
1216 5031 1344 5089 Ecclesiae
1371 5030 1549 5101 capellanum,
1566 5027 1611 5098 qui
1625 5043 1676 5097 pro
1690 5026 1745 5082 uti-·

950 5133 1257 5205 litateCompostellanae
1285 5128 1414 5184 Ecclesia
1443 5136 1540 5198 tuoque
1559 5125 1667 5181 servitio
1681 5125 1744 5195 plu-

948 5223 1047 5278 rimum
1062 5221 1202 5287 laboravit,
1220 5218 1377 5275 fraternitati
1394 5226 1445 5273 tuce
1470 5215 1596 5273 attentius
1608 5229 1745 5272 commen·

948 5311 1053 5368 damus.

984 5401 1073 5456 Datun
1087 5401 1180 5456 lanuae
1195 5415 1221 5456 tv
1236 5399 1310 5456 Non.
1329 5397 1451 5471 Augusti.
