3750 6000
67 268 75 279 =
135 243 213 303 1808
587 243 789 307 wlahnaltt
812 240 1182 307 tlalhEthJflntttSts
1203 240 1382 306 uodaciit
1764 239 1841 304 1808

132 373 178 431 dis
194 378 256 446 post
269 387 422 429 excessum
438 374 672 442 avunculi‚anno
688 377 845 434 Dominicae
860 379 956 433 incar·
972 380 998 444 Α
1014 380 1071 433 eta
1086 376 1156 433 levis
1166 379 1319 432 armature
1331 372 1841 444 hominibus,mixtmsqossxtttan-

131 462 261 520 nationis
277 461 433 518 millesimo
449 464 610 520 centesimo
626 467 769 523 tricesimo
783 467 896 540 quinto.
911 466 961 524 Vis
1015 467 1078 523 dria
1092 473 1120 522 et
1133 465 1286 521 Brittania.
1312 469 1378 519 Erat
1399 478 1494 535 genus
1515 460 1672 518 hominum
1688 463 1841 534 rapacissi-

131 553 248 625 qnidem
260 552 386 625 impiger
400 555 448 609 sed
466 553 776 627 minusprudenstl5)‚
789 557 879 613 armis
890 568 961 614 stre·
1016 571 1096 610 mum
1112 563 1139 610 et
1164 554 1421 619 violentissimum,
1438 551 1486 622 qui
1511 550 1585 607 nihil
1602 553 1685 623 pensi
1702 553 1841 609 haberent

132 658 221 710 nune,
232 642 378 698 immodici
391 643 481 698 animi
491 644 526 699 ad
538 645 674 715 quelibet
685 646 959 717 ardcainchoanda,
1014 646 1058 699 vel
1072 644 1236 699 caemeteria
1250 644 1384 714 isangerc
1398 639 1442 697 vel
1458 641 1597 697 ecclesias
1609 638 1759 712 expoliare
1769 642 1839 712 (8t):

131 731 205 787 lenis
215 737 244 787 et
254 730 410 786 exorabilis
421 734 566 801 hostibus,
578 735 863 792 allabilisomnibus:
875 736 960 805 cnjus
1015 734 1143 805 religiosi
1169 735 1330 806 quinetiam
1355 731 1468 789 ordinis
1483 730 1559 787 viros
1575 747 1633 786 non
1649 730 1749 787 solum
1763 731 1839 800 equis

130 836 196 878 cum
212 820 397 876 dulcedinem
409 819 438 876 in
448 823 602 894 promissis
613 824 786 895 suspiceres,
808 828 958 881 veritatem
1014 824 1196 894 proturbare,
1214 822 1264 878 scd
1289 827 1318 877 et
1341 823 1369 876 in
1399 821 1563 892 captionem
1589 820 1761 877 abducere:
1786 837 1839 878 non

130 913 228 966 umen
244 910 386 965 dictorum
402 914 430 965 et
446 912 656 982 promissorum
672 913 832 970 efficaciam
845 914 959 971 deside·
1014 914 1108 969 solum
1125 914 1254 980 advenae,
1269 911 1322 969 sed
1337 913 1424 967 etiam
1436 910 1581 982 indigente
1592 910 1715 979 milites,
1732 909 1784 982 qni
1798 927 1838 982 ps-

131 1015 232 1065 rares3
251 1001 328 1055 uude
340 999 436 1056 fratria
452 1001 608 1057 consitium
619 1020 676 1058 non
688 1003 782 1059 multo
798 1010 863 1076 post
877 1002 958 1075 lapso
1013 1019 1075 1059 cem
1091 1002 1168 1074 regis
1183 1002 1298 1058 Henrici
1312 1002 1446 1066 oderant,
1459 1001 1536 1072 qaod
1552 1000 1607 1057 sub
1622 1015 1659 1056 ea
1673 999 1837 1056 tenniuictn

131 1093 263 1161 tempore
277 1088 480 1160 postponebat,
498 1092 584 1161 cujus
601 1095 642 1161 (nt
653 1091 723 1161 dixi)
741 1092 848 1149 auxilio
864 1092 959 1149 mani·
1013 1093 1102 1148 sitem
1116 1092 1324 1164 transigebant.
1336 1091 1370 1146 lli
1382 1106 1485 1147 omnes
1500 1097 1648 1162 gratanter
1662 1089 1791 1162 principi
1798 1106 1838 1146 ss·

131 1183 191 1245 tus,
207 1185 235 1233 et
251 1179 440 1234 adversantes
456 1187 664 1248 summoverat,
680 1187 710 1239 et
720 1183 756 1239 ad
773 1198 895 1255 regnum
910 1199 958 1239 as·
1013 1186 1178 1250 senserant,
1200 1197 1287 1252 quem
1303 1179 1359 1237 levi
1374 1180 1489 1252 negotio
1504 1179 1540 1234 ad
1558 1194 1612 1236 sua
1626 1179 1785 1236 commoda
1798 1180 1836 1235 in·

132 1268 280 1325 tenderat.
1014 1271 1127 1327 flectere
1143 1274 1272 1344 possent,
1284 1268 1503 1340 provincialium
1520 1268 1676 1340 dispendio
1698 1285 1772 1324 suas
1788 1268 1838 1326 lor·

305 1384 340 1423 ne
359 1384 531 1424 nuurrronn
556 1384 639 1426 necis
660 1386 784 1427 acarini.
1014 1369 1102 1418 tunes
1114 1367 1261 1433 urgentes.
1271 1361 1339 1418 Erat
1349 1363 1486 1431 praterea
1497 1358 1676 1430 Stephanus,
1691 1369 1838 1414 comesset

168 1455 183 1527 ξ
196 1457 238 1511 13.
250 1458 334 1512 Anno
345 1457 877 1515 Dominicaeincarnationismillesimo
889 1474 958 1516 een·
1014 1467 1125 1519 ⁰⁰ffl08,
1142 1449 1282 1507 fficiliiffl
1298 1464 1426 1518 mmm,
1440 1452 1470 1503 θῖ
1493 1447 1703 1504 θῠωῐῦὓῦἱῡῦθ
1714 1447 1839 1517 j⁰⁰⁸¹¹dls

129 1545 234 1600 tesimo
246 1545 393 1602 tricesimo
409 1553 499 1615 sexto,
512 1553 608 1619 postea
621 1548 688 1619 (76),
704 1549 778 1605 illd
796 1549 869 1620 regis
883 1551 968 1625 llen3
1014 1541 1201 1608 considendi,
1216 1539 1405 1597 convescendi
1437 1538 1495 1610 (82)
1514 1539 1601 1593 etiam
1626 1553 1696 1593 cum
1723 1537 1838 1605 intimis,

131 1632 183 1689 rici
200 1648 316 1703 corpus,
334 1635 450 1692 lenibus
463 1637 563 1693 tlahris
574 1638 764 1710 spirantibus,
780 1637 879 1694 statim
895 1639 961 1710 post
1014 1647 1144 1687 amorem
1160 1635 1274 1686 tantum
1290 1627 1448 1684 demeritus
1463 1632 1607 1700 qnantum
1619 1625 1667 1682 vix
1683 1633 1783 1682 mente
1798 1625 1840 1682 ali·

128 1723 228 1779 Natale
252 1724 368 1780 Domini
393 1726 564 1798 impositum
581 1729 646 1783 nasi
658 1727 792 1801 Angliam
808 1730 959 1785 devectum
977 1751 1000 1816 B
1016 1721 1082 1793 quis
1104 1721 1256 1790 concipere
1271 1728 1357 1792 quest
1374 1718 1494 1788 :etjam
1511 1733 1614 1773 omnes
1634 1732 1774 1788 proceres
1788 1719 1839 1771 ho·

128 1817 190 1881 est;
207 1817 236 1868 et
261 1815 335 1884 apud
361 1815 547 1888 {troiugenae
568 1819 733 1874 coenobjum
750 1820 837 1891 (quod
849 1822 878 1874 et
892 1817 962 1875 foris
1016 1809 1080 1880 glis
1096 1809 1125 1863 iu
1137 1810 1200 1880 ejus
1216 1824 1368 1864 assensum
1382 1807 1483 1880 pronis
1493 1806 1641 1862 mentibus
1658 1806 1838 1862 transierant.

128 1901 304 1973 prediorum
315 1904 963 1979 magnitudine,etintusreligiosorummona·
1016 1901 1083 1954 Erat
1105 1897 1195 1970 igilur
1211 1899 1266 1969 (83)
1283 1898 1388 1953 anxius
1413 1895 1658 1967 prudentissimus
1686 1911 1787 1952 domes
1812 1896 1839 1949 ui

130 1991 253 2047 chorum
269 1991 735 2067 ordinedaeofflvfflr),pragense
750 1997 829 2068 regni
845 2011 961 2053 guma.
1015 1987 1081 2043 illos
1097 1987 1194 2042 delicti
1211 1991 1391 2056 coargueret,
1407 1991 1435 2042 et
1451 1987 1486 2042 ad
1508 1984 1651 2041 saniorem
1667 1982 1839 2041 sententiam

131 2095 206 2148 sore,
227 2080 382 2138 humatum
402 2087 456 2139 est.
477 2088 581 2141 Postea
595 2101 661 2141 vero
677 2102 727 2141 res
750 2085 916 2158 Stephanus
930 2084 960 2141 in
1016 2077 1149 2149 prasenti
1175 2075 1321 2147 colloquio
1341 2079 1496 2143 revocaret,
1513 2090 1580 2130 nam
1595 2073 1709 2130 viribus
1729 2073 1838 2130 obviare

130 2169 432 2228 Northanhumbriam
446 2172 532 2243 paulo
543 2178 609 2230 ante
620 2176 875 2243 Quadrflgegjmam
891 2190 960 2230 ceu·
1017 2167 1090 2221 701
1110 2167 1189 2222 nulla
1206 2171 1325 2238 propter
1340 2166 1474 2236 praelatas
1490 2180 1595 2220 causas
1610 2162 1739 2218 dabatur
1753 2160 1837 2219 lacul-

48 2246 52 2253 ’
131 2259 238 2327 tendit,
257 2259 393 2316 utDasid
408 2279 506 2336 regem
522 2262 636 2332 Scotiae,
653 2266 702 2335 qui
717 2264 833 2320 diversa
852 2265 961 2320 sentire
1014 2251 1834 2327 tfltttuinimirsstn11⁰0inbnsslitfflvenirtlibtrum

127 2347 289 2416 dicabatur,
308 2351 500 2408 conveniret:
519 2368 571 2409 nec
592 2369 658 2409 vero
679 2353 838 2409 difficulter
853 2353 908 2422 (77)
924 2352 959 2409 ab
1014 2345 1251 2416 0rct‚nisi,quasi
1264 2345 1433 2400 defectionis
1448 2359 1549 2400 ‘mum
1565 2339 1833 2414 littt100p82ffi0⁰l3⁸

128 2453 162 2493 eo
178 2439 254 2511 quod
271 2438 362 2496 voluit
377 2441 554 2512 impetravit,
571 2443 637 2513 quia
653 2448 682 2500 et
697 2443 744 2499 illa
755 2460 869 2500 morum
886 2441 959 2497 teni·
1014 2451 1075 2491 suae
1090 2435 1271 2490 arcanumad
1284 2432 1617 2505 ternpusdissimularet.
1631 2432 1732 2503 ltaque
1744 2432 1834 2487 homa·

122 2530 198 2597 tate,
215 2532 244 2584 et
261 2531 388 2600 propiori
410 2532 473 2600 jnm
499 2537 649 2588 senectute
667 2533 818 2604 intractus,
834 2530 959 2588 libenter
1012 2524 1092 2596 sium
1118 2524 1177 2595 regi
1200 2524 1267 2578 iecit
1289 2521 1343 2578 sub
1368 2523 1536 2578 conditione
1554 2521 1694 2592 quadam,
1720 2519 1832 2588 scilicet,

127 2615 159 2670 in
174 2616 266 2673 otium
285 2617 328 2674 sel
344 2619 487 2675 simulata
504 2620 582 2692 pacis
593 2622 747 2677 concessit,
1011 2614 1152 2684 quamdiu
1165 2612 1212 2668 ille
1228 2613 1398 2685 dignitatem
1411 2627 1494 2667 suam
1511 2612 1624 2684 integre
1640 2609 1802 2666 custodiret
1811 2611 1833 2664 et

212 2733 248 2772 Μ
267 2734 398 2775 popm
418 2735 537 2774 Rom„
557 2736 671 2775 com,
691 2737 876 2777 mmm
1010 2701 1067 2756 sihi
1083 2707 1167 2773 panta
1181 2709 1306 2757 servaret
1318 2721 1324 2762 ;
1337 2704 1468 2773 spectato
1482 2701 1560 2756 enim
1572 2699 1756 2770 jamdudum
1768 2695 1833 2769 regis

447 2807 476 2846 us
496 2807 632 2847 succinus.
1010 2789 1138 2860 ingenio,
1153 2790 1375 2846 instabilitatem
1392 2789 1460 2845 fidei
1474 2791 1538 2860 ejus
1552 2787 1739 2860 previdebat.

164 2878 237 2945 §la
262 2877 370 2933 Eodem
392 2895 469 2935 anno
484 2888 549 2951 post
569 2881 679 2936 Pascha
702 2881 844 2937 Robertua
858 2895 956 2937 comes
1009 2894 1048 2934 nn
1068 2897 1255 2936 srcnsnsnro
1275 2896 1351 2943 ouon
1372 2896 1427 2935 unx
1445 2895 1608 2935 srarnsuus
1628 2893 1710 2934 sectr
1724 2890 1763 2933 ns
1780 2892 1835 2933 saa·

130 2967 955 3043 Glaecestrae,cujusprudentiamrexstephanusmaxime
1028 2986 1119 3026 vanna
1138 2986 1263 3026 susurra
1282 2987 1315 3024 nr
1335 2985 1505 3026 rnrvrcncus
1525 2985 1559 3024 nr
1578 2983 1699 3024 casinus
1721 2983 1817 3024 asnar.

124 3057 991 3153 serebatur,venitinlingliam.1s,dumessetinNur·G
1045 3062 1115 3130 515.
1141 3063 1248 3119 Eodem
1278 3078 1365 3126 anno,
1383 3076 1441 3117 non
1470 3059 1561 3115 multo
1589 3064 1656 3130 post
1680 3058 1832 3114 adventum

124 3149 254 3216 mannia,
271 3148 363 3204 multa
377 3149 554 3222 cogitatione
569 3151 705 3222 fatigarat
720 3151 851 3207 animum
868 3151 954 3222 quid·
1008 3151 1136 3217 comitis,
1149 3152 1320 3220 juraverunt
1335 3149 1462 3223 episcopi
1474 3148 1645 3205 fidelitatem
1660 3146 1720 3218 regi
1737 3161 1833 3219 quam·

123 3254 190 3294 nam
206 3237 261 3296 sihi
277 3255 367 3311 super
382 3239 437 3295 hoc
453 3241 568 3311 negotio
579 3243 768 3297 statuendum
781 3246 898 3314 putaret
909 3257 915 3296 ι
928 3239 952 3296 si
1008 3241 1055 3296 diu
1072 3239 1120 3296 ille
1135 3240 1298 3296 libertatem
1319 3241 1447 3297 ecclesia
1476 3245 1504 3295 et
1523 3239 1652 3310 vigorem
1673 3235 1831 3308 disciplina

125 3327 952 3399 euimregiStephanosubderetur.contrasacramentum
1008 3337 1201 3387 consecraret.
1231 3331 1294 3400 lpse
1318 3346 1435 3402 qnoque
1457 3328 1564 3400 juravit
1589 3328 1675 3399 juxta
1708 3331 1832 3383 mnaseas

127 3416 204 3488 quod
234 3417 325 3471 sorori
352 3416 459 3472 iecerat
478 3417 538 3474 lore
555 3418 689 3484 videbat3
706 3421 729 3474 si
750 3419 951 3490 refragaretur,
1008 3419 1109 3492 scripti
1121 3420 1198 3493 quod
1209 3415 1832 3489 sichabeturinsuhditis:sEchtephannt,

124 3503 196 3559 nihil
224 3504 316 3560 sorori
343 3506 389 3560 vel
414 3507 570 3577 nepotibus
594 3507 859 3578 profuturumsihi
876 3513 953 3564 certe
1009 3508 1059 3565 Dei
1074 3510 1178 3582 gratia,
1190 3525 1311 3566 assensu
1326 3507 1549 3580 clerietpopuli,
1564 3507 1594 3562 in
1611 3521 1708 3578 regem
1725 3503 1832 3577 Anglia

123 3592 296 3649 immaniter
319 3595 496 3663 nociturum,
513 3595 704 3668 intelligebat.
721 3597 852 3653 Habebat
873 3599 951 3653 enim

123 3682 167 3751 (ot
183 3698 270 3753 supra
285 3685 375 3754 tetigi)
392 3701 440 3739 rex
456 3685 632 3741 immensam
653 3686 710 3740 vim
736 3685 950 3756 thesaurorum,

122 3787 197 3841 quos
213 3771 314 3829 multis
325 3775 410 3829 annis
425 3790 474 3830 rex
486 3774 625 3832 llcnricus
636 3776 799 3832 avunculus
813 3793 886 3832 suus
900 3791 950 3847 ag·

122 3861 314 3930 gesserat(78)
323 3878 330 3927 ;
339 3861 726 3934 estimabanturdenerii,et
741 3864 770 3919 hi
781 3864 951 3935 exquisitis·

129 3946 197 4003 simi
214 3948 279 4018 (79),
296 3950 372 4004 wll
389 3951 446 4006 lere
461 3953 495 4007 ad
512 3957 630 4009 uentum
641 3952 853 4009 millialihras:
868 3958 952 4010 erant

128 4041 157 4093 el
171 4053 241 4093 vasa
256 4043 316 4093 tam
340 4056 428 4095 aurea
443 4057 528 4112 quam
543 4045 687 4114 {argentea
702 4043 800 4114 magni
815 4042 952 4114 ponderis

125 4129 155 4181 et
183 4126 398 4184 inestimabilis
421 4131 518 4202 pretii,
535 4136 564 4185 el
588 4131 776 4203 antiquorum
795 4148 908 4204 regum,
923 4135 952 4188 ei

122 4214 240 4271 Henrici
254 4218 453 4288 potissimum,
470 4221 621 4291 prudentia
635 4221 692 4290 (80)
708 4227 856 4293 congesta.
873 4221 952 4278 lianc

123 4304 238 4377 copiam
263 4322 402 4378 gazarum
429 4307 545 4365 babenti
570 4308 755 4367 auxiliatores
774 4313 874 4367 deesse
894 4327 951 4366 non

121 4399 256 4465 poterant
272 4414 279 4463 ;
296 4397 691 4471 prasertimcumessetipse
706 4399 843 4455 iudendo
859 4400 948 4455 diliu-

1008 3598 1170 3668 electensi
1185 3617 1201 3656 a
1216 3601 1334 3656 domino
1347 3597 1494 3654 Willelmc
1506 3595 1728 3668 archiepiscopo
1738 3594 1833 3651 Cantu-

1008 3688 1076 3744 aria
1087 3696 1113 3745 et
1129 3693 1234 3744 sanctas
1245 3688 1371 3744 ecclesia
1386 3686 1623 3757 Romanaelegato
1639 3688 1831 3748 consecratus,

1008 3776 1086 3831 etab
1110 3774 1278 3831 Innocentio
1306 3781 1413 3831 sanctas
1443 3778 1579 3829 Romane
1603 3773 1683 3829 sedis
1702 3771 1832 3844 pontifics

1009 3867 1195 3937 postmodum
1221 3867 1425 3934 confirmatus,
1442 3870 1576 3938 respectu
1604 3869 1632 3920 et
1660 3880 1762 3920 amore
1790 3858 1832 3919 nei

1008 3960 1138 4011 sanctam
1150 3954 1429 4011 ecclesiamliherarn
1446 3971 1509 4011 esse
1524 3953 1699 4022 concedu,et
1711 3953 1831 4009 debitam

1008 4044 1197 4100 reverentiam
1213 4043 1256 4099 illi
1272 4045 1420 4100 confirmo.
1441 4043 1519 4099 Nihil
1536 4057 1582 4099 ma
1596 4043 1625 4098 in
1646 4042 1781 4111 ecclesis,
1795 4038 1832 4096 rel

1007 4133 1038 4190 in
1050 4133 1137 4191 rebus
1150 4134 1367 4203 aeclesiasticis,
1385 4134 1544 4190 simoniace
1558 4138 1695 4189 acturum
1711 4132 1756 4189 vel
1772 4145 1831 4203 per-

1009 4223 1167 4280 missurum
1188 4240 1252 4280 esse
1276 4225 1424 4295 promitto.
1447 4223 1719 4279 ecclesiasticarum
1739 4235 1830 4293 perae·

1008 4329 1112 4369 narum
1129 4319 1158 4368 et
1172 4315 1304 4369 omnium
1316 4313 1500 4379 clericorum,
1516 4321 1542 4368 et
1554 4327 1650 4369 rerum
1666 4310 1829 4380 eorum,jo·

1009 4402 1119 4459 stitiam
1135 4406 1166 4458 el
1183 4407 1367 4474 potestatem,
1383 4407 1411 4459 et
1434 4402 1669 4459 distributionem
1692 4401 1829 4457 bonoram

124 4501 184 4553 sus,
201 4492 229 4542 al
252 4486 340 4559 (quod
363 4489 484 4546 minime
514 4492 675 4563 principem
691 4491 784 4560 decet)
801 4491 949 4565 prodigus.
966 4466 992 4533 D
1008 4492 1281 4562 ecclesiasticorum,
1298 4495 1329 4551 in
1350 4510 1435 4550 manu
1459 4493 1661 4566 episcoporum
1685 4507 1753 4548 ease
1773 4505 1829 4562 per·

125 4574 302 4632 Currebatnr
317 4577 353 4633 ad
370 4593 437 4635 eum
448 4580 483 4635 ab
499 4579 633 4636 omnium
643 4596 786 4652 generum
798 4581 954 4667 militibus,

162 4720 218 4788 (75)
235 4720 323 4777 Minus
336 4723 467 4794 prudens.
486 4739 525 4794 e.,
541 4723 672 4797 prudens,
688 4722 697 4779 l
723 4727 751 4794 2,
781 4725 954 4798 imprudens,

123 4794 378 4933 Β’(91.6)ᾱ’81ἰ)ἱιει”ηιο
401 4867 547 4923 centesimo
575 4867 715 4926 tricesimo
744 4875 831 4933 sento,
852 4876 953 4939 postera

122 4950 148 5062 p.
166 4934 237 5062 dl2.,
276 4937 424 4994 millesimo
452 4937 599 4996 centesimo
625 4943 762 4998 tricesimo
791 4942 897 5012 quinto,
928 4957 954 4996 s.

119 5080 218 5208 12(77)
234 5081 286 5137 Nec
301 5098 362 5140 uero
377 5082 539 5156 difficulter,
554 5100 591 5155 e.,
607 5101 658 5141 nec
681 5082 812 5157 difficile,
829 5099 853 5139 a.
880 5100 907 5140 c.
923 5083 952 5139 d.

160 5223 217 5292 (78)
233 5225 289 5281 lter
308 5228 447 5284 Henricns
474 5229 627 5284 auunculus
642 5244 709 5284 suus
730 5233 897 5298 accesserat.
914 5244 951 5295 e.,

124 5295 277 5348 auunculus
287 5305 449 5367 consuerat,
466 5316 490 5356 a.
505 5315 530 5356 c.
542 5302 572 5356 d.
588 5300 634 5355 12.

159 5363 215 5432 (79)
230 5365 352 5436 denarii,
374 5379 399 5426 et
426 5370 456 5426 tn·
475 5371 700 5444 exquisitissimi.
714 5374 823 5428 Auctor
838 5369 950 5442 Dialogi

123 5435 158 5491 de
172 5437 321 5494 Scaccario
337 5447 437 5495 narrat
457 5441 615 5515 aliqnando
635 5451 699 5516 post
715 5444 949 5502 Narmannorum

121 5507 279 5564 adventum
299 5511 477 5568 rarissimam
494 5516 584 5572 luisse
598 5515 792 5586 pecnniamin
807 5513 950 5587 angliael
1001 5511 1031 5568 in
1046 5528 1072 5570 o.
1089 5514 1119 5569 d.

120 5594 214 5652 nsque
237 5579 274 5638 ad
302 5581 415 5639 llenrici
429 5583 440 5639 l
455 5599 577 5656 regnum
600 5586 699 5644 omnia
716 5585 869 5659 vectigalia
885 5584 946 5658 regi

1008 4582 1095 4639 hibeo
1110 4586 1138 4638 et
1160 4583 1309 4640 confirmo.
1327 4582 1489 4654 Dignitates
1513 4581 1704 4638 ecclesiarum
1720 4577 1829 4653 privile·

1007 4724 1105 4781 dehita
1133 4742 1249 4783 annona
1270 4726 1394 4798 aliisque
1409 4725 1526 4782 cibariis
1546 4724 1583 4780 ad
1605 4739 1692 4779 nsum
1718 4721 1828 4804 familia

1007 4799 1070 4867 eius
1087 4796 1194 4853 soluta.
1222 4799 1359 4855 henricus
1379 4806 1475 4853 autam
1500 4797 1615 4868 primus
1627 4793 1721 4866 jussit
1736 4807 1829 4850 omnis

1007 4873 1131 4940 pecunia
1146 4869 1229 4926 solvi.
1245 4870 1410 4926 solutiones
1423 4871 1488 4924 ideo
1502 4867 1707 4924 alliciebantur
1721 4866 1759 4921 nd
1773 4881 1829 4921 sca-

1007 4940 1064 4996 lam
1084 4946 1112 4997 et
1135 4941 1171 4997 cd
1190 4958 1324 5013 pensam
1339 4942 1369 4996 in
1384 4956 1498 4996 numero
1521 4956 1572 4996 seu
1587 4942 1777 5005 numerando,
1788 4949 1829 5016 pet·

1005 5012 1217 5069 cornbnstiunem
1229 5030 1280 5069 seu
1292 5013 1442 5084 liquando.
1453 5013 1565 5076 Quibus
1577 5009 1728 5079 pensionis
1739 5009 1828 5064 modis

1007 5090 1126 5140 cautum
1152 5091 1196 5141 est
1211 5090 1243 5141 nt
1258 5084 1376 5141 nonnisi
1401 5089 1522 5154 probata
1537 5081 1661 5154 pecunia
1678 5083 1829 5136 vendentes

1006 5161 1035 5211 et
1059 5162 1185 5211 ementes
1210 5161 1370 5213 uterentur.
1386 5157 1478 5220 Onam
1504 5157 1627 5210 tortasse
1654 5156 1690 5208 ob
1712 5165 1829 5207 causam

1005 5228 1119 5283 nummi
1150 5228 1270 5285 Hensico
1290 5237 1431 5300 regnante
1454 5227 1516 5282 cusi
1532 5225 1632 5282 eximii
1647 5223 1740 5280 habiti
1757 5228 1828 5279 sunt.

1039 5299 1096 5369 (80)
1116 5300 1276 5355 Prudentia.
1293 5316 1331 5367 e.,
1346 5300 1588 5368 muqnunimilate,
1603 5315 1626 5352 s.
1643 5312 1668 5352 c.
1686 5297 1716 5352 d.
1732 5295 1779 5352 12.

1038 5372 1095 5441 (81)
1110 5372 1267 5440 h'cpoltnre.
1285 5388 1322 5439 e.,
1338 5389 1373 5428 es
1392 5375 1471 5433 iture,
1486 5388 1511 5427 s.
1527 5387 1552 5426 c.
1570 5371 1598 5426 d.
1616 5369 1661 5424 12.

1038 5441 1094 5511 (82)
1123 5442 1312 5513 convescendi,
1328 5460 1354 5500 e.
1373 5391 1426 5511 f2,
1453 5438 1707 5509 mortmaine..
1737 5439 1828 5496 omitt.

1036 5585 1093 5658 (83)
1107 5586 1209 5658 loitres.
1225 5601 1263 5657 e.,
1278 5587 1398 5661 quidem,
1413 5603 1438 5645 s.
1454 5603 1480 5644 o.
1495 5586 1525 5643 d.
1542 5586 1592 5644 12.
