3750 6000
70 309 80 368 i
481 308 531 368 DE
553 304 687 370 ossrts
708 306 862 369 PONTIF.
885 306 1001 368 aaut.
1024 339 1063 353 ·-
1085 305 1157 367 tta.
1182 303 1221 366 ll.
1628 309 1705 373 ttttd

70 446 160 498 status
176 443 229 499 loci
246 443 471 514 magnillcentla,
487 445 517 498 ct
532 440 609 515 quod
630 440 669 496 ibi
685 457 822 498 coronam
838 445 864 511 Α
878 440 1053 497 victualibus
1076 439 1279 497 miserabiliter
1298 443 1439 510 tractare;
1453 443 1520 500 bino
1544 443 1609 502 lites
1633 462 1702 504 ver·

70 534 84 588 i
108 537 288 604 susceperat.
305 533 384 589 liano
408 548 476 605 ergo
500 530 647 588 abbatiam
661 531 789 586 loannes
805 549 821 588 a
878 532 992 598 borum,
1009 529 1172 586 animorum
1185 529 1350 598 discordiam
1363 530 1442 601 quia,
1454 536 1486 588 ut
1498 533 1632 592 Lucanae
1644 537 1696 606 ait,

92 638 149 677 non
173 626 289 695 gravate
311 622 446 678 obtinuit.
463 621 618 692 Primoque
639 620 820 692 aliquantum
878 618 1484 694 aNescitplcbesjejuoatimarc1el.plebel
1504 643 1517 671 a
1530 624 1700 698 Postjurgia

70 739 71 762 t
87 712 116 766 in
135 712 295 768 monachos
311 712 426 784 agebat,
442 712 517 782 quod
534 718 630 766 essent
649 709 779 778 hebetes,
795 719 822 767 et
877 713 997 768 ventum
1013 709 1048 764 ad
1060 724 1153 776 arma,
1164 709 1345 781 coactiquea
1361 708 1502 767 militibus
1520 713 1655 768 monachi
1667 715 1697 769 in

88 801 282 857 estimatione
308 799 434 868 barbari,
451 803 479 856 et
493 815 593 855 omnes
608 806 698 854 terrae
713 799 821 854 victua·
878 797 1043 867 ecclesiam,
1054 803 1155 856 sancto
1171 796 1256 854 altari
1267 798 1400 856 miseriae
1411 798 1605 872 applorabant
1616 818 1698 859 suas.

70 939 71 944 ,
88 891 239 946 ministras
254 891 400 956 aulerens,
417 889 635 961 pauculumque
649 889 757 945 vietum
770 903 822 960 per
877 889 930 943 Sed
942 887 1175 959 irrumpentibus
1187 885 1330 943 militibus
1340 888 1397 944 duo
1408 904 1441 944 ex
1452 888 1488 945 iis
1499 888 1606 946 ibidem
1618 891 1696 963 ensi,

70 997 90 1036 vs
118 996 187 1035 suos
216 979 328 1036 exiliter
351 980 498 1047 inlerens;
516 980 566 1034 sed
596 978 820 1051 procedentibus
878 976 1206 1044 xrvvulnerati,eaeteri
1228 976 1437 1048 reputantium
1462 982 1491 1034 et
1512 979 1594 1036 luror
1616 979 1698 1036 iasa-

71 1088 83 1126 s
100 1071 192 1126 lactus
209 1086 309 1137 novus,
327 1070 478 1126 monachis
494 1069 591 1124 mitius
608 1084 750 1140 asagora,
766 1069 818 1124 ali·
877 1067 1216 1124 uiantiumdameminus
1228 1065 1698 1138 monachosimpetit,crucillxum

70 1159 174 1215 nulum
192 1164 345 1228 terrarum,
357 1175 413 1231 quo
429 1175 458 1213 se
473 1158 662 1230 hospitesque
672 1175 741 1215 auos
752 1174 821 1230 qao·
878 1154 995 1228 sagittis
1010 1155 1159 1212 inhorrere
1175 1156 1290 1224 lecerat,
1300 1155 1390 1226 hujus
1405 1156 1537 1213 criminis
1552 1173 1627 1214 noxa
1640 1162 1698 1214 tota

70 1250 143 1305 nodo
159 1253 366 1315 sustentarent,
384 1248 472 1320 priori
490 1247 657 1318 indulgens.
674 1247 763 1303 Multa
779 1247 819 1303 ibi
877 1249 937 1304 vita
960 1246 1020 1319 regi
1036 1246 1196 1303 inlamatus
1210 1246 1310 1313 abbas,
1326 1245 1427 1302 exsilio
1442 1247 1520 1319 apud
1536 1247 1696 1305 (ladomum

70 1338 136 1394 liter
148 1355 198 1408 per
213 1355 280 1394 eum
296 1338 423 1409 inempta
434 1340 677 1393 etoonsummata
691 1336 721 1391 in
737 1352 820 1392 orna·
878 1337 1047 1409 deportatas
1071 1339 1116 1392 eet
1131 1352 1138 1391 ι
1154 1351 1246 1407 eoque
1271 1335 1409 1392 defuneto
1433 1352 1484 1407 pro
1498 1337 1697 1409 redemptione

70 1428 104 1485 tie
119 1435 146 1483 et
160 1428 254 1493 libris,
272 1427 457 1498 meximeque
474 1426 683 1482 monachorum
699 1441 821 1498 congre·
877 1426 985 1498 peccati
1010 1424 1202 1482 auxiliaribus
1227 1429 1422 1482 annumerata
1444 1426 1568 1497 pecunia
1592 1425 1696 1485 honori

70 1533 125 1582 voe,
141 1521 192 1588 qui
217 1521 285 1571 sunt
300 1517 423 1572 scientia
445 1514 607 1570 litterarum
623 1519 652 1568 et
667 1513 820 1569 sedulitate
877 1515 1030 1571 restitutus
1046 1517 1098 1569 est.
1117 1514 1315 1584 lmpadsnset
1326 1513 1456 1582 infamis,
1469 1515 1519 1586 qui
1531 1515 1699 1572 tantiseeri·

70 1608 159 1661 iorum
169 1607 253 1676 iuxta
269 1603 476 1676 predicabiles.
488 1604 557 1658 Erat
573 1603 703 1659 medicus
719 1603 820 1673 proba·
876 1604 943 1677 legii
966 1603 1111 1670 conscius,
1130 1620 1220 1660 ausus
1235 1604 1273 1658 sit
1294 1603 1400 1658 iterum
1415 1602 1488 1674 loco,
1505 1620 1592 1675 quem
1607 1604 1697 1661 viola·

70 1714 130 1752 ,nus
150 1713 208 1751 non
225 1695 347 1751 scientia
364 1694 413 1749 sed
436 1710 503 1758 usu,
519 1696 550 1748 ut
565 1692 642 1748 lama
657 1692 767 1764 (neseio
782 1709 818 1747 an
874 1702 963 1761 verat,
975 1693 1096 1750 intrudi.
1108 1692 1552 1763 JaoetibiPatricius,sieradare
1563 1694 1695 1766 dignum,

70 1786 237 1856 tdisparsit.
258 1753 992 1854 Litteratorumcontuberaiogaudens,Bnatione
1031 1784 1132 1853 Britto,
1163 1783 1239 1838 beati
1276 1783 1413 1839 Germani
1446 1782 1695 1841 Autisiodorensie

70 1891 151 1931 orum
175 1874 313 1930 societate
335 1872 445 1943 aliquid
471 1871 525 1927 sibi
548 1871 642 1926 laudis
657 1871 817 1927 ascisceret.
875 1872 1047 1944 discipulus,
1064 1890 1149 1943 quem
1166 1890 1182 1928 a
1197 1888 1270 1943 papa
1285 1870 1439 1928 Caelestino
1456 1873 1622 1931 ordinatum
1634 1873 1694 1946 epi·

71 1964 129 2020 oris
154 1970 249 2019 tamen
275 1965 303 2019 in
328 1962 516 2035 obloquentes
540 1961 711 2025 dicacitatis,
728 1978 817 2032 quam
875 1979 996 2034 scopam
1017 1962 1539 2034 Hiberniensibusmisitapostolum.
1556 1961 1693 2029 Quicum

70 2070 104 2108 us
129 2054 193 2122 ejus
219 2053 357 2108 interesse
381 2053 508 2107 deberet.
525 2049 707 2106 Valetudiuis
725 2050 818 2117 bona,
874 2050 973 2106 multis
984 2051 1069 2106 annis
1081 2050 1109 2105 in
1123 2049 1311 2105 conversione
1326 2049 1407 2104 illius
1417 2049 1512 2121 gentis
1527 2066 1579 2106 suo
1590 2055 1694 2123 agente

70 2142 116 2199 itis
132 2159 198 2198 cum
215 2143 244 2197 in
266 2159 296 2197 ae
317 2146 380 2197 tum
396 2141 425 2196 in
442 2139 522 2197 alios.
543 2140 620 2196 Obiit
635 2141 818 2211 grandaevus,
872 2139 981 2207 labore,
993 2139 1041 2194 Dei
1053 2139 1146 2210 gratia
1156 2144 1328 2211 cooperante
1339 2156 1397 2196 non
1410 2138 1481 2194 nihil
1490 2139 1693 2212 promovisset,

73 2233 199 2290 eeetiam
208 2231 467 2288 moriensemolliri
479 2230 626 2302 potuit,ut
637 2229 817 2301 plenamanu
873 2229 990 2285 tandem
1014 2246 1132 2285 annosus
1149 2228 1390 2301 peregrinationis
1404 2228 1489 2285 tedio
1505 2228 1593 2285 simul
1609 2233 1637 2285 et
1652 2229 1693 2286 vi-

70 2322 204 2379 arborum
229 2326 318 2378 terras
340 2322 481 2387 redderet,
511 2319 733 2375 successorihus
758 2319 818 2374 sais
873 2319 938 2374 cino
954 2319 1035 2375 senio
1047 2318 1215 2374 admonitus
1226 2318 1350 2390 patriam
1364 2318 1545 2373 redeundum
1555 2318 1694 2386 ratus,ibi

73 2411 234 2467 mitandum
247 2412 378 2483 prebens
390 2410 566 2480 exemplum.
578 2408 717 2480 Sepultus
732 2414 777 2464 est
789 2408 817 2462 in
873 2409 949 2463 dieta
958 2407 1073 2464 elausit.
1082 2406 1237 2464 Subsecuti
1248 2410 1315 2463 sunt
1326 2406 1500 2479 magistrum
1510 2406 1694 2463 hindrachus

73 2501 116 2558 sia
131 2500 229 2556 Sancti
246 2501 332 2567 Petri,
348 2516 434 2571 quam
448 2517 463 2554 a
475 2498 674 2554 fundamentis
690 2502 819 2554 erexerat
873 2498 921 2570 [ut.
932 2495 1587 2569 lndrathusJHiberniensieragishliuslcujus
1598 2495 1695 2552 indole

70 2607 100 2646 ro
117 2594 145 2647 et
160 2591 309 2647 elaborato
326 2590 466 2661 parietum
483 2589 606 2645 ambitu.
623 2589 715 2645 Cessit
739 2589 817 2644 enim
873 2585 944 2642 nihil
969 2586 1094 2654 dulcius,
1111 2585 1183 2642 nihil
1207 2585 1347 2658 sanctiue)
1359 2589 1387 2642 et
1411 2601 1450 2641 vn
1473 2585 1592 2642 comites
1614 2585 1694 2641 illius

70 2698 131 2738 mas
148 2681 258 2738 Simoni
270 2681 362 2748 fratri,
376 2680 565 2750 lratermaJor
581 2679 697 2735 minori.
715 2678 818 2735 Omnis
872 2683 953 2730 terra
965 2673 1148 2747 spectabiles.
1164 2676 1242 2739 Quos
1259 2673 1367 2730 ibidem
1383 2673 1559 2730 irruentibus
1576 2674 1693 2731 latrun-

70 2788 102 2828 us
118 2772 304 2843 episcopatus
316 2770 394 2827 illiue
405 2770 434 2825 in
448 2768 510 2826 solo
522 2769 729 2824 Somersetenei
743 2785 816 2841 pago
871 2765 946 2821 culis
971 2780 1071 2833 cesos,
1088 2764 1116 2819 in
1133 2768 1275 2836 martyres
1289 2762 1404 2819 credula
1424 2765 1603 2820 consecravit
1617 2763 1693 2819 auti·

70 2902 75 2924 ‚
93 2861 238 2932 habetque
253 2865 312 2915 tres
323 2857 455 2915 abbatias
467 2858 595 2914 virorum
611 2873 617 2912 :
634 2857 818 2914 Glnstonien·
871 2855 976 2926 quites.
989 2852 1064 2920 Quid
1074 2870 1158 2927 porro
1170 2854 1205 2909 de
1216 2852 1327 2908 caeteris
1337 2851 1446 2908 sanctis
1457 2852 1497 2907 ihi
1509 2852 1693 2925 requiescen·

83 2956 319 3029 adelingensem,
337 2953 569 3010 Mtolaniensem,
871 2944 950 2999 tibus
965 2960 1060 3000 sermo
1075 2942 1160 2999 erilis
1177 2943 1327 3013 majestate
1343 2958 1440 2998 rerum
1452 2941 1692 2999 comminiscetur

70 3048 175 3104 latonia
198 3050 242 3103 est
263 3045 332 3101 villa
359 3045 388 3101 in
413 3044 541 3117 quodam
558 3058 673 3100 recessu
691 3041 813 3115 palustri
833 3049 854 3116 ρ
871 3031 1213 3105 dignumlmultosilluc
1228 3031 1460 3088 realldmundus
1476 3031 1692 3104 misitinespe-

71 3155 98 3206 a,
114 3154 177 3210 qum
193 3142 290 3193 tamen
306 3140 336 3192 et
351 3152 425 3207 aquo
441 3144 467 3190 et
484 3135 555 3203 pede
570 3133 674 3205 aditur,
691 3148 743 3188 nee
754 3131 812 3189 situ
870 3123 980 3179 ditione
995 3121 1154 3194 aquilonali
1177 3125 1352 3193 compertos,
1368 3124 1397 3177 et
1413 3121 1448 3175 de
1463 3124 1539 3177 terra
1554 3119 1664 3177 levatos
1681 3137 1688 3177 :

70 3227 238 3284 emoenitste
266 3225 455 3282 delectabilis.
481 3224 520 3280 lbi
546 3225 641 3297 primo
666 3238 714 3278 rex
739 3223 814 3281 ilina
866 3211 1159 3285 intel”lt1¹⁰⁵ffild²¹¹1¹
1177 3211 1355 3267 abbatissam
1372 3209 1600 3281 ⁰OE1¹0bfirtl¹¹0²¹
1617 3209 1687 3267 Olim

75 3319 113 3375 lio
128 3315 287 3373 beatissimi
298 3313 811 3382 Aldelmimonasteriumaedillcavit,
866 3303 1050 3362 Sittnfllhtlh
1067 3320 1145 3360 1¹11ssss
1160 3302 1254 3359 Dilebi
1271 3306 1484 3374 immitium,
1497 3310 1566 3358 1⁰⁰0
1577 3303 1688 3358 sancii·

70 3425 84 3462 a
98 3406 168 3462 illuc
180 3405 297 3478 pradia,
310 3421 372 3476 quoe
384 3403 529 3474 hodieque
542 3403 744 3471 nominantur,
757 3405 812 3460 tar.
867 3393 1047 3462 monialium,
1065 3393 1151 3450 modo
1163 3393 1383 3449 manachorum.
1400 3392 1490 3463 Cujus
1501 3392 1604 3464 quanti
1620 3407 1690 3465 pan·

71 3541 77 3554 ,
94 3497 129 3552 Et
139 3496 217 3551 varia
228 3494 346 3566 quidem
358 3493 559 3549 vicissitudine
570 3497 748 3565 temporum,
761 3496 811 3551 aad
866 3483 941 3539 derit
951 3484 1054 3540 merita
1066 3500 1150 3539 verax
1160 3482 1318 3539 historicus
1327 3481 1415 3549 Beda,
1425 3481 1689 3553 promptumlaciet

69 3584 222 3641 icientibas
255 3582 503 3650 successionibus,
538 3581 811 3653 congregationibus
866 3572 989 3630 historia
1004 3571 1174 3628 Cellrithum
1191 3572 1326 3627 abbatem
1342 3570 1484 3628 Wirensia
1500 3569 1636 3639 eoenobii,
1652 3570 1688 3624 de

70 3675 199 3730 rchoram
224 3671 373 3744 splenduit
396 3671 488 3737 loeus,
506 3673 648 3743 usquead
665 3672 810 3727 [lanorum
866 3679 923 3736 (1110
939 3662 1016 3716 idem
1038 3662 1112 3716 Beda
1138 3661 1286 3732 proprium
1308 3660 1398 3715 texuit
1421 3659 1538 3714 librum.
1555 3659 1628 3714 Eum
1657 3657 1688 3714 in

70 3763 164 3820 liredo
182 3779 248 3834 rege
264 3762 433 3818 adventum.
449 3764 529 3816 Tunc
544 3760 635 3824 enim,
651 3764 684 3816 ut
698 3767 810 3829 cetera,
865 3758 996 3807 extreme
1007 3751 1168 3806 atatedum
1181 3751 1300 3805 ltomom
1312 3747 1443 3802 tenderat
1454 3747 1529 3816 apud
1544 3747 1689 3818 lingones

70 3860 146 3921 atus,
169 3850 325 3922 aliquantis
341 3852 425 3905 annis
443 3854 527 3905 notos
543 3849 716 3905 desideravit
731 3850 809 3911 inco·
866 3849 958 3897 marte
978 3845 1212 3911 praecerperem
1235 3843 1264 3894 et
1287 3836 1445 3908 sepultum,
1462 3834 1514 3890 sed
1535 3834 1687 3904 postmodo

70 3942 167 4010 Porro,
184 3938 327 4014 quidquid
358 3940 443 3994 turbo
472 3938 615 3994 bellorum
640 3938 809 4003 obtriverat,
866 3929 1266 3999 constatrelatum2partem
1284 3925 1395 3981 ossium
1412 3922 1688 3980 AldauiLindialar·

70 4032 131 4086 avit
141 4030 255 4102 egregie
269 4031 444 4094 danstanus,
458 4027 506 4098 qui
520 4028 599 4099 prius
611 4043 643 4083 eo
658 4027 810 4084 locivimm
866 4018 965 4075 nensis
979 4017 1118 4074 antistitis
1135 4016 1229 4087 primi.
1242 4020 1326 4082 Nam,
1340 4015 1416 4085 quod
1429 4016 1539 4082 partem
1551 4011 1687 4068 (tolman-

70 4121 147 4175 riam
166 4117 328 4174 monachus
343 4118 486 4173 actitarat.
496 4117 653 4172 Postmodo
670 4116 812 4173 verolibe·
865 4126 922 4165 nus
946 4109 1075 4166 Scotiam
1091 4107 1192 4163 eodem
1216 4103 1450 4177 historiographo
1466 4106 1539 4158 teste
1554 4104 1686 4173 asporta-

70 4211 101 4263 te
115 4206 190 4279 ragis
204 4204 350 4262 Edmundi
361 4204 457 4261 omnia
468 4205 615 4276 quondam
626 4203 809 4275 appendicia,
865 4200 949 4268 verit,
966 4198 1061 4256 notius
1072 4201 1126 4264 est,
1142 4211 1231 4268 quam
1242 4193 1406 4252 utdabitari
1416 4190 1530 4248 debeat.
1544 4189 1686 4245 Praedica-

70 4296 185 4352 rmulto
209 4295 292 4367 plura
316 4298 430 4361 nactus,
458 4292 603 4350 abbatiam
622 4295 805 4365 composuit:
824 4338 846 4402 D
865 4293 912 4345 tur
934 4288 975 4344 ibi
999 4285 1145 4357 Benignus
1168 4284 1328 4352 confessor,
1350 4282 1398 4354 qui
1423 4297 1479 4336 non
1504 4279 1590 4351 longa
1615 4277 1684 4334 hinc

70 4401 249 4457 suusquam
274 4385 302 4439 in
332 4383 436 4455 Anglia
457 4383 808 4440 sitlueritve.Taataest
862 4377 1028 4434 anachorita
1052 4376 1149 4444 luerit,
1180 4372 1369 4447 praeoluisqus
1394 4366 1545 4426 miraculis
1572 4367 1683 4424 vicinos

70 4475 104 4530 do
118 4478 147 4529 et
162 4473 365 4546 opportunitas
382 4472 549 4538 fundorum,
563 4477 643 4528 tanta
664 4472 805 4529 librorum
862 4467 1020 4523 monachos
1040 4467 1074 4520 ad
1098 4465 1144 4520 sui
1168 4462 1382 4520 venerationem
1406 4463 1435 4516 ot
1458 4457 1681 4514 translationem

70 4561 170 4616 tritudo
181 4568 208 4615 et
218 4560 376 4631 antiquitas
387 4559 535 4615 exuberat.
545 4560 684 4615 Caeterum
696 4560 805 4633 (nescio
861 4558 1036 4614 excitaverit.
1060 4555 1170 4627 Sepulti
1185 4558 1253 4609 sunt
1267 4552 1296 4607 in
1312 4568 1345 4607 eo
1361 4548 1491 4606 cenobio
1507 4563 1607 4620 reges:
1624 4547 1681 4602 Ed·

70 4650 226 4706 iniortunio
241 4665 355 4720 semper
376 4654 441 4720 poet
455 4648 610 4704 adventum
624 4648 806 4704 Narmanno·
861 4650 1001 4716 mundae,
1017 4648 1052 4702 de
1067 4663 1123 4717 quo
1139 4645 1275 4717 superias
1287 4642 1357 4709 dixi,
1374 4640 1428 4696 loci
1445 4640 1635 4707 instaurator,
1652 4641 1681 4692 et

70 4739 207 4810 pessimis
232 4738 354 4793 infracta
368 4743 412 4792 est
427 4736 588 4800 laboribus,
606 4753 658 4792 nec
678 4739 707 4792 in
724 4738 807 4794 novis
861 4738 990 4809 Edgarus
1007 4737 1083 4791 itlius
1098 4736 1169 4805 ejus,
1186 4735 1236 4807 qui
1253 4736 1378 4804 paterne
1395 4729 1540 4786 memoria
1559 4745 1618 4784 non
1633 4727 1681 4782 in·

70 4827 127 4895 riis,
146 4844 196 4883 nec
218 4827 447 4883 inhabitatorum
470 4826 651 4897 compendiis
673 4827 805 4898 proiecit.
860 4818 1683 4898 gratusdonisgenitorisampliasimarampossessionum

70 4923 110 4974 tes
125 4934 223 4973 rerum
239 4916 409 4989 gloriaelati
438 4932 494 4971 non
512 4915 672 4986 religiosos,
690 4917 741 4971 sed
757 4919 805 4988 ty·
862 4913 967 4986 adjecit
982 4914 1145 4969 cumulum.
1163 4911 1323 4980 adelingea
1337 4912 1380 4965 est
1402 4924 1459 4965 non
1476 4907 1565 4963 maris
1578 4905 1684 4971 insula,

70 5024 93 5063 rs
107 5012 207 5079 agunt,
224 5006 294 5063 loris
309 5005 424 5073 tumidi,
435 5004 486 5061 ssd
502 5003 632 5073 invalidi,
643 5004 723 5061 intus
739 5021 806 5059 cru·
861 5005 910 5058 sed
931 5005 972 5058 ita
986 5006 1158 5075 stagnorum
1175 4999 1372 5057 refusionibus
1387 5001 1416 5054 et
1431 4995 1587 5068 paludibus
1602 4993 1684 5048 inac-

80 5104 107 5153 et
122 5096 311 5154 incommodi.
328 5096 370 5151 Ad
386 5096 461 5167 quod
477 5095 659 5168 probandum
675 5093 805 5151 Turstini
860 5108 952 5162 cessa,
970 5094 1002 5146 ut
1023 5091 1103 5147 nullo
1120 5091 1205 5147 modo
1222 5089 1279 5145 nisi
1304 5087 1418 5160 navigio
1434 5085 1507 5142 adirl
1522 5086 1617 5154 queat.
1634 5080 1685 5135 Al·

70 5187 217 5244 asuldc'iet
234 5187 352 5243 lactum.
861 5185 960 5236 netum
978 5180 1006 5235 in
1022 5197 1054 5237 ea
1070 5197 1121 5252 per
1135 5180 1306 5242 maximum,
1323 5193 1422 5234 cervos
1438 5185 1462 5231 ct
1480 5188 1598 5243 capraea
1613 5168 1687 5226 mul·

69 5277 75 5332 i
97 5276 173 5331 dono
196 5276 272 5347 regis
293 5274 439 5330 Willielmi
455 5274 620 5347 patrisejus
637 5273 805 5330 monasterii
860 5277 963 5344 tesqua
978 5271 1006 5327 id
1023 5288 1116 5345 genus
1139 5272 1250 5327 bestias
1264 5268 1407 5326 continet.
1425 5267 1513 5321 Terra
1529 5260 1686 5319 solidatrix

70 5384 79 5422 ε
93 5365 197 5430 abbas,
215 5367 306 5418 terras
322 5369 351 5419 et
366 5364 503 5436 paeonias
523 5366 550 5419 in
566 5364 739 5420 lectatorum
755 5362 805 5435 [el.
860 5363 975 5420 duobus
987 5361 1141 5435 jugeribus
1157 5361 1213 5416 lata
1225 5355 1464 5416 monasteriolum
1478 5362 1505 5410 et
1520 5351 1684 5409 monacho·

70 5453 402 5525 vruszuorumabusus
414 5453 639 5526 consumpsith
657 5452 807 5509 monachis
861 5471 924 5510 rum
950 5453 1083 5510 otttctnas
1109 5451 1202 5507 habet.
1220 5449 1290 5520 Ejus
1305 5449 1487 5502 constructor
1501 5441 1558 5498 luit
1574 5457 1622 5498 rex
1637 5440 1682 5495 lll-

70 5545 239 5605 eordinem
274 5541 397 5617 erigere,
423 5545 474 5600 sed
507 5545 583 5602 inter
610 5544 670 5600 hac
697 5560 747 5602 eos
775 5545 805 5601 in
862 5532 1684 5616 lradus,quiquondamaDanispulsueprovinciatutas

143 5647 279 5711 Parnon.
302 5639 459 5708 (thllxlll.
734 5648 736 5652 ⁴
1485 5633 1524 5696 tt
