3750 6000
109 230 161 285 179

106 442 179 498 mine
194 442 336 497 decorare.
361 443 417 497 lloc
434 442 559 496 nimirum
587 440 798 512 dispensationis
812 439 909 494 intuitu

107 547 159 602 pro
175 530 248 585 bono
260 531 345 600 pacis,
362 538 390 585 et
404 530 535 586 Ecclesiae
550 530 700 585 Catholicae
713 529 811 596 salute,
827 537 910 600 atquc

111 618 244 692 suffragio
274 619 473 690 brugniatense
492 619 700 683 monasterium,
721 618 794 690 quod
810 618 836 672 in
856 619 909 673 ho-

108 723 204 762 norem
223 707 297 763 beati
314 708 387 762 Petri
400 706 527 777 apostoli,
545 715 756 777 sanctorumque
771 707 910 761 Laurentii

108 810 135 859 et
148 804 308 861 Columbani
319 813 502 861 constructum
514 820 576 860 esse
585 803 769 877 cognoscitur,
781 803 911 874 praesenti

109 893 202 965 scripti
216 893 315 966 pagine
331 892 541 960 communimus,
562 891 709 964 ipsumque
724 891 910 964 episcopalem

109 979 204 1037 aedem
219 981 252 1036 de
271 989 371 1037 cratero
386 980 445 1037 iore
462 981 645 1046 decernimus,
662 988 815 1035 statuentes
830 988 861 1035 ut
871 995 911 1036 ec·

109 1077 213 1146 clesire,
229 1094 290 1150 quae
309 1079 378 1134 citra
398 1078 486 1149 ipsum
507 1086 581 1144 sunt,
605 1077 721 1135 castella
736 1093 854 1150 quoque,
884 1086 910 1132 et

109 1166 191 1231 villae,
207 1183 268 1238 quas
282 1166 405 1235 suijuris
419 1166 549 1233 existunt,
569 1166 659 1222 eidem
678 1166 804 1223 coenohio
825 1180 909 1237 paro·

110 1254 190 1311 chiali
204 1254 264 1323 jure
283 1254 455 1324 subjaceant,
484 1262 511 1311 et
527 1254 653 1326 pontifex
681 1254 726 1327 qui
741 1254 843 1309 ibidem
860 1269 910 1325 pro

111 1349 233 1414 tempore
249 1341 340 1408 luerit,
356 1342 489 1408 decimas,
507 1342 662 1399 oblationes
690 1350 718 1398 et
731 1342 795 1408 alie,
812 1342 911 1397 tamin

112 1430 313 1502 temporalibus
330 1445 412 1503 quam
425 1431 623 1503 spiritualibus,
640 1439 768 1503 tanquam
783 1430 911 1502 proprius

112 1528 261 1600 episcopus
271 1528 372 1583 haheat
382 1535 408 1584 et
425 1529 562 1600 disponat,
575 1536 656 1600 atque
667 1528 795 1586 lennensi
815 1528 911 1585 Eccle-

111 1615 159 1671 siae
175 1624 300 1688 tanquam
316 1617 532 1687 metropolitanae
546 1633 604 1672 suae
618 1616 761 1683 obediens,
776 1624 803 1671 et
818 1617 911 1685 subje-

748 227 954 283 tttn'ochrtvtt
974 229 997 282 ll
1024 228 1118 282 Patris

105 361 132 410 et
144 352 197 409 alia
212 352 379 409 venerabilia
393 353 453 410 loca
465 353 640 424 episcopatus
651 351 842 423 praerogativas
852 351 906 407 cul·
920 354 948 412 A

1708 223 1758 277 lilii

1272 351 1438 408 cxxxt'tt.

963 469 1209 526 Adidnlbcroocm
1220 467 1457 539 hamburgensem
1467 465 1759 548 archiepiscopum.-

1003 543 1035 599 ttt
1049 556 1145 595 ornnes
1154 541 1273 612 episcopi
1285 540 1393 607 Dnniae,
1405 539 1522 604 Serdica,
1535 539 1759 605 liorncqrce,etc.,

999 613 1046 667 illi
1061 612 1181 682 subjecti
1195 613 1264 665 sint.

1193 709 1284 778 (Anno
1300 711 1380 775 tite,
1396 707 1459 762 ltlaii
1473 708 1532 777 ht.)

964 800 1758 880 [Lenesnnnnc,llnmiorqiaclresUrlundenbncbpdihl

1000 910 1189 964 innocensus
1204 907 1359 977 episcopus,
1371 920 1467 960 servus
1479 918 1619 959 servorum
1636 899 1698 962 Dei,
1714 913 1760 952 ve-

964 997 1272 1054 nerabiliinaananosr
1289 991 1557 1065 Eammenburgensi
1581 989 1764 1060 archiepisco·

964 1102 1010 1158 po,
1024 1088 1137 1158 ejusque
1166 1083 1380 1151 successoribus,
1401 1082 1515 1138 salutem
1543 1088 1569 1137 el
1582 1078 1760 1152 apostolicam

963 1175 1195 1232 benedictionem.

1000 1273 1041 1328 hd
1056 1271 1146 1328 hocin
1160 1273 1189 1326 B.
1206 1271 1278 1327 Petri
1293 1269 1437 1339 cathedra,
1448 1267 1611 1339 disponente
1631 1265 1760 1331 Domino,

965 1361 1104 1419 constituti
1119 1376 1180 1417 esse
1191 1359 1390 1431 conspicimur,
1397 1365 1530 1430 quotenus
1541 1355 1659 1430 singulis
1671 1353 1762 1412 Eccle-

966 1450 1013 1505 siis
1025 1458 1050 1506 et
1060 1449 1255 1506 ecclesiasticis
1263 1446 1388 1520 personis
1398 1462 1473 1502 suam
1483 1442 1762 1512 conservemusjusti-

966 1539 1029 1594 tiam
1046 1557 1053 1603 ;
1069 1547 1095 1594 et
1110 1537 1235 1610 qualiter,
1256 1545 1311 1593 tam
1325 1536 1511 1607 temporaliter
1534 1550 1617 1606 quam
1633 1532 1761 1603 spiritua·

965 1629 1027 1685 liter
1046 1629 1104 1697 ejus
1123 1635 1209 1683 status
1221 1626 1327 1700 integer
1348 1632 1517 1697 perseveret,
1533 1623 1681 1679 salubriter
1694 1637 1760 1692 pro·

111 1713 170 1760 ctus
185 1704 296 1760 existat.
325 1704 395 1760 lllud
414 1705 497 1761 etiam
525 1706 588 1762 huic
605 1715 707 1763 nostrae
725 1705 911 1762 constitutioni
928 1721 953 1782 Β
969 1724 1060 1780 videre
1074 1740 1216 1780 curemus,
1236 1724 1356 1795 pignum
1370 1722 1443 1778 enim
1465 1731 1491 1778 ει
1505 1720 1666 1776 rationabile
1680 1726 1721 1773 est
1736 1726 1762 1772 ur

111 1793 268 1848 addendum
287 1809 349 1849 esse
376 1794 546 1861 censuimus,
581 1801 611 1849 ut
629 1794 759 1850 universa
778 1811 840 1866 quas
869 1793 912 1851 vel

111 1892 290 1949 concessione
318 1891 487 1964 pontificum,
508 1892 645 1949 oblatione
672 1892 792 1948 fidelium
822 1893 912 1949 eidem

111 1980 348 2038 Ecclesiaecollata
364 1988 437 2047 sunt,
450 1981 493 2037 vel
504 1981 635 2053 deinceps
643 1981 787 2037 auxiliante
796 1981 913 2038 Domino

109 2070 183 2140 juste
198 2077 227 2125 et
241 2069 371 2126 monnica
386 2069 574 2136 conserentur,
602 2070 653 2125 sihi
673 2071 784 2142 suisque
800 2086 913 2127 socces-

116 2157 225 2214 sonibus
241 2157 320 2213 lirma
334 2173 442 2229 semper
461 2166 487 2213 et
512 2158 618 2214 illibata
632 2166 820 2231 permaneant,
836 2158 914 2214 salva

115 2247 246 2302 nimirum
265 2246 292 2302 in
308 2247 435 2302 omnibus
450 2254 552 2304 sanctae
567 2248 697 2304 liomanae
720 2247 853 2305 Ecclesiae
866 2248 913 2316 ju·

114 2336 187 2392 stitia
201 2345 227 2392 et
242 2335 407 2392 reverentia.
417 2335 595 2392 Decemimus
609 2352 678 2409 ergo
689 2343 717 2392 ut
727 2336 792 2393 nulli
802 2336 913 2392 omnino

114 2433 256 2489 hominum
271 2432 312 2487 ias
330 2432 366 2487 sit
387 2432 531 2504 praelatum
560 2432 713 2489 Ecclesiam
728 2440 833 2489 temere
847 2449 914 2504 per-

116 2522 239 2592 turbare,
254 2528 300 2576 aut
327 2521 387 2590 ejus
401 2521 591 2593 possessiones
610 2520 725 2588 auferre,
747 2521 790 2577 vel
808 2521 915 2577 oblatas

117 2618 247 2684 retinere,
263 2617 396 2686 minuere,
417 2625 465 2673 ant
493 2617 627 2690 aliquibus
646 2619 835 2674 venationibus
850 2618 915 2674 iati-

115 2721 193 2779 gare‚
208 2704 257 2761 sed
277 2707 371 2760 omnia
390 2705 498 2779 integra
517 2715 717 2763 conserventur
735 2722 842 2776 eorum,
867 2722 916 2779 pro

117 2809 232 2864 quorum
264 2793 463 2866 gubernatione
500 2810 532 2851 ec
559 2795 755 2852 sustentatione
784 2812 917 2852 concessa

116 2889 180 2938 sunt
194 2880 289 2938 usibus
303 2870 415 2939 omnino
428 2883 582 2953 protutura.
603 2883 699 2956 Siqua
714 2884 797 2958 igitur
812 2885 841 2940 in
869 2885 917 2940 iu·

115 2978 204 3026 turum
219 2970 405 3028 ecelesiastica
416 2972 587 3029 secularisve
597 2974 805 3044 persona,hanc
816 2983 918 3031 nostrae

967 1813 1035 1868 sieut
1049 1820 1223 1869 sacrosancta
1245 1813 1295 1868 Dei
1310 1811 1435 1869 Ecclesia
1449 1810 1558 1866 unitatis
1572 1824 1605 1865 ac
1618 1807 1681 1863 lidei
1696 1823 1762 1878 per·

966 1909 1048 1972 petua
1063 1910 1151 1956 mater
1165 1901 1263 1967 existit,
1293 1901 1330 1956 ita
1345 1901 1406 1972 ejus
1421 1899 1563 1973 privilegia
1577 1897 1764 1954 custodiantur

966 1989 1063 2057 illaesa,
1080 1997 1107 2045 et
1122 1989 1203 2044 nullis
1217 1990 1360 2057 molestiis,
1375 1988 1457 2044 nullis
1471 1985 1696 2060 oppressionibus
1705 1999 1764 2056 pra·

966 2078 1215 2135 vorumhnminum
1235 2079 1373 2151 fatigetur.
1394 2079 1472 2150 Saepe
1485 2077 1580 2148 utique
1600 2072 1764 2131 venerabilis

968 2173 1055 2231 irater
1069 2184 1160 2230 noster
1174 2174 1307 2231 adalbero
1318 2173 1570 2247 hamenburgensis
1583 2170 1764 2242 archiepisco

967 2280 1029 2335 pus,
1044 2263 1072 2318 iu
1087 2263 1234 2334 praesentia
1252 2263 1487 2335 praedecessorum
1508 2269 1664 2317 nostrorum
1679 2257 1765 2314 ielicis

968 2352 1107 2409 memoriae
1122 2352 1218 2408 Calinti
1233 2360 1258 2408 et
1274 2352 1395 2419 lionorii,
1416 2367 1449 2409 ac
1463 2360 1567 2419 nostra,
1583 2357 1695 2421 questus
1709 2355 1763 2412 est,

968 2443 1097 2498 ascetum
1117 2441 1292 2497 hundensem
1307 2451 1334 2498 et
1350 2441 1494 2512 episcopos
1512 2440 1580 2495 alios
1599 2437 1700 2503 Dacia,
1716 2434 1765 2490 tibi

969 2531 1101 2599 debitam,
1129 2531 1201 2587 sicut
1227 2531 1439 2602 metropolitano
1460 2545 1519 2596 suo,
1536 2525 1764 2601 quemadmodum

969 2627 997 2682 in
1010 2627 1130 2700 antiquis
1145 2628 1294 2699 privilegiis
1308 2627 1446 2701 Gregorii,
1474 2627 1573 2699 Sergii,
1589 2626 1697 2692 Leonis,
1714 2626 1765 2681 lle-

970 2716 1081 2783 nedicti,
1095 2715 1200 2772 Nicolai
1214 2726 1241 2772 et
1254 2717 1377 2782 Adriani,
1397 2717 1581 2772 Romanorum
1607 2713 1766 2786 pontilicum

970 2805 1133 2870 continetur,
1145 2805 1328 2862 obedientiam
1342 2806 1488 2876 denegare.
1500 2807 1666 2877 Frequenter
1675 2811 1767 2859 autem

971 2903 998 2950 el
1016 2909 1033 2950 a
1064 2893 1195 2966 predictis
1213 2895 1463 2967 predecessoribus
1482 2894 1584 2950 nostris
1607 2893 1713 2950 Calixto
1741 2898 1769 2947 et

971 2982 1101 3051 Honorio,
1121 2991 1230 3054 atquea
1243 2984 1332 3048 nohis,
1347 2984 1387 3040 eis
1402 2983 1561 3039 mandatum
1575 2990 1617 3039 est
1632 2989 1662 3037 ut
1676 2979 1768 3038 autad

121 3059 321 3116 ⁶⁰⁰⁸¹i¹⁰ii⁰⁰i³
349 3060 476 3134 Pflssinflm
496 3061 599 3128 Sileni»
620 3069 716 3118 ⁰⁰⁰¹st
735 3079 797 3118 0⁸¹⁰
826 3064 918 3120 lenire
932 3078 958 3142 C
972 3087 1079 3135 tuamet
1088 3078 1770 3152 hammenburgensistccctestaeredirentobedien·

118 3148 274 3212 teutaverit,
290 3149 413 3206 secundo
428 3149 541 3207 tertiove
570 3151 748 3219 commonita,
765 3152 787 3207 si
805 3168 858 3208 non
872 3167 917 3208 sa·

117 3235 274 3294 tisiaetione
296 3252 421 3312 congrua
448 3238 645 3305 emendaverit,
671 3240 813 3311 potestatis
828 3241 916 3296 hono·

117 3325 212 3398 risque
230 3326 271 3382 sui
285 3325 417 3399 dignitate
445 3334 550 3391 careat,
571 3343 701 3400 reamque
715 3344 745 3384 se
768 3328 862 3384 divino
874 3329 919 3400 ju,

116 3422 190 3480 dicio
204 3421 320 3479 existere
334 3422 368 3480 de
383 3431 539 3495 perpetrata
561 3424 703 3496 iniquitate
716 3433 875 3497 cognoscat,
892 3435 920 3482 et

116 3511 334 3567 asacratissimn
354 3527 470 3583 corpore
484 3518 512 3568 et
538 3513 677 3585 sanguine
696 3513 746 3569 Dei
762 3521 789 3570 et
809 3515 918 3570 Domini

118 3598 204 3657 nostri
219 3599 409 3671 Redemptnris
419 3600 487 3656 lesu
499 3600 597 3657 Christi
612 3601 701 3658 aliena
714 3601 773 3669 fiel,
789 3611 869 3674 atque
891 3603 918 3659 in

119 3706 243 3756 extremo
258 3698 381 3755 examine
395 3699 529 3757 districte
551 3699 647 3757 ultioni
666 3703 820 3771 subjaceat.
844 3704 918 3759 Cun-

118 3787 169 3844 ctis
184 3795 276 3843 sutem
291 3789 349 3845 haec
363 3795 458 3844 nostra
483 3795 585 3844 statuta
613 3789 787 3846 servantibus
801 3791 836 3845 sit
863 3805 918 3862 pax

119 3875 228 3932 Domini
243 3877 329 3932 nostri
344 3877 409 3933 iesu
424 3877 534 3948 Christi,
555 3885 689 3951 quatenus
704 3886 730 3934 et
743 3878 788 3935 hic
803 3878 919 3936 fructum

120 3965 200 4029 lionae
213 3973 329 4030 accionis
343 3973 507 4046 percipiant,
517 3983 544 4031 et
553 3976 624 4047 apud
638 3974 788 4033 districtum
799 3976 920 4034 iudicem

121 4063 231 4134 premis
245 4072 355 4120 eternae
370 4063 446 4135 pacis
460 4064 610 4121 invenient.
629 4067 728 4121 Antan.

155 4215 216 4288 Ego
230 4214 406 4272 innocentius
419 4213 567 4272 Catholicae
594 4214 728 4272 Ecclesiae
758 4213 916 4287 episcopus.

156 4313 217 4386 Ego
233 4313 394 4369 Guillelmus
409 4315 593 4370 Prrenestinus
608 4315 754 4385 episcopus
773 4313 825 4370 88.

157 4399 216 4473 Ego
232 4399 404 4457 Churrardus
419 4400 578 4457 Sabinensis
593 4401 740 4473 episcopus
754 4401 805 4458 SS.

156 4488 217 4562 Ego
231 4489 396 4561 lindolphus
412 4491 549 4547 ilortanus
565 4490 712 4564 episcopus
727 4490 776 4546 SS.

157 4578 218 4651 Ego
231 4578 352 4634 ioannes
365 4577 409 4634 tit.
429 4578 458 4634 S.
475 4578 637 4654 Chrisogoni
651 4580 744 4652 presb.
764 4579 838 4637 card.
861 4580 913 4636 88.

155 4675 216 4748 Ego
231 4673 372 4732 Gerardus
386 4674 426 4730 tit.
443 4675 472 4730 S.
488 4673 584 4732 Crucis
598 4675 694 4747 presb.
714 4674 790 4732 card.
806 4674 855 4732 SS.

155 4765 216 4839 Ego
230 4762 377 4820 anselmus
391 4762 483 4837 presh.
501 4764 582 4821 card.
599 4764 649 4821 SS.

155 4863 215 4936 Ego
230 4862 320 4920 truces
333 4861 432 4935 presb.
451 4862 527 4920 card.
543 4862 584 4918 tit.
600 4862 648 4921 SS.
663 4863 705 4920 Jo.
722 4869 748 4920 et
770 4862 846 4919 Pauli
861 4862 912 4920 88.

155 4960 217 5030 Ego
231 4960 370 5017 Romanus
383 4960 457 5018 diac.
466 4961 543 5018 card.
559 4959 844 5017 anomianorum
861 4960 913 5018 SS.

154 5049 216 5119 Ego
231 5048 384 5123 Gregorius
394 5049 466 5108 diac.
483 5050 618 5107 cardss.
626 5049 716 5124 Sergii
726 5058 753 5106 et
762 5049 916 5107 EacclriSS.

155 5136 217 5209 Ego
233 5137 269 5192 G.
289 5137 361 5194 diac.
378 5138 407 5194 S.
423 5140 516 5196 llariae
529 5139 558 5194 iu
575 5138 623 5195 llis
637 5140 701 5197 Late
716 5139 764 5196 SS.

153 5233 214 5305 Ego
231 5232 310 5290 Oddo
323 5234 399 5291 diac.
418 5237 498 5292 card.
517 5237 546 5294 8.
567 5237 681 5309 Georgii
695 5236 747 5295 SS.

153 5341 254 5395 Datum
268 5340 392 5396 Laterani
410 5357 461 5413 per
476 5359 586 5400 manum
603 5344 730 5401 himerici
744 5350 851 5400 sanctae
861 5342 915 5399 lio·

119 5442 208 5484 mane
219 5427 350 5484 Ecclesia
359 5427 430 5484 diac.
443 5431 520 5486 card.
536 5439 562 5487 et
572 5433 738 5498 cancellarii,
756 5449 783 5488 vr
797 5431 913 5489 Kalend.

115 5516 201 5584 iunii,
216 5515 364 5573 indictione
379 5534 416 5585 ιι,
432 5532 497 5576 ann.
515 5523 592 5590 11³³,
609 5521 780 5594 pontificatus
791 5537 857 5578 vero
872 5522 908 5577 D.

112 5629 193 5688 papae
208 5614 357 5673 innocentii
371 5615 486 5674 emundi
500 5631 540 5673 vv.

971 3169 1046 3236 tiam,
1063 3176 1107 3223 aut
1122 3167 1146 3222 si
1160 3185 1241 3241 quarn
1271 3185 1354 3240 super
1370 3170 1422 3225 hoc
1438 3169 1541 3237 iustam
1556 3184 1586 3224 se
1600 3166 1769 3225 confiderent

971 3258 1104 3313 rationem
1123 3257 1236 3322 habere,
1257 3258 1407 3313 adsedem
1438 3258 1619 3329 apostolicam
1646 3256 1769 3312 venirent

971 3347 1117 3403 ostendere
1135 3347 1293 3418 praeparati.
1316 3346 1372 3417 lpsi
1394 3362 1459 3402 vero
1473 3345 1629 3418 apostolicis
1643 3354 1770 3403 contem-

972 3443 1069 3491 nentes
1083 3434 1197 3491 obedire
1212 3435 1358 3501 mendatis,
1375 3450 1427 3491 nec
1441 3444 1583 3500 venerunt,
1596 3450 1769 3506 necrespon-

973 3516 1045 3579 s'ales
1065 3524 1213 3579 miserunt.
1237 3521 1306 3592 Quia
1329 3523 1415 3597 igitur
1441 3523 1547 3580 lucrum
1561 3539 1641 3579 nemo
1669 3522 1769 3579 desua

973 3621 1141 3680 contumacia
1159 3621 1241 3678 dehet
1269 3622 1400 3688 obtinere,
1421 3637 1458 3678 ex
1484 3621 1633 3678 deliberato
1656 3620 1768 3677 lratrum

974 3719 1129 3767 nostrorum
1145 3711 1336 3782 episcoporum
1351 3720 1379 3768 et
1393 3711 1569 3767 cardinalium
1583 3710 1706 3776 consilio,
1715 3719 1769 3766 tam

974 3798 1145 3856 Lundensem
1160 3815 1241 3869 quam
1256 3799 1326 3855 alios
1350 3799 1495 3871 episcopos
1510 3798 1602 3856 Daciae
1627 3799 1676 3854 tihi
1690 3799 1771 3856 resti·

973 3888 1086 3944 luimus.
1118 3888 1159 3944 hd
1176 3889 1289 3945 termam
1304 3888 1393 3960 itaque
1412 3888 1618 3961 privilegiorum
1633 3887 1770 3959 Gregorii,

974 3976 1074 4048 Sergii,
1091 3977 1198 4044 Leonis,
1214 3976 1332 4041 Nicolai,
1340 3977 1479 4033 Benedicti
1493 3985 1520 4033 et
1532 3976 1656 4041 Adriani,
1667 3977 1771 4048 episco

975 4074 1055 4136 patus
1069 4065 1169 4129 Decies.
1191 4065 1309 4129 Suediae,
1323 4064 1503 4138 Norweigiae,
1515 4065 1624 4134 Furrina,
1638 4065 1772 4122 Cronlon·

975 4153 1038 4220 diae,
1055 4153 1260 4227 llalsingaldiae,
1277 4153 1412 4220 tstmdiae,
1427 4153 1636 4227 scridevingiae,
1648 4162 1676 4209 et
1689 4155 1771 4210 Scla-

974 4258 1084 4307 vorum,
1099 4242 1309 4299 charissimifilii
1324 4243 1411 4299 nostri
1424 4242 1541 4298 Lotharii
1557 4241 1632 4315 regis
1641 4244 1772 4313 precihus

975 4331 1105 4397 inclinati,
1115 4331 1163 4387 tihi
1171 4331 1771 4404 etperteHammeuburgensittcctesiae‚sua

936 4428 1081 4495 nscilicet
1104 4426 1258 4499 metropoli,
1278 4427 1422 4499 presentis
1435 4427 1530 4499 scripti
1544 4427 1644 4500 pagina
1671 4426 1771 4483 confir·

974 4532 1092 4574 mamus.
1103 4516 1131 4573 si
1143 4531 1197 4588 qua
1204 4516 1286 4589 igitur
1294 4516 1322 4571 in
1332 4516 1449 4574 loturum
1460 4516 1645 4573 ecclesiastiea
1652 4514 1771 4573 sarcola-

974 4604 1045 4661 risve
1071 4620 1201 4677 persona,
1217 4604 1287 4661 hanc
1314 4612 1415 4661 nostrae
1430 4603 1627 4661 constitutionis
1642 4603 1771 4676 paginam

974 4692 1073 4760 sciens,
1085 4703 1181 4750 contra
1195 4709 1255 4749 earn
1268 4701 1372 4751 temere
1382 4694 1477 4750 venire
1487 4692 1637 4762 tentaverit,
1649 4693 1771 4749 secunde

973 4791 1088 4848 tertiove
1109 4791 1284 4857 commonita,
1321 4790 1344 4847 si
1368 4806 1423 4848 non
1445 4790 1629 4847 satisfactione
1646 4804 1772 4864 congrua

975 4889 1171 4954 emendaverit,
1198 4888 1341 4962 potestatis
1366 4888 1531 4959 honorisque
1558 4887 1601 4943 sui
1637 4887 1771 4960 dignitate

973 4986 1075 5046 careat,
1087 4993 1217 5050 reamque
1228 4993 1258 5033 se
1267 4977 1359 5034 divino
1371 4976 1477 5046 judicio
1489 4975 1608 5032 existere
1621 4975 1657 5032 de
1670 4992 1771 5047 perpe-

972 5075 1043 5122 trata
1056 5067 1197 5139 iniquitate
1212 5072 1371 5137 cognoscat,
1382 5073 1410 5121 et
1423 5081 1438 5119 a
1455 5065 1644 5120 sacratissimo
1653 5080 1771 5136 corpore

971 5165 1000 5212 et
1016 5155 1146 5228 sanguine
1163 5154 1212 5210 lici
1227 5161 1255 5209 et
1268 5153 1379 5209 Domini
1394 5152 1585 5224 Redemptoris
1605 5153 1691 5209 nostri
1705 5155 1770 5210 lesu

971 5252 1069 5309 Christi
1078 5252 1167 5308 aliena
1176 5248 1231 5319 fiat,
1241 5252 1356 5321 atquein
1368 5259 1492 5306 extremo
1502 5249 1628 5307 examine
1637 5249 1770 5306 districtae

970 5342 1064 5398 ultioni
1072 5341 1222 5410 subjaceat.
1234 5339 1346 5396 Cunctis
1362 5348 1453 5394 autem
1465 5341 1523 5395 haec
1536 5347 1636 5393 statuta
1648 5355 1769 5395 servan·

969 5433 1041 5487 tibus
1055 5431 1088 5485 sit
1099 5446 1150 5501 pax
1162 5428 1272 5484 Domini
1287 5428 1372 5484 nostri
1386 5428 1451 5484 lesu
1467 5427 1577 5500 Christi,
1592 5436 1728 5500 qnatenus
1743 5431 1770 5484 ei

968 5528 1014 5584 hic
1028 5526 1146 5584 fructum
1161 5525 1240 5582 honae
1255 5524 1370 5581 actionis
1380 5523 1541 5596 percipiant,
1557 5532 1584 5580 et
1596 5525 1667 5597 apud
1682 5522 1770 5580 distri·

967 5625 1041 5674 cturn
1050 5613 1298 5688 iudicempraemia
1306 5620 1417 5671 etone
1426 5612 1502 5685 pacis
1512 5613 1660 5671 inveniant.
1669 5615 1769 5670 Anien.
