3750 6000
89 265 156 323 idid

572 260 688 320 casta
705 262 829 322 mamm
846 260 1101 322 1110101011-
1119 262 1228 320 1101.

1669 258 1739 319 liii

87 399 159 448 sunt.
187 389 282 446 Filiam
311 404 420 461 quoque
447 388 575 445 Falconis
612 388 719 445 comitis
756 389 881 460 Andaga·
900 388 972 449 Ain
981 403 1083 444 saxum
1093 385 1336 457 obnixicrepuere,
1346 399 1626 458 concussaqueprora
1639 400 1741 457 pepen-

87 479 181 537 vcnsis
194 479 238 534 vix
257 478 377 533 nubilem
406 478 465 549 ipse
498 477 579 533 etiam
613 477 733 547 impubis
765 478 890 548 despon-

87 569 127 624 dit
140 570 198 640 (10)
209 575 233 623 et
243 567 357 638 accepit,
366 565 430 622 dato
443 566 494 621 sibi
510 582 526 621 a
540 581 637 622 socero
653 566 782 623 comitatu
799 567 887 623 Ceno·

88 657 215 713 mannico
228 669 279 727 pro
294 671 409 710 munere
425 656 609 725 sponsalicio:
627 655 691 727 quin
707 663 733 710 et
747 655 889 727 lerosoly-

88 762 161 802 mam
176 745 259 801 rutro
273 745 314 800 ire
335 744 513 813 contendens,
534 745 692 800 comitatum
708 745 889 801 commenda-

90 837 128 890 vit
149 834 210 907 regi
229 849 321 898 suurn,
346 833 368 888 si
394 833 588 905 viveret(11);
614 834 742 889 futurum
767 833 890 904 prolecto

89 924 197 996 generi,
214 922 237 977 si
256 937 312 978 non
327 922 440 978 rediret.
458 924 554 978 Plures
569 939 637 995 ergo
657 922 804 993 provinciae
825 939 891 995 spe-

88 1014 202 1070 ctabant
216 1019 314 1066 nutum
329 1012 420 1083 pueri,
434 1012 632 1083 putabaturque
660 1011 733 1083 regis
759 1012 891 1069 Edwardi

89 1102 245 1159 vaticinium
261 1102 288 1156 in
308 1114 341 1156 eo
364 1100 572 1171 complendum
603 1100 797 1172 ferebaturque
824 1119 891 1175 spes

92 1191 208 1263 Angla,
224 1191 306 1246 modo
320 1190 428 1245 arboris
445 1190 552 1246 succisa
563 1191 628 1259 (tat,
644 1190 672 1244 in
687 1190 733 1245 illo
743 1191 890 1262 juvenculo

90 1281 189 1337 iterum
217 1279 328 1334 {loribus
351 1279 518 1350 pubescere,
542 1277 647 1334 fructus
675 1279 848 1349 protrudere,
865 1288 891 1337 et

89 1369 153 1424 ideo
168 1367 251 1423 finem
266 1368 400 1424 malornm
409 1367 514 1439 sperari
526 1382 616 1437 posse.
629 1369 687 1422 Deo
700 1368 778 1424 aliter
793 1369 889 1438 visum;

90 1458 281 1528 hujuscemodi
296 1457 369 1512 enim
391 1456 547 1527 opinionem
568 1456 684 1512 tulerunt
711 1473 795 1527 anrae,
819 1460 892 1531 quod

92 1563 155 1602 eum
183 1546 307 1616 proxima
334 1546 395 1600 dies
421 1545 537 1617 urgebat
555 1545 611 1600 fato
627 1545 795 1602 satisfacere.
811 1547 891 1602 Enim

943 477 982 533 dit
996 477 1062 547 (tt).
1090 478 1205 546 Jamque
1232 475 1299 530 alios
1322 474 1402 529 undis
1431 475 1593 545 exponebat,
1610 473 1681 530 alios
1694 473 1741 530 in·

943 582 1041 640 gressa
1055 581 1105 639 per
1115 564 1199 621 rimas
1213 580 1280 638 aqna
1292 563 1433 632 enecabat,
1449 579 1510 618 curn
1526 562 1615 632 ejecta
1636 565 1742 634 scapba

944 654 1018 711 filius
1033 655 1109 727 regis
1125 654 1274 727 excipitur;
1291 651 1446 724 salvarique
1460 651 1592 723 potuisset
1607 651 1644 706 ad
1667 651 1742 706 littus

944 761 1097 816 regressus,
1114 743 1166 798 nisi
1181 742 1328 812 sororejus
1342 742 1435 804 notha,
1450 739 1598 797 comittissa
1614 739 1740 809 Perticae,

943 840 973 895 in
988 838 1086 912 majori
1098 854 1168 895 nave
1181 854 1240 894 cum
1255 845 1344 893 morte
1359 835 1474 902 luctans,
1488 833 1617 890 loemineo
1634 832 1741 890 ululatu

945 928 1036 985 fratris
1068 942 1149 999 opem
1180 927 1364 996 implorasset,
1384 941 1418 981 ne
1434 932 1489 980 tam
1504 923 1586 996 impie
1613 939 1641 979 se
1656 922 1743 977 relin-

944 1025 1048 1089 queret.
1065 1017 1122 1082 llle,
1139 1014 1325 1071 misericordia
1340 1015 1481 1081 intractus,
1503 1012 1624 1068 lembum
1639 1010 1743 1068 carina

946 1109 1029 1176 654
1047 1104 1175 1176 applicari
1186 1103 1280 1174 jussit,
1295 1111 1322 1159 ut
1338 1118 1460 1159 sororem
1476 1101 1615 1173 exciperet
1630 1115 1638 1171 ;
1667 1115 1744 1156 mor·

945 1202 998 1251 tem
1010 1194 1135 1250 misellus
1149 1209 1198 1264 pro
1218 1192 1368 1248 clementiae
1396 1189 1575 1247 teneritudine
1599 1189 1742 1260 indeptus:

944 1283 1073 1342 continuo
1087 1285 1160 1341 enirn
1174 1281 1345 1338 multitudine
1360 1279 1535 1337 insilientium
1550 1278 1653 1349 scapha
1673 1277 1745 1333 victa

946 1373 1080 1439 subsedit,
1097 1386 1252 1442 omnesque
1264 1369 1366 1441 pariter
1390 1368 1474 1423 fundo
1501 1366 1623 1422 involvit.
1650 1364 1745 1421 Evasit

945 1479 1018 1520 unus
1034 1472 1060 1519 et
1074 1462 1120 1517 illc
1131 1458 1262 1534 agrestis,
1279 1458 1334 1531 qui,
1353 1465 1407 1513 tota
1420 1462 1500 1513 nocte
1521 1454 1593 1510 malo
1613 1469 1746 1526 superna·

945 1559 1017 1618 tans,
1034 1567 1114 1607 mane
1129 1549 1213 1605 totius
1225 1546 1366 1619 tragoedire
1388 1552 1475 1602 actum
1496 1544 1642 1615 expressit.
1664 1542 1747 1600 Nulla

94 1652 161 1693 aero
188 1650 288 1690 socero
310 1643 373 1690 tunc
397 1635 545 1703 annitente,
576 1634 711 1706 simulque
741 1636 893 1693 'lbetbaldo
946 1655 1069 1714 unquam
1082 1639 1133 1695 tuit
1146 1638 1224 1693 navis
1238 1635 1349 1707 Angliae
1364 1642 1445 1691 tantm
1459 1633 1586 1698 miseriae,
1602 1631 1677 1687 nulla
1692 1631 1739 1686 toti

94 1723 150 1779 titio
161 1723 290 1794 Stephani
301 1731 326 1778 et
338 1723 433 1778 Adalae
448 1723 1008 1810 amitae,LodowicusrexFranciaeBorbi
1029 1737 1084 1784 tam
1108 1727 1205 1799 patulae
1226 1724 1314 1781 lamae.
1348 1723 1431 1779 Periit
1463 1721 1586 1777 ibicum
1605 1719 1746 1776 Willclmo

94 1812 290 1869 Normanniam
304 1811 440 1867 concessit
462 1827 556 1882 puero,
571 1812 684 1868 utiocto
699 1812 750 1867 sibi
769 1812 893 1869 hominio
946 1820 1016 1877 alter
1034 1816 1104 1873 filius
1122 1813 1197 1887 regis
1225 1813 1368 1879 Ricardus,
1394 1826 1476 1884 quem
1494 1819 1555 1866 ante
1577 1825 1693 1883 regnum
1713 1823 1748 1864 ex

94 1902 247 1974 possideret
261 1916 322 1956 eam
333 1901 393 1970 jure
404 1900 525 1973 legitimo
535 1904 578 1970 (Α.
590 1902 624 1956 l).
639 1901 734 1972 1119);
751 1901 894 1957 ordinabat
947 1905 1108 1981 provinciali
1124 1903 1237 1960 ioemina
1252 1911 1422 1973 susceperat,
1435 1899 1543 1969 juvenis
1554 1899 1748 1971 magnanimus

94 1992 153 2047 brac
166 1998 193 2046 et
207 1988 340 2045 efficiebat
354 1989 562 2060 prudentissimi
587 1989 673 2060 patris
698 1990 849 2062 prudentia,
866 1998 894 2047 ut
948 2007 974 2055 et
997 1996 1066 2068 patri
1098 2009 1149 2064 pro
1182 1991 1315 2063 obsequio
1336 1995 1483 2061 acceptus;
1503 1987 1637 2045 liicardns
1654 2000 1748 2043 comes

94 2078 257 2143 hominium.
270 2077 343 2149 qt¹⁰d
356 2079 413 2148 ipse
428 2093 479 2149 Pf0
494 2078 614 2133 culmine
637 2079 745 2149 imperii
761 2079 895 2135 fislidit'ei
948 2084 1070 2152 Cestriae,
1083 2090 1110 2137 et
1122 2078 1410 2150 iraterejnsOtuelus,
1426 2077 1561 2133 nutricius
1577 2083 1602 2132 et
1618 2075 1749 2146 magister

93 2167 191 2234 lacere,
207 2165 279 2222 filius
294 2166 435 2231 delicatus,
454 2174 480 2221 ct
494 2167 541 2238 qui
557 2167 702 2237 putabatur
717 2167 792 2222 viam
807 2168 895 2223 seculi
949 2173 996 2230 filii
1012 2173 1104 2245 regis;
1121 2169 1177 2224 lilia
1193 2167 1278 2241 regis,
1294 2167 1433 2224 comitissa
1455 2165 1589 2234 Perticae;
1612 2172 1638 2220 et
1659 2161 1748 2236 neptis

93 2257 276 2328 ingressurus,
290 2270 344 2310 non
359 2263 506 2311 recusaret.
524 2256 573 2310 llis
586 2256 722 2327 agitandis
742 2259 769 2310 et
793 2257 895 2327 placita
948 2262 1019 2332 ejus,
1035 2273 1110 2315 soror
1124 2256 1278 2320 Tbetbaldi,
1301 2254 1441 2312 comitissa
1464 2253 1593 2309 Cestriae:
1620 2258 1750 2323 praeterea

94 2344 244 2401 concordia
259 2344 456 2414 componendis
483 2352 599 2413 quatuor
626 2359 761 2399 annorum
790 2352 896 2416 tempus
949 2348 1073 2423 quisquis
1088 2346 1187 2404 eratin
1203 2344 1276 2400 curia
1291 2343 1454 2400 lectissimus
1469 2341 1547 2396 miles
1562 2340 1605 2397 vel
1628 2338 1749 2410 capella-

96 2448 144 2488 rex
159 2432 300 2503 impendit,
326 2433 353 2486 in
367 2432 537 2487 Normannia
561 2438 617 2488 toto
632 2432 684 2488 hoc
699 2440 895 2505 temporemtt·
948 2455 1011 2505 nus,
1043 2445 1070 2493 et
1098 2436 1259 2506 optimatum
1282 2432 1331 2488 lilii
1354 2432 1390 2488 ad
1409 2430 1535 2487 militiam
1558 2425 1748 2502 provehendi·,

98 2530 182 2578 ratus.
208 2522 390 2577 Veruntamen
418 2529 473 2575 tam
499 2520 650 2591 splendidae
678 2529 705 2576 et
733 2522 896 2595 excogitata
949 2532 1116 2584 accurerant
1139 2523 1197 2594 (15)
1227 2521 1298 2578 enim
1326 2520 1459 2591 undique,
1489 2527 1520 2573 nt
1540 2518 1606 2586 dixi,
1626 2516 1750 2572 nonlevc

100 2611 174 2684 pacis
185 2626 324 2678 serenum,
341 2618 395 2665 tam
406 2609 526 2664 omnium
541 2626 605 2680 spes
622 2612 704 2678 653
717 2610 744 2665 in
753 2611 896 2681 speculam
949 2616 1046 2690 gloria>
1060 2629 1120 2670 snae
1132 2610 1302 2668 numeraturi
1314 2609 1487 2666 commodum
1503 2607 1525 2663 si
1540 2606 1596 2662 tilio
1611 2607 1687 2679 regis
1703 2604 1749 2661 rel

96 2708 214 2765 erectas,
230 2698 353 2755 confudit
374 2701 498 2754 bumana
515 2699 596 2754 sortis
620 2700 745 2754 varietas.
774 2701 896 2772 Namque
949 2704 1087 2762 deferrent
1102 2702 1234 2757 ludicmm
1245 2699 1287 2755 rel
1298 2699 1456 2754 conterrent
1475 2695 1650 2770 obsequium.
1662 2694 1751 2750 Accu·

95 2789 198 2845 indicto
210 2788 237 2842 in
252 2787 381 2858 angliam
396 2787 496 2852 reditu,
513 2803 558 2842 rex
575 2787 626 2843 sub
649 2788 709 2858 ipso
734 2790 896 2859 crepusculo
949 2793 1120 2864 mutavitque
1147 2788 1326 2846 calamitatem
1355 2785 1498 2843 difficultas
1527 2782 1749 2840 inveniendorum

96 2877 276 2948 (13)septimo
285 2876 418 2931 kalendas
426 2875 586 2931 Decembris
597 2877 894 2948 (Novantmstac),
950 2882 1127 2949 cadaverum,
1145 2878 1212 2951 quia
1227 2876 1360 2948 dispersis
1373 2891 1423 2946 per
1445 2875 1534 2930 littom
1555 2873 1750 2948 quaesitoribus

96 2966 167 3038 apud
182 2965 324 3020 Barbelllet
339 2981 425 3019 naves
435 2964 669 3037 solvit3eumquc,
680 2965 726 3036 qui
737 2965 897 3037 impleverat
950 2972 1056 3027 nullum
1071 2968 1151 3025 facile
1165 2973 1304 3038 repertum
1320 2971 1378 3031 cst;
1394 2963 1443 3019 sed
1458 2965 1549 3019 icrunt
1565 2971 1620 3017 tam
1635 2961 1749 3016 delicata

96 3056 222 3123 carbasa,
232 3062 329 3110 ventus
340 3053 454 3109 feliciter
462 3068 549 3126 regno
560 3054 689 3122 etamplae
696 3053 812 3111 fortunae
822 3054 897 3111 inve·
951 3075 1068 3130 corpora
1083 3055 1218 3131 aequoreis
1233 3052 1352 3110 cmrlelia
1372 3051 1473 3122 pabula
1492 3051 1629 3107 monstris.
1646 3050 1750 3106 Juven-

97 3144 146 3200 ait.
158 3142 557 3212 attveroadolescentulusjam
569 3143 754 3214 septendecim
765 3159 897 3199 annorum
953 3149 1010 3206 culi
1024 3163 1091 3220 ergo
1106 3151 1194 3201 morte
1209 3142 1329 3216 cognita,
1346 3156 1388 3197 res
1404 3141 1505 3196 mirum
1520 3141 1548 3195 in
1562 3141 1671 3196 modurn
1687 3154 1750 3194 mu·

98 3241 125 3289 et
140 3233 220 3303 paulo
229 3233 304 3303 plns,
315 3232 431 3288 curnibil
441 3231 598 3286 deliciarum
606 3240 706 3303 praeter
717 3248 815 3289 nomen
824 3233 899 3306 regis
953 3245 1025 3294 tatae.
1041 3237 1148 3291 Parens
1170 3232 1242 3289 enim
1264 3228 1402 3286 coelibatui
1429 3229 1605 3296 renunciavit,
1632 3228 1674 3284 cui
1690 3235 1752 3298 post

98 3337 149 3391 pro
164 3328 278 3390 paterna
302 3320 470 3391 indulgentia
490 3321 607 3386 deesset,
624 3321 704 3375 aliam
729 3320 780 3375 sibi
802 3337 899 3378 navem
954 3334 1068 3382 mortem
1084 3323 1201 3379 llatildis
1212 3321 1365 3386 studuerat,
1383 3319 1486 3375 tuturos
1496 3318 1620 3374 baeredes
1634 3331 1669 3372 ex
1678 3331 1750 3372 nova

99 3409 194 3480 parari
208 3409 349 3478 proecepit,
366 3408 492 3463 omnibus
506 3424 576 3479 pene
602 3409 813 3466 adolescentulis
831 3424 900 3482 pro·
953 3416 1071 3486 conjuge
1082 3412 1252 3484 jamjamque
1267 3408 1406 3480 operiens.
1425 3409 1519 3469 Socer,
1530 3423 1564 3461 ex
1575 3402 1751 3475 ierosolymis

99 3495 279 3563 Getssfflfiliiss
296 3496 442 3568 (illasipw
467 3497 587 3553 001111οἰ0
615 3497 702 3552 01008
730 3499 851 3569 puerilis,
867 3513 900 3555 00
954 3506 1063 3561 domum
1087 3517 1223 3567 reversus,
1249 3498 1372 3571 partibus
1404 3495 1538 3552 Willelmi
1565 3493 1612 3550 filii
1641 3490 1752 3550 Roberti

99 3586 325 3648 accurrentibus;
356 3585 421 3657 quin
450 3593 476 3640 et
504 3587 621 3657 remiges
649 3587 793 3642 immodice
825 3602 900 3642 mere
953 3592 1101 3649 Normenni
1130 3589 1239 3647 comitis
1263 3586 1402 3658 improbus
1421 3586 1514 3652 astitit,
1531 3584 1587 3656 (11)
1603 3582 1751 3640 tradenset

99 3675 273 3747 ingurgitati,
290 3675 426 3744 voluptate
442 3674 547 3728 nautica
562 3690 644 3746 quam
660 3684 744 3745 potus
759 3675 898 3731 ministra·
954 3682 1068 3738 alteram
1093 3677 1174 3733 filiam
1203 3684 1330 3747 nuptum,
1360 3682 1387 3730 et
1409 3673 1637 3728 cenomannicum
1666 3672 1751 3728 comi.

100 3766 154 3828 bat,
171 3772 279 3819 mature
294 3763 356 3818 illos
372 3764 416 3834 qui
430 3771 627 3834 praecesserant
640 3771 702 3834 post
722 3771 830 3836 tergum
853 3781 899 3818 re·
956 3777 1036 3825 aarum
1047 3768 1138 3839 (1.1).
1158 3769 1236 3838 1123)
1250 3783 1256 3821 :
1269 3765 1337 3830 655
1351 3763 1453 3817 irarum
1467 3760 1590 3816 stimulos
1604 3758 1631 3813 in
1656 3775 1753 3831 regem·

100 3853 263 3923 linquendus
287 3851 473 3908 clamitabant.
497 3853 563 3906 Erat
584 3851 657 3907 enim
684 3853 766 3907 navis
787 3853 898 3922 optima,
955 3853 1131 3910 acuebatrlos
1145 3851 1217 3920 filiae,
1230 3856 1415 3919 postmortem
1431 3843 1749 3917 filiiintlngliaretenta.

101 3943 227 3997 tabulatis
243 3942 320 3997 novis
337 3950 364 3996 et
378 3941 464 3996 clavis
479 3948 606 3997 recenter
624 3950 776 4011 compacta.
806 3943 900 4014 ltaque
989 3942 1077 4016 filio.
1099 3940 1195 3997 Filiam
1216 3933 1751 4008 llatildamtl'l),exMatildasusceptam

100 4046 176 4087 caeca
187 4031 247 4101 jam
262 4038 351 4096 nocte,
365 4030 494 4101 juventus
509 4029 648 4100 sapientia
676 4030 778 4102 indiga,
807 4030 901 4085 simul·
954 4031 1029 4088 dedit
1043 4047 1093 4086 rex
1110 4030 1240 4086 ilenricus
1255 4027 1374 4084 ilenrico
1393 4021 1552 4095 imperatori
1568 4021 1751 4089 Alamanniae,

101 4138 153 4193 quc
167 4129 232 4191 potu
258 4120 367 4186 obruta,
397 4135 495 4174 navem
510 4136 524 4172 a
539 4119 629 4175 littore
650 4118 802 4191 impellunt.
819 4119 902 4175 Volat
954 4119 1010 4177 filio
1024 4119 1133 4176 Hennci
1151 4118 1183 4173 de
1206 4133 1259 4189 quo
1278 4115 1376 4171 tertius
1404 4113 1474 4168 liber
1497 4110 1654 4166 memoriam
1677 4109 1750 4166 iecit.

100 4210 144 4264 illa
159 4216 276 4279 pennata
286 4208 421 4279 pernicior
435 4208 584 4271 arundine;
612 4214 649 4276 et,
676 4207 822 4279 crispantia
842 4224 901 4264 ma·
955 4209 1014 4266 Fuit
1026 4207 1216 4264 hicllenricns
1234 4205 1345 4277 quintus
1365 4204 1422 4273 ejus
1436 4199 1557 4256 nominis
1573 4198 1645 4270 apud
1655 4198 1752 4254 Teuto-
1832 4228 1835 4233 ·

99 4300 139 4353 ris
149 4306 224 4369 terga
240 4297 345 4363 radens,
362 4297 547 4368 imprudentia
574 4297 711 4353 ebriorum
732 4297 848 4370 impegit
873 4298 901 4353 in
955 4297 1030 4352 nicos
1045 4297 1209 4367 imperator:
1225 4293 1342 4365 quilicct
1353 4285 1752 4363 procontumcliisapostolicae

98 4387 240 4457 scopulum
256 4385 430 4457 nonlongea
446 4385 536 4441 littore
555 4402 637 4456 supra
663 4388 777 4458 pelagus
802 4394 901 4442 extan-
952 4385 1025 4441 sedis
1040 4385 1110 4456 patri
1124 4383 1243 4457 graviter
1262 4380 1476 4442 succensuisset,
1494 4378 1552 4448 ipse
1569 4383 1658 4431 manen
1673 4374 1750 4443 ejus-

102 4483 169 4530 tem.
188 4476 362 4546 Consurgunt
379 4490 446 4545 ergo
463 4474 565 4541 miseri,
599 4483 625 4530 et
654 4490 753 4546 magno
779 4475 899 4532 clamore
914 4456 940 4515 D
954 4474 1017 4531 dem
1033 4473 1177 4530 sententia
1191 4487 1304 4543 sequax,
1321 4478 1348 4525 et
1360 4474 1545 4541 propugnator
1558 4480 1608 4521 suo
1631 4472 1756 4535 tempore

101 4563 217 4619 serratos
232 4571 328 4618 contos
343 4563 501 4633 expediunt,
513 4562 560 4617 diu
572 4570 706 4618 certantes
720 4571 749 4618 ut
774 4578 901 4620 navemn
956 4564 1010 4619 init
1024 4562 1158 4631 infestus3
1175 4576 1294 4632 namque
1309 4574 1370 4614 cum
1384 4557 1496 4614 Urbano
1513 4570 1591 4626 papae
1613 4551 1754 4609 Pascbalis

101 4652 385 4723 rupepropellerent;
408 4650 456 4706 sed
481 4651 631 4706 obsistebat
658 4651 774 4719 senuna,
803 4667 901 4709 omnes
955 4651 1142 4717 successisset,
1158 4649 1200 4705 vir
1214 4649 1290 4704 nullo
1306 4647 1412 4703 virtutis
1427 4659 1530 4717 genere
1539 4656 1647 4710 carens,
1655 4656 1753 4697 rursus

102 4755 197 4796 eorum
211 4747 323 4797 conatus
336 4740 365 4795 in
379 4739 491 4796 irrutnm
512 4739 660 4796 deducens.
685 4740 778 4813 ltaque
792 4747 820 4796 et
833 4740 901 4798 remi
956 4739 1068 4812 quaestio
1090 4739 1125 4795 da
1149 4736 1316 4795 investituris
1339 4734 1530 4802 ecclesiarum,
1552 4747 1647 4787 rursus
1669 4728 1751 4794 bella.

138 5029 195 5098 (10)
212 5026 373 5101 Despondit.
388 5027 496 5098 Nuptias
522 5024 653 5097 principis
676 5023 809 5080 Willelmi
836 5039 898 5080 cum
989 5022 1048 5095 (ts)
1063 5022 1304 5078 Accurraronm.
1321 5035 1347 5075 s.
1366 5030 1394 5074 c.
1409 5014 1441 5072 d.
1459 5014 1519 5073 e2.
1538 5015 1597 5080 li..
1618 5027 1752 5072 occurra-

102 5100 243 5162 biathilda,
275 5099 482 5170 andegavensis
510 5097 617 5152 comitis
651 5096 724 5161 tillia,
756 5096 899 5152 celebratae
952 5098 1053 5154 rante
1070 5096 1099 5147 1.

991 5165 1048 5236 (16)
1065 5163 1187 5219 irridens
1203 5163 1229 5218 ai
1244 5162 1366 5217 alteram
1380 5159 1472 5229 filia-m
1488 5161 1621 5231 nuptum.
1638 5155 1754 5212 Connu-

953 5237 1027 5293 bium
1043 5233 1189 5300 Willalmi,
1202 5231 1378 5288 Normanniae
1391 5231 1468 5286 ducis
1483 5229 1540 5295 tilii,
1563 5243 1624 5286 curn
1645 5227 1752 5295 Sibilla,

953 5322 1025 5364 artnc
1048 5305 1117 5360 tras
1128 5311 1279 5375 peractum,
1296 5317 1368 5357 anno
1391 5303 1524 5372 sequenti,
1546 5300 1662 5356 instante
1683 5299 1755 5355 Hen-

953 5380 1011 5435 rico
1025 5392 1101 5448 rege,
1117 5391 1134 5430 a
1147 5390 1225 5447 papas
1240 5374 1265 5428 le
1286 5383 1331 5428 ato
1345 5373 1506 5429 dissolutum
1522 5380 1575 5430 est.

988 5449 1045 5520 (li)
1071 5449 1174 5504 Filiam
1197 5390 1402 5526 111οῗ1111...
1432 5445 1560 5510 ilenrim,
1585 5443 1755 5514 imperatori

952 5520 1155 5578 Allemnnnr'ae.
1165 5516 1291 5583 llatrldts,
1302 5515 1460 5587 imperatori
1468 5514 1586 5571 Henrico
1601 5515 1621 5569 ll
1636 5512 1755 5583 despon-

953 5601 1020 5650 satae
1034 5605 1107 5650 anno
1121 5590 1202 5660 1100,
1222 5587 1323 5660 nuptiae
1349 5602 1404 5645 non
1431 5586 1577 5644 celebratae
1603 5591 1666 5639 sunt
1690 5590 1754 5639 ante

951 5662 1073 5723 tannarii
1086 5659 1189 5718 mensis
1202 5659 1276 5718 diem
1285 5659 1443 5733 septimam,
1457 5659 1497 5714 Α.
1515 5659 1554 5714 D.
1574 5656 1653 5712 1111.

103 5179 167 5224 sunt
190 5171 218 5225 in
233 5171 420 5226 Juniomense
443 5172 475 5224 Α.
491 5170 524 5224 D.
552 5169 631 5237 ttto,
658 5182 751 5223 coram
773 5167 898 5223 Patribus

103 5240 251 5296 Remensis
266 5241 383 5297 concilii.

137 5314 195 5379 (11)
211 5315 333 5370 vireret.
349 5327 378 5366 a.
394 5328 422 5365 c.
441 5312 472 5365 d.
492 5327 536 5374 e..
553 5310 672 5373 ueniret,
684 5326 707 5364 s.
721 5309 771 5364 ti.

137 5385 195 5452 (ta)
211 5385 287 5440 llcdo
300 5383 409 5440 arboris
419 5383 538 5438 succisa.
553 5381 620 5435 Vide
633 5379 649 5464 ᾗ
660 5381 722 5436 116.

135 5456 191 5524 (13)
200 5456 378 5527 Crepusculo.
391 5469 415 5508 c.
426 5454 453 5507 d.
465 5453 897 5524 (1.11.,ηοο11111111111111ο,1.ε.

137 5526 179 5593 (11
182 5546 191 5594 )
207 5525 321 5588 obnixi,
334 5533 388 5580 etc.

102 5594 206 5652 obnixi
220 5611 364 5668 crepuere.
376 5595 507 5668 itiiscqac
516 5609 601 5663 prora
630 5593 754 5666 spondit.

476 5665 582 5736 (llum,
633 5680 677 5732 aa,
691 5680 720 5720 v.
736 5664 818 5735 100.)
