3750 6000
129 221 208 283 essi
583 190 787 283 wiennam
810 218 1181 282 nanunsuuaiansis
1203 218 1379 282 nonaum
1755 217 1830 279 ress

129 350 300 425 magnificor
315 350 462 408 consortio
474 350 633 408 coelestium
646 349 848 422 spirituum‘l»
859 349 951 406 Finie-
965 354 993 421 Α
1008 358 1124 406 auratus
1140 351 1169 407 in
1186 349 1336 419 clericum,
1360 367 1418 407 non
1436 349 1529 406 multo
1545 354 1611 422 post
1636 365 1654 404 a
1681 349 1830 404 Dunstano

129 449 184 512 rat,
201 451 229 501 et
244 445 273 500 in
291 460 387 500 aerem
410 460 478 501 cum
501 444 587 501 sociis
610 442 729 516 elapsus
751 444 878 516 pretiosa
903 441 952 498 sui
1007 440 1202 500 Glasloniansi
1226 441 1330 499 abbate
1344 447 1389 498 est
1404 441 1570 498 cucullatus
1585 440 1615 495 in
1632 438 1829 496 monachum:

128 535 270 591 memoria
285 534 510 605 provincialibus
521 535 666 607 apposita,
676 533 750 589 nihil
761 549 819 590 non
830 546 951 588 venera·
1006 531 1217 604 ordinatusque
1227 533 1257 588 in
1271 530 1438 588 monasterii
1450 531 1605 586 decanum.
1616 529 1675 585 Hos
1685 527 1830 592 doctrine,

127 623 217 679 tionis
240 624 377 695 deinceps
401 623 536 680 emeruit.
552 623 697 696 prclgus
723 622 759 678 ad
779 625 950 678 caeterarum
1008 621 1076 678 illos
1101 621 1251 694 religione,
1276 636 1378 678 omnes
1404 636 1504 677 amore
1528 618 1748 676 demerebatur.
1772 616 1829 682 Qun

128 712 268 768 virtutum
282 711 443 780 cumulum,
460 712 566 784 quibus
586 717 644 768 tam
661 710 847 769 laudabiliter
861 726 950 784 quam
1007 716 1134 781 tempore
1149 709 1368 767 abbasviditde
1379 707 1653 766 eosomniumsane
1664 722 1828 763 memoran-

128 802 244 858 abunde
256 799 392 871 pollebat,
402 801 488 855 etiam
501 800 652 872 prophetia
662 800 757 857 clarus
768 799 832 855 tuit.
844 800 951 870 Hujus·
1008 797 1088 854 dum.
1098 799 1239 855 Arborem
1256 798 1329 854 inira
1346 799 1473 869 ejusdem
1489 796 1614 854 coenobii
1626 800 1713 868 septa
1723 811 1827 852 succre-

129 890 209 946 modi
225 890 294 945 dicti
311 890 368 945 dun
384 892 467 945 erant
481 905 570 945 cansa
585 888 721 961 exempli.
737 889 804 945 Dies
819 890 951 945 cinerum
1006 903 1096 959 scere,
1108 905 1172 960 que
1188 905 1237 960 per
1247 892 1373 961 quatuor
1383 887 1486 944 mundi
1498 887 1599 959 plagas
1609 887 1703 943 ramis
1718 884 1828 942 diducis

29 988 37 1005 ‘
129 978 178 1053 [al.
194 978 257 1035 dies
273 983 335 1035 erat
347 979 499 1051 cinnami,
510 983 539 1035 et
554 979 682 1050 pontifex
697 994 746 1048 pro
763 993 843 1034 more
859 976 953 1050 preni-
1006 981 1097 1033 totam
1120 978 1303 1035 inumbraret
1324 977 1477 1049 Angltam:
1501 983 1634 1049 opertam
1657 990 1710 1046 per
1733 989 1829 1030 omnes

129 1072 223 1124 lentes
234 1067 369 1123 dcclesie
385 1067 539 1123 liminibus
554 1066 725 1123 excludebat
739 1083 745 1121 :
762 1071 881 1122 celeres
895 1065 951 1121 ad·
1007 1066 1125 1124 frondes
1138 1066 1273 1132 cucullis,
1286 1066 1504 1139 maximamque
1514 1064 1663 1122 cucullam
1675 1064 1707 1120 in
1717 1078 1827 1120 summo

129 1155 260 1212 hortulus
275 1160 330 1223 est,
347 1161 380 1212 nt
391 1157 501 1228 jejunio
515 1161 544 1212 el
556 1156 686 1214 castitati
701 1161 847 1222 vacantes,
863 1154 952 1211 etiam
1007 1156 1269 1227 positam,caeteras
1278 1156 1407 1213 minores
1415 1155 1598 1212 manicarum
1609 1155 1695 1226 quasi
1707 1152 1826 1210 iumento

131 1244 248 1301 uxorias
272 1244 392 1301 delicies
415 1245 590 1315 abjicerent:
612 1243 671 1301 illis
695 1244 799 1301 diebus
824 1244 952 1300 tractum
1008 1249 1166 1318 protegere.
1181 1246 1379 1318 stupefactum
1395 1244 1480 1302 illum
1495 1248 1579 1301 tante
1600 1240 1727 1300 visionis
1746 1241 1827 1298 mira·

130 1335 250 1408 dignum
268 1335 443 1406 poenitentiae
458 1349 533 1404 esse,
545 1334 571 1390 si
586 1334 635 1406 qui
651 1333 743 1390 multa
757 1333 859 1390 illicita
871 1348 954 1389 com·
1008 1335 1084 1404 culo,
1099 1335 1136 1391 ab
1151 1339 1267 1392 astante
1282 1333 1458 1391 venerabilis
1473 1332 1591 1389 canitiei
1605 1347 1678 1389 sene
1693 1330 1826 1404 quesisse

132 1425 258 1493 miseris,
275 1426 363 1482 etiam
388 1423 475 1482 licitis
499 1424 657 1481 abstineas.
683 1425 847 1481 Doctrinem
873 1439 953 1480 reve·
1007 1422 1167 1480 oraculum.
1185 1423 1276 1481 Arbor
1299 1422 1360 1496 ills,
1382 1423 1488 1496 inquit,
1503 1426 1548 1479 est
1568 1421 1631 1478 bec
1653 1419 1771 1476 insula:
1785 1433 1828 1476 cu·

133 1512 954 1584 rentereudientibusceterie,unnsjoculerivoccemissa
1008 1513 1085 1570 culla
1099 1515 1194 1586 major
1208 1519 1252 1570 est
1266 1512 1400 1572 monachi
1417 1512 1459 1569 tui
1469 1510 1645 1568 Ethelwoldi
1661 1509 1739 1565 vita:
1753 1514 1831 1565 caete·

133 1601 198 1659 aliis
213 1602 302 1657 risum
317 1601 456 1658 excussit.
473 1601 533 1657 Non
557 1616 642 1671 posse
656 1617 688 1657 se
701 1605 864 1674 temperare
883 1617 954 1658 con·
1011 1618 1048 1657 re
1075 1602 1227 1659 hominum
1252 1602 1486 1671 innumerorum,
1510 1616 1585 1672 quos
1609 1600 1674 1672 ipse
1697 1598 1787 1655 verbo
1808 1603 1831 1652 et

134 1692 209 1748 vivio
231 1689 321 1746 simul
337 1696 366 1748 et
380 1691 528 1763 conJugio,
545 1694 579 1747 ut
592 1692 701 1762 pariter
713 1691 859 1748 abstineat
882 1691 955 1749 cibis
971 1679 997 1746 Β
1010 1690 1144 1764 exempto
1159 1691 1253 1748 trahet
1265 1691 1300 1746 ad
1316 1689 1484 1747 Dominum.

134 1784 163 1835 et
173 1779 673 1852 Venere.0uinimouxorsm,quam
687 1780 776 1837 cubili
787 1780 956 1852 aliquandiu
1046 1779 1195 1836 Consonat
1209 1779 1277 1836 huic
1296 1780 1437 1852 presagio
1465 1777 1568 1835 matris
1591 1777 1729 1850 ejusdem
1754 1774 1830 1842 visio,

134 1868 379 1936 submovisset,in
396 1870 527 1942 proximo
543 1869 580 1926 ad
597 1886 682 1926 usum
698 1871 793 1926 noetis
806 1879 958 1928 revocatu—
1011 1885 1075 1941 que
1087 1869 1142 1941 ipsi
1152 1870 1217 1941 jam
1241 1872 1324 1926 utero
1345 1866 1559 1942 grandescenti,
1571 1868 1696 1940 Jamque
1712 1879 1831 1940 puerpe-

134 1975 211 2026 rum,
228 1958 373 2031 petulanti
388 1965 417 2015 et
438 1959 553 2032 vulgari
573 1959 660 2016 verbo
686 1960 848 2017 latuitatcm
872 1976 956 2017 suam
1012 1958 1088 2015 rium
1105 1958 1256 2014 meditanti
1266 1962 1386 2015 ostensa
1395 1962 1450 2015 est.
1461 1962 1588 2014 Auream
1598 1954 1735 2029 aquilam
1745 1969 1781 2010 cx
1790 1968 1832 2011 ore

132 2063 322 2120 exaggerans.
333 2048 408 2104 Tum
419 2064 474 2104 vox
488 2047 618 2121 episcopi
633 2048 904 2106 submurmurantis
920 2048 956 2105 ab
1011 2065 1065 2106 suo
1088 2048 1230 2116 avolasse,
1247 2064 1309 2121 que
1325 2064 1486 2122 pennarum
1503 2046 1604 2116 plausu
1620 2046 1673 2101 diu
1689 2045 1833 2102 civitatem

30 2187 34 2191 .
132 2137 298 2192 astantibus
322 2136 421 2193 audita
436 2141 465 2192 et
479 2137 625 2193 intellecta
650 2142 704 2194 est.
720 2138 884 2194 Contristas
899 2152 957 2206 me,
1011 2137 1204 2213 perlustrans,
1230 2138 1387 2196 novissime
1410 2136 1565 2194 altitudine
1589 2134 1717 2191 nubium
1742 2138 1834 2192 evecta

136 2227 236 2291 miser,
253 2226 385 2282 nesciens
407 2227 476 2298 quid
497 2231 619 2284 ventura
642 2228 736 2300 pariat
760 2227 833 2285 dies.
849 2227 956 2284 Duram
1012 2234 1116 2287 cetum
1132 2229 1268 2285 subisset.
1285 2228 1395 2285 Harum
1419 2227 1563 2284 visionum
1580 2238 1714 2282 veracem
1730 2223 1833 2281 exitum

136 2315 318 2388 prophetiam
335 2316 429 2373 vicine
445 2333 524 2374 mors
540 2317 697 2375 nebulonis
708 2318 829 2389 excepit.
841 2317 958 2374 Postero
1009 2320 1072 2392 jam
1088 2318 1280 2392 prolambens
1295 2317 1409 2374 lortnna
1429 2317 1538 2374 terebat
1553 2315 1583 2371 in
1599 2311 1757 2386 populum,
1773 2328 1834 2368 curn

136 2407 214 2462 enim
241 2420 326 2462 mane
342 2405 371 2461 in
388 2405 524 2463 cubiculo
541 2411 671 2480 repertus
685 2411 729 2464 est
742 2405 896 2474 exanimis,
911 2405 957 2461 in·
1012 2407 1063 2464 ille
1083 2407 1216 2464 arctioris
1240 2407 1303 2463 vitae
1325 2405 1469 2464 desiderio
1489 2404 1675 2462 Gallicanum
1700 2401 1833 2459 exsilium

21 2490 24 2495 ’
44 2566 48 2575 1
136 2500 248 2552 certum
263 2513 280 2551 a
294 2493 410 2552 diabolo
425 2498 526 2568 gultur
540 2496 639 2553 elisus.
656 2495 720 2552 Alie
735 2500 866 2569 tempore
880 2495 957 2552 ordi·
1013 2497 1115 2555 sitiens
1130 2497 1166 2553 ab
1191 2497 1304 2553 Edredo
1328 2510 1397 2569 rege
1417 2499 1547 2553 retentus
1566 2496 1631 2550 est:
1648 2497 1757 2564 agente
1771 2493 1798 2547 id
1811 2494 1835 2546 et

135 2585 217 2641 navit
231 2586 337 2656 pariter
352 2584 386 2640 ad
405 2586 621 2659 presbyteratus
645 2586 770 2659 gradum
788 2589 847 2642 tres
861 2601 959 2641 mone·
1014 2586 1108 2644 lilium
1133 2586 1304 2643 stimulante
1329 2589 1421 2643 matre
1445 2583 1557 2657 sugite,
1579 2582 1663 2640 omni
1687 2580 1835 2654 religionis

136 2673 220 2730 chos:
233 2673 959 2749 Dunstanum,Ethelwoldum,etquemdamElbel·
1013 2676 1100 2733 laude
1124 2674 1188 2733 orbi
1206 2675 1374 2733 Britannico
1398 2679 1478 2732 nola.
1505 2676 1593 2729 batur
1615 2686 1687 2744 ergo
1702 2669 1732 2726 ei
1747 2684 1835 2726 caeno

135 2763 522 2836 stamnm,quipostmodnm
535 2765 957 2836 monachicevcstiaapostata,
1012 2764 1095 2821 bium
1120 2765 1245 2837 perexile
1266 2765 1438 2822 Abendonia
1461 2762 1584 2832 dictum,
1600 2760 1652 2816 ubi
1676 2758 1757 2816 vires
1782 2773 1835 2816 aas

136 2851 270 2908 coelibatu
282 2857 446 2924 contempto
455 2853 485 2910 in
497 2855 859 2928 meretriciisamplcxibus
870 2854 958 2911 vitam
1013 2855 1171 2929 prudentie
1185 2853 1375 2926 experiretur.
1387 2853 1445 2911 Neo
1457 2853 1518 2926 ipse
1533 2849 1595 2923 spei
1609 2849 1752 2906 datorum
1767 2852 1835 2904 stre·

136 2941 248 2998 ettadit.
264 2941 422 3013 completis
442 2942 606 3011 solemniis,
622 2951 726 3000 sanctes
748 2944 958 3001 recordationis
1012 2945 1122 3002 unitate
1133 2943 1236 3015 abluit,
1247 2944 1296 3000 sed
1309 2944 1338 3000 in
1349 2940 1526 2999 laudabilem
1538 2939 1681 3014 (uthodie
1696 2936 1835 3007 cernitur)

137 3028 244 3102 presul
257 3029 439 3087 adherentes
449 3031 618 3105 alloquitur.
631 3032 721 3089 Hodie
731 3049 828 3090 coram
838 3033 896 3089 Deo
907 3034 958 3088 tri·
1013 3032 1219 3091 celsitudinem
1244 3033 1342 3089 erexit.
1358 3032 1462 3090 Paucis
1486 3046 1552 3088 vero
1575 3028 1765 3086 elabentibus
1789 3042 1835 3082 sn·

139 3118 195 3175 bus
210 3118 281 3177 viris
294 3135 400 3176 manns
414 3119 552 3194 imposui,
568 3138 691 3192 qnorum
712 3123 770 3178 duo
788 3122 962 3195 pontificalis
1015 3123 1061 3179 nis
1071 3123 1135 3195 jam
1150 3122 1302 3178 Dunstauo
1318 3120 1536 3195 archiepiscopo
1551 3118 1639 3185 lactc,
1654 3116 1722 3189 ipsc
1736 3115 1775 3172 ab
1788 3114 1836 3171 lid·

139 3209 252 3266 ordinis
267 3209 391 3281 gratiem
408 3211 630 3269 nanciscentur:
645 3227 721 3270 unus
731 3212 761 3268 in
772 3212 886 3269 civitate
896 3212 962 3268 Wi·
1014 3227 1082 3283 garo
1098 3226 1175 3285 rege,
1190 3211 1227 3266 ad
1242 3211 1441 3283 episcopatum
1461 3206 1696 3265 wintoniensem
1715 3205 1834 3274 electus,

139 3298 964 3374 gornia,deindeinCanoia;altermeamsedemimplebit
1015 3299 1093 3357 etab
1109 3301 1210 3356 eodem
1236 3299 1454 3372 archiepiscopo
1477 3303 1665 3355 consecratus
1687 3301 1745 3351 est.
1767 3294 1834 3350 Tum

140 3390 962 3465 quandoquesuccessionelsgitims;tertiusvoluptalum
1014 3404 1082 3444 vero
1106 3388 1220 3460 magnis
1245 3387 1444 3443 conatibusad
1463 3383 1657 3442 ecclesiarum
1682 3382 1834 3439 utilitatem

140 3475 292 3532 volutabro
303 3493 334 3532 se
345 3477 527 3549 ingurgitans
540 3479 735 3536 miserabilem
752 3480 889 3537 sortietur
902 3482 961 3536 exi·
1015 3477 1371 3550 consurgere,exstirpare
1381 3475 1607 3546 vitia,virtutum
1617 3473 1751 3529 inserere
1760 3470 1836 3544 plan·

140 3568 214 3619 tum.
227 3563 437 3627 lithelslamus,
450 3566 497 3637 qui
510 3583 562 3639 pro
574 3566 771 3625 familiaritate
781 3568 962 3642 cognationis
1014 3568 1099 3624 taric.
1115 3567 1248 3624 Nescisse
1264 3566 1335 3638 qnid
1350 3566 1380 3622 ia
1398 3581 1432 3622 co
1448 3565 1541 3637 magis
1556 3563 1714 3631 laudares;
1732 3560 1835 3618 sencti-

140 3669 265 3722 presens
284 3657 372 3725 esset,
390 3662 522 3725 proterva
544 3655 757 3714 consultatione
780 3659 961 3716 sacerdotem
1016 3655 1085 3712 talis
1099 3656 1241 3728 studium,
1258 3671 1295 3712 an
1310 3654 1508 3711 doctrinarum
1525 3651 1709 3717 exercitium,
1725 3651 1757 3707 in
1772 3665 1835 3722 pre·

140 3739 256 3797 invasit.
275 3741 348 3798 Num
365 3757 418 3815 ego
433 3759 482 3799 ero
502 3760 578 3800 unus
592 3760 627 3801 ex
641 3745 767 3816 duobus,
784 3746 834 3820 qui
849 3746 961 3819 episco·
1015 3746 1159 3802 dicationc
1169 3744 1387 3814 instantiam,in
1399 3742 1529 3799 aediliciis
1539 3737 1835 3798 industriam.Clerici

28 3826 42 3879 .'
139 3830 198 3902 pali
223 3830 367 3902 dignitate
388 3831 569 3889 sublimandi
591 3836 684 3890 sunt?
698 3836 772 3906 Non,
786 3836 892 3908 inquit,
908 3837 963 3893 erit
1016 3836 1204 3908 episcopatus
1227 3833 1316 3891 simul
1332 3839 1360 3890 el
1373 3833 1495 3890 alterius
1510 3830 1656 3901 Ecclesiae,
1672 3845 1739 3900 ques
1758 3831 1835 3901 juxta

138 3920 192 3975 tibi
204 3937 272 3991 pars
284 3935 377 3994 neque
389 3924 493 3980 sorsin
504 3941 548 3994 eo,
561 3940 646 3997 quem
658 3928 872 3996 pretatussum
884 3926 961 3983 ordi·
1015 3929 1088 3991 erat,
1113 3940 1200 3997 quarn
1227 3940 1335 3981 novum
1362 3921 1571 3979 monasterium
1595 3918 1751 3987 vocabant,
1774 3919 1836 3974 data

140 4023 187 4077 ne,
207 4023 302 4081 neque
330 4027 538 4082 permansurus
561 4030 592 4071 es
612 4015 641 4070 in
661 4031 706 4083 ea,
727 4031 786 4088 qna
814 4015 961 4072 hominum
1016 4015 1143 4087 optione,
1159 4017 1190 4069 ut
1202 4019 1252 4070 ant
1267 4013 1355 4069 vitam
1372 4015 1532 4077 mutarent,
1548 4007 1678 4066 antinoo
1693 4008 1834 4074 cederent,

79 4157 81 4160 Α
139 4097 847 4169 oculislenocinaris,vesle.Quantasanclissimae
855 4105 961 4163 mentis
1016 4103 1179 4160 molliorem
1196 4108 1307 4177 partem
1324 4103 1475 4176 eligentes,
1491 4099 1635 4158 exturbati
1651 4105 1721 4155 eunt
1737 4113 1834 4155 mona·

141 4186 279 4261 dignitas,
291 4193 324 4245 ut
338 4190 486 4249 evidenter
496 4198 525 4248 et
535 4194 597 4251 sine
613 4195 680 4251 luco
695 4199 833 4252 coelorum
849 4197 962 4253 ellerret
1016 4190 1080 4248 chis
1104 4192 1289 4250 introductis.
1306 4193 1393 4248 Plura
1407 4191 1449 4249 eis
1464 4206 1498 4245 ex
1513 4191 1683 4262 episcopatu
1706 4186 1836 4260 delegata

140 4280 276 4335 secreta?
290 4278 388 4350 Neque
411 4282 488 4337 enim
504 4282 534 4338 in
555 4290 661 4340 terram
685 4285 854 4341 ceciderunt
876 4285 962 4342 verba
1017 4281 1125 4352 predia
1139 4282 1279 4337 viciniora
1293 4282 1363 4352 situ,
1379 4279 1523 4352 ampliora
1544 4277 1672 4334 redditu.
1690 4276 1723 4332 ln
1740 4277 1835 4332 eadem

140 4365 207 4434 iata,
224 4368 272 4424 sed
297 4369 397 4425 omnia
417 4370 447 4425 in
467 4386 560 4427 rerum
583 4373 719 4430 solidavit
742 4374 960 4447 consequentis,
1018 4372 1089 4428 urbe
1112 4370 1380 4428 sanctimonialium
1398 4370 1549 4426 tundalum
1566 4372 1595 4424 et
1610 4367 1720 4424 tactum
1736 4379 1835 4423 mons·

140 4456 216 4527 quod
243 4458 409 4515 Dunstaons
424 4463 453 4516 et
474 4461 670 4519 Ethelwoldus
695 4468 849 4536 angustam
871 4464 959 4530 viam,
1016 4461 1150 4518 sterium.
1168 4461 1208 4517 lle
1232 4461 1354 4528 ceteris,
1380 4476 1443 4530 que
1467 4459 1498 4514 in
1522 4453 1645 4512 diversis
1670 4454 1836 4528 regionibns

140 4559 204 4615 que
220 4545 301 4601 ducit
315 4547 349 4601 ad
366 4547 465 4617 vitam,
476 4554 614 4620 terentes,
626 4552 757 4625 insignes
772 4553 801 4608 in
819 4554 964 4626 praedictis
1019 4550 1157 4618 instituit,
1169 4549 1216 4605 ltet
1229 4551 1347 4606 verbnm
1363 4551 1475 4605 eumad
1488 4562 1587 4604 eorum
1603 4547 1761 4617 episcopos
1774 4558 1837 4600 ven·

139 4634 730 4708 Episcopatibusemicuerettertinslatas
741 4645 965 4702 enculisemitas
1018 4643 1082 4696 turn
1099 4639 1195 4696 luerit.
1212 4639 1245 4696 Et
1261 4640 1367 4694 mirum
1384 4637 1502 4709 quidem
1527 4636 1651 4703 videtur,
1666 4635 1747 4706 quod
1764 4640 1838 4689 tants

140 4724 303 4781 cursitavit.
316 4725 587 4803 Elisiiprecipitem
597 4732 627 4788 in
639 4734 762 4790 emendo
773 4734 964 4806 archiepisco·
1020 4728 1129 4800 lecerit,
1146 4728 1202 4784 nisi
1227 4728 1302 4800 quod
1328 4742 1377 4783 rex
1400 4725 1532 4797 Edgarus
1558 4721 1678 4780 omnino
1699 4721 1837 4780 voluntati

141 4814 210 4882 palu
227 4812 336 4868 rabiem
352 4817 379 4870 et
394 4816 590 4874 miserabilem
607 4827 728 4877 mortem
744 4821 878 4894 superior
893 4820 964 4878 liber
1018 4818 1292 4891 ejusdeditnserat:
1304 4835 1319 4874 a
1330 4833 1388 4890 quo
1399 4829 1614 4889 supiraomnem
1625 4814 1703 4869 intra
1714 4813 1836 4870 Dunsta·

141 4900 274 4957 ⁸b³⁰¹lib
1020 4924 1091 4964 num
1106 4909 1284 4981 diligeretur,
1302 4907 1483 4978 maximoque
1502 4908 1530 4961 el
1545 4902 1686 4959 laudabili
1702 4902 1837 4975 operibus

177 4993 270 5058 Quare
278 4994 339 5064 jam
351 5009 511 5068 congruum
523 4998 618 5069 video,
629 5002 661 5056 ul
672 4999 707 5056 de
717 5006 799 5073 patre
810 4999 963 5058 Ethelwnl·
1018 4998 1082 5070 ejus
1092 4997 1353 5055 tuitemolumento
1362 4992 1732 5052 beatissimusSwitnunus
1742 4992 1837 5048 eodem

142 5081 179 5139 do
203 5082 316 5154 aliquid
331 5085 374 5141 vel
390 5085 514 5143 breviter
537 5087 642 5157 dicam,
660 5089 711 5160 qui
736 5091 878 5147 successit
901 5090 963 5146 Bri·
1018 5092 1150 5161 tempore
1174 5087 1325 5144 revelatus.
1342 5086 1395 5151 Oui
1411 5084 1539 5156 antique
1563 5082 1627 5137 vite
1644 5080 1837 5138 humilitatem

142 5166 253 5226 thaimo
268 5175 431 5230 successori
446 5174 522 5231 sttui
538 5176 568 5234 in
582 5175 743 5235 Wintonia.
758 5179 828 5250 Ejus
844 5183 964 5250 uterque
1019 5183 1134 5247 lenens,
1149 5193 1207 5234 non
1229 5175 1317 5232 alicui
1333 5174 1471 5232 inllaliori
1487 5185 1628 5247 personae,
1643 5169 1694 5226 aed
1721 5169 1838 5228 homun-

142 5271 249 5327 psrens
261 5276 313 5316 neo
324 5278 435 5335 egenos
445 5266 630 5335 tortuna,nec
639 5267 965 5342 abjectnsslirpislinea
1018 5267 1093 5324 cioni
1106 5260 1723 5339 pauperculo‚quimanuumartillciovilam
1736 5260 1839 5318 tolcra-

142 5344 213 5400 civis
238 5348 390 5407 Wintonire
417 5355 480 5410 luit.
499 5356 562 5427 lpse
583 5356 613 5411 in
637 5357 761 5427 pueritia
785 5357 909 5426 litteras,
933 5357 964 5413 in
1018 5363 1073 5425 ret,
1097 5373 1147 5429 per
1168 5357 1309 5412 visionem
1332 5354 1403 5411 talia
1427 5354 1555 5425 prolerre
1578 5350 1658 5406 visus
1682 5355 1738 5407 est.
1763 5349 1840 5407 Vada

143 5435 339 5496 adolescentia
358 5443 467 5501 curiam
490 5447 690 5519 frequentans,
707 5449 872 5506 athelstano
896 5465 965 5522 per·
1017 5446 1196 5503 wintoniam
1208 5445 1244 5500 ad
1256 5438 1841 5512 vetusmonasterium,requisitoqneloci

143 5524 251 5583 charus
267 5525 329 5584 luit⁴
342 5529 432 5603 Cujus
448 5535 570 5593 consilio
582 5553 598 5592 a
611 5540 744 5610 praedicto
759 5538 884 5613 Elphego
900 5544 963 5596 lon·
1018 5538 1134 5608 edituo,
1155 5534 1278 5610 precipe
1302 5538 1335 5592 ut
1358 5534 1472 5591 dicatur
1496 5531 1633 5605 episcopo
1657 5527 1840 5588 Ethelwoldo
