3772 6006
155 233 232 294 id0¹l
602 221 801 287 WthEbMI
823 215 1191 282 uanbasetlalertsls
1212 219 1392 283 Moaacnl
1800 224 1866 315 {affl

155 365 285 422 medium
302 362 429 430 fecisset,
438 362 465 419 vi
475 359 568 419 morbi
579 359 623 416 vel
635 357 730 430 potius
742 354 896 413 oblivionis
907 353 976 411 vitio
991 352 1135 423 Aegeate
1150 351 1310 410 Lanfrenoo
1326 351 1546 429 archiepiscopo
1557 355 1588 412 in
1601 369 1768 414 sommum
1783 359 1867 430 ansp's

154 453 259 524 hesit,
275 454 325 510 sed
339 454 374 509 ab
390 454 505 509 astante
518 448 660 505 monacho
684 446 853 503 admonitus
870 459 977 501 memo-
1032 442 1109 497 cium
1124 441 1274 516 religionis
1284 444 1385 501 evasit.
1400 443 1433 501 In
1446 445 1708 504 Hnntcndiniensi
1721 463 1801 520 pago
1811 454 1864 505 snut

153 541 227 597 riam
244 539 399 612 recollegit,
410 539 586 610 itaqnecum
597 537 725 591 extremo
736 533 824 590 verbo
840 530 977 588 ultimum
1034 530 1126 587 Borch
1146 534 1175 587 et
1194 532 1349 590 Rameeeia
1363 534 1393 590 et
1407 532 1545 591 Grolsnd.
1563 534 1668 593 Bnrch
1686 535 1763 592 olim
1780 536 1864 594 Mede

155 630 298 688 exhalavit
321 627 467 701 spiritum.
493 630 553 684 Hac
576 625 666 698 igitur
689 623 840 680 occasione
864 622 900 677 de
923 621 978 677 bac
1032 616 1184 676 hamstede
1198 619 1604 695 dicebatur;sedpostqoam
1616 623 1861 683 Kennlfusahbas

154 719 285 777 canobio
310 717 468 790 prelibata,
484 719 587 774 catera
601 715 631 772 in
647 711 844 771 Linooloiensi
859 709 976 768 dioecesi
1031 705 1128 764 locum
1144 723 1227 766 muro
1243 711 1344 779 erexit,
1360 727 1377 768 a
1391 709 1590 769 similitudine
1607 712 1698 770 urhis
1714 713 1811 770 Bacch
1825 731 1860 772 vc

155 808 211 865 sita
225 806 300 880 stylo
315 806 549 880 pervagabimur.
1031 799 1171 855 oslussst.
1183 796 1857 862 HiebeatissimasAEthelwoldnsmonssterion

190 897 254 954 Fuit
263 896 425 969 antiquitus
437 895 465 951 in
479 893 688 952 oxenfordensi
703 891 821 949 civitate
833 894 976 948 monaste·
1030 888 1203 955 construxit,
1220 889 1292 947 adeo
1305 890 1461 948 elaboratis
1482 893 1663 965 sumptibus
1681 899 1715 951 ct
1728 896 1857 968 ampliatis

153 988 229 1045 rium
239 983 619 1057 sanctimonialium,ioquo
627 981 787 1054 requiescit
797 980 977 1038 frideswida
1031 975 1278 1047 possessionibus,
1296 982 1328 1034 nt
1342 994 1415 1051 pene
1429 986 1488 1038 tota
1507 981 1590 1038 circa
1607 982 1693 1054 regio
1708 982 1755 1040 illi
1770 985 1856 1056 subja·

154 1077 204 1151 [ul.
228 1074 433 1147 fritheswida]
455 1074 533 1146 virgo
562 1071 772 1140 sacratissima,
797 1071 873 1144 regis
902 1067 974 1138 filia,
1029 1069 1102 1121 cest.
1119 1065 1225 1124 Colunt
1248 1074 1275 1124 et
1299 1069 1397 1125 fovent
1419 1068 1449 1125 in
1473 1085 1506 1127 eo
1533 1070 1689 1144 reliquias
1714 1088 1853 1146 corporum

154 1165 231 1238 regis
255 1172 333 1222 toros
356 1161 496 1234 despexit,
521 1161 717 1233 integritatem
743 1175 827 1216 suam
852 1158 976 1216 Domino
1029 1167 1149 1210 suorum
1170 1154 1298 1228 virgines
1321 1155 1853 1228 eximia,lfinedredaet1fineavids

153 1253 268 1310 Christo
293 1251 432 1323 professa.
449 1251 504 1308 Sed
519 1250 567 1307 ille
582 1266 649 1306 cum
665 1249 701 1306 sd
716 1248 837 1322 virginis
857 1246 975 1318 nuptias
1030 1242 1132 1299 Pande
1147 1244 1223 1317 regis
1246 1245 1323 1303 filies.
1339 1247 1439 1304 Amba
1462 1248 1499 1304 ab
1522 1247 1657 1307 infantia
1685 1251 1748 1309 Deo
1771 1253 1851 1310 diesis

153 1341 315 1417 appulisset
329 1342 473 1409 animum,
489 1338 623 1411 precihus
637 1341 666 1394 et
681 1336 833 1394 blanditiis
848 1334 976 1393 inaniter
1030 1329 1128 1387 nobile
1144 1333 1324 1405 propositum
1335 1339 1493 1391 tenuerant
1502 1337 1537 1393 ad
1548 1339 1692 1396 senium.
1704 1339 1763 1397 Sed
1771 1341 1850 1412 jnnto

152 1431 345 1505 consumptis,
371 1430 399 1485 vi
428 1444 513 1501 agere
540 1426 677 1484 intendit.
707 1427 768 1492 Quo
796 1424 975 1482 frideswida
1030 1434 1088 1474 non
1102 1418 1195 1476 solius
1211 1422 1255 1477 sui
1271 1426 1407 1480 contenta
1430 1425 1525 1483 salute
1547 1425 1642 1484 etiam
1665 1428 1765 1486 Oltam
1778 1446 1849 1503 spos-

151 1519 365 1593 cognito,fugse
375 1517 404 1572 in
416 1516 520 1573 siloem
531 1512 689 1573 consuluit.
700 1513 758 1572 Noc
768 1513 922 1569 latibulum
935 1511 975 1568 lo·
1029 1523 1096 1563 sum
1120 1508 1265 1567 salibaras
1284 1514 1472 1586 consecravit,
1489 1514 1588 1572 isfuit
1603 1533 1660 1574 rex
1676 1519 1845 1577 orientalium

152 1616 210 1666 tere
234 1609 325 1680 potuit
349 1609 505 1674 omnnium,
532 1621 585 1661 nec
612 1603 709 1661 cordis
732 1602 844 1659 dosidis
868 1602 972 1673 obfuit,
1029 1597 1188 1669 Anglorum
1205 1601 1304 1670 paucis
1321 1603 1717 1678 annis,ephoehusjucundi
1734 1610 1846 1667 vultosct

55 1692 57 1697 ’
151 1698 222 1770 quin
238 1704 459 1770 persequeretur
475 1695 657 1764 fugitantem.
674 1694 777 1750 Iterato
801 1709 868 1762 ergo
892 1692 972 1765 virgo
987 1668 1011 1735 Β
1027 1687 1130 1754 animi,
1146 1691 1239 1746 atatis
1255 1691 1374 1764 floride,
1391 1695 1511 1752 maximi
1525 1697 1607 1767 apud
1633 1699 1723 1757 cives
1746 1701 1845 1769 amoris,

146 1787 265 1859 juvenis
281 1788 379 1842 furore
391 1789 549 1857 comperto,
562 1799 612 1855 per
625 1783 754 1840 occultos
769 1783 901 1839 tramites
916 1783 972 1838 Deo
1027 1775 1205 1849 Kineewide,
1222 1781 1307 1850 cuias
1324 1783 1442 1855 nuptias
1458 1791 1644 1859 speraverat,
1663 1791 1779 1847 monitu
1792 1790 1845 1847 edo-

150 1878 310 1934 comitante
330 1873 532 1931 oxenfordiam
557 1872 689 1944 ingressa
701 1877 746 1929 est
760 1877 843 1929 nocte
864 1871 972 1927 intem·
1025 1871 1089 1923 ctus
1110 1884 1224 1925 amores
1249 1872 1406 1929 moretoin
1422 1873 1536 1933 melius,
1555 1876 1691 1934 Romam
1709 1896 1776 1936 eum
1789 1880 1846 1937 geu.

150 1971 243 2040 peste.
261 1965 332 2021 Illuc
348 1980 415 2021 cum
432 1978 518 2019 mane
533 1962 667 2018 curiosas
682 1964 796 2018 ametor
811 1961 973 2018 devolasset
1025 1956 1094 2014 redo
1106 1973 1172 2030 rege
1182 1960 1354 2017 iferciorum
1366 1967 1394 2018 et
1404 1963 1724 2036 hgwinoWicciorum
1735 1969 1845 2026 antistite

150 2055 197 2122 [ul.
222 2052 409 2124 advolasset],
433 2050 530 2124 puella
552 2052 616 2123 jam
642 2050 678 2107 de
703 2051 772 2119 fuga
799 2050 971 2122 desperans,
1023 2045 1085 2111 ivit,
1103 2046 1153 2101 uhi
1170 2050 1304 2106 attonsus
1318 2049 1348 2106 in
1365 2052 1554 2120 monachum,
1571 2056 1707 2113 terrenis
1721 2064 1844 2114 suabu-

30 2152 32 2157 ’
149 2143 296 2214 simulque
307 2158 359 2214 pro
369 2140 543 2198 lassitudine
554 2155 699 2213 nusquam
711 2137 843 2211 progredi
855 2142 970 2210 potens,
1024 2150 1094 2207 pore
1107 2135 1251 2195 valefecit.
1263 2138 1353 2195 Ornat
1362 2140 1549 2202 sodalitatem
1564 2144 1727 2219 virginum
1738 2158 1845 2220 suipra·

148 2231 198 2288 llci
213 2231 335 2290 tutelam
347 2230 413 2299 sihi,
424 2229 604 2304 prosecutori
616 2245 730 2301 poenam
742 2227 903 2301 imprecata
914 2231 969 2286 est.
1023 2223 1131 2296 dicent)
1147 2241 1195 2282 rex
1211 2232 1332 2285 sanctus
1355 2226 1517 2301 Oswaldua,
1533 2233 1624 2304 cuius
1642 2235 1687 2291 ihi
1709 2236 1844 2293 bruchton

146 2317 271 2391 Jamque
292 2318 341 2375 ille
365 2333 431 2374 cum
456 2316 611 2375 comitibus
632 2320 730 2388 portas
744 2316 861 2373 subibat
876 2317 968 2385 urbis,
1025 2311 1124 2370 haberi
1139 2315 1251 2385 dicunt,
1263 2317 1371 2386 nervis,
1381 2323 1458 2390 oute,
1469 2335 1567 2391 carne,
1579 2322 1741 2396 integrum
1757 2326 1793 2382 ab
1805 2343 1844 2382 an·

147 2424 215 2465 cnm
244 2406 353 2465 coelesti
383 2406 466 2479 plage
493 2406 621 2461 irruente
649 2403 805 2463 cecitatem
833 2404 968 2463 incurrit.
1023 2401 1105 2475 tique
1120 2405 1306 2476 requietionis
1320 2408 1389 2464 sede
1410 2409 1508 2466 furtim
1533 2411 1844 2488 ablatum:datarqae

146 2497 355 2570 intellectoque
369 2496 535 2568 pertinacia
551 2511 607 2551 sues
623 2495 739 2561 delicto,
749 2499 778 2552 et
789 2494 968 2553 Frideswida
1021 2493 1153 2549 ostensui
1168 2495 1308 2551 scrinium
1325 2512 1464 2570 magnum
1480 2498 1560 2556 illius
1575 2500 1719 2559 thesauri
1729 2512 1844 2578 recepta·

144 2603 195 2660 per
220 2587 338 2644 nuntios
362 2589 488 2655 exorata,
504 2585 605 2641 eadem
626 2583 782 2652 celeritate,
798 2601 855 2657 qoa
870 2585 966 2656 perdi·
1021 2580 1136 2653 culnm3
1148 2583 1198 2640 sed
1209 2584 1281 2640 fides
1291 2585 1437 2642 dictorum
1449 2587 1575 2659 vacillat,
1588 2589 1646 2646 ahi
1657 2591 1736 2648 nihil
1744 2595 1846 2650 auditor

145 2678 235 2745 derat,
253 2676 352 2732 lumen
377 2676 489 2748 accepit
503 2675 552 2746 [ol.
570 2674 697 2747 recapit].
715 2673 787 2730 Hinc
810 2674 900 2731 timor
921 2692 965 2732 ro·
1020 2673 1083 2730 visu
1099 2674 1238 2746 explorat.
1255 2675 1392 2733 Hoevero
1407 2694 1466 2735 non
1483 2679 1619 2749 dixerim,
1637 2684 1723 2754 quod
1739 2685 1846 2742 deiota-

140 2764 228 2838 gihus
254 2764 371 2822 inolevit
394 2763 515 2836 anglie,
541 2763 621 2820 illius
641 2763 723 2820 urhis
745 2764 911 2836 ingressum
938 2770 966 2822 et
1020 2763 1124 2834 gnitate
1148 2763 1242 2821 sancti
1264 2764 1320 2821 sim
1344 2764 1462 2837 dubius,
1479 2768 1528 2825 sed
1546 2773 1652 2828 utrum
1668 2788 1705 2829 eo
1721 2772 1779 2830 loci
1793 2790 1845 2832 con

142 2853 302 2925 hospitium
318 2869 438 2910 cavere:
456 2854 532 2925 quod
551 2854 659 2909 feratur
680 2853 801 2925 pestifer
815 2868 885 2921 esse,
902 2853 964 2909 sin·
1018 2850 1157 2918 tinealur,
1174 2851 1240 2909 nolo
1256 2868 1320 2911 esse
1334 2854 1495 2913 affirmator
1510 2874 1733 2933 praeproperus.

139 2940 217 3015 gulis
233 2943 499 3015 refugientibussui
510 2944 616 2998 damno
628 2941 910 3013 periculivaritatem
923 2941 963 2999 rei
979 2984 1001 3052 c
1056 2941 1251 2998 flamesiensis
1288 2943 1412 2999 abbatiae
1449 2945 1504 3001 fnit
1536 2946 1708 3006 aedificator
1744 2956 1845 3008 uncto

136 3031 273 3106 experiri.
285 3031 328 3088 lbi
339 3048 407 3106 ergo
419 3031 660 3105 fuminavirginei
676 3030 817 3102 triumphi
832 3047 962 3104 compos,
1020 3029 1176 3088 Oswsldus
1195 3030 1388 3090 llhoracensis
1409 3034 1565 3107 episcopos
1585 3036 1646 3108 [cl.
1663 3039 1845 3113 archiepisce

135 3121 239 3179 statuit
254 3121 465 3179 monasterium
481 3121 628 3177 aldiebus
644 3120 706 3177 suis
721 3137 829 3193 sponso
846 3126 964 3179 vocante
1018 3117 1095 3192 puel,
1108 3122 1280 3190 cooperante
1292 3119 1442 3192 Egelwino
1453 3123 1578 3195 quodam
1594 3125 1794 3185 orientalium
1803 3131 1845 3184 ilc

136 3210 247 3268 subivit
271 3211 375 3267 fatum.
392 3210 535 3284 Tempore
558 3225 625 3266 vero
640 3208 783 3281 ilgelredi,
799 3225 867 3266 oum
889 3209 963 3266 Darii
1018 3207 1131 3280 glornm
1143 3208 1249 3265 comite
1260 3225 1267 3275 ;
1279 3207 1611 3269 laudabililiberaiitate
1624 3215 1753 3289 utrique
1762 3216 1843 3290 predi

135 3298 198 3357 neci
214 3298 375 3370 adjudicati
391 3300 420 3354 in
437 3299 639 3356 monasterium
662 3299 737 3354 iilud
752 3297 962 3370 confugissent,
1017 3295 1135 3366 subiise,
1148 3298 1197 3354 sed
1210 3296 1334 3355 maxime
1345 3299 1447 3368 laicus,
1458 3303 1505 3372 qui
1517 3300 1572 3358 hoc
1583 3300 1665 3373 loco,
1675 3306 1761 3377 quod
1771 3307 1841 3363 vidis

134 3389 243 3462 pariter
253 3406 320 3445 oum
329 3391 467 3446 domibus
480 3390 642 3446 insatiabili
654 3389 698 3445 ira
710 3388 869 3458 anglorum
882 3388 963 3445 flam·
1017 3391 1062 3443 set
1075 3388 1236 3445 antistitem
1252 3389 1404 3461 cujusdam
1418 3389 1558 3463 principis
1572 3391 1705 3453 inferiae
1722 3404 1840 3469 agentem

134 3478 191 3536 mis
206 3478 356 3550 absumpti
373 3483 453 3534 sunt.
464 3479 519 3535 Sed
532 3495 597 3534 mox
614 3479 690 3550 regis
707 3478 882 3550 poenitentia
897 3496 963 3548 pur·
1016 3476 1141 3533 dulciter
1161 3479 1255 3536 defixo
1270 3480 1299 3536 in
1317 3479 1411 3536 solnm
1438 3478 1549 3538 lumine
1572 3480 1713 3556 ingenue
1738 3487 1840 3559 illeso·

133 3574 229 3641 gotum
245 3568 419 3635 sacrarium,
430 3568 599 3624 restitutum
618 3568 838 3636 monasterium,
850 3572 961 3624 veteres
1015 3582 1124 3637 masse,
1136 3569 1207 3625 adeo
1220 3568 1360 3641 religione
1376 3569 1469 3642 ipsius
1482 3574 1586 3643 captus
1602 3579 1661 3645 est,
1674 3580 1710 3632 nt
1721 3576 1748 3634 ei
1759 3575 1839 3634 omns

133 3660 220 3716 terras
230 3656 360 3727 reddita,
373 3661 503 3714 recentes
516 3657 717 3729 possessiones
728 3657 842 3714 addita.
856 3657 961 3713 Nostro
1015 3672 1068 3712 sua
1090 3673 1182 3728 prona
1204 3658 1320 3715 faceret.
1336 3662 1442 3715 Sancto
1466 3674 1534 3732 ergo
1558 3660 1659 3719 favore
1687 3680 1838 3739 propensos

133 3749 277 3819 tempore,
294 3746 479 3819 paucissimis
493 3746 534 3804 ihi
549 3746 670 3818 clericis,
688 3749 738 3820 qni
754 3763 806 3819 pro
821 3747 903 3804 libito
916 3746 961 3802 vi·
1014 3745 1177 3803 coenobium
1190 3746 1261 3803 illud
1272 3748 1493 3819 opulentissime
1503 3752 1675 3809 construxit
1684 3754 1719 3812 io
1730 3751 1838 3829 pdostd

133 3840 234 3894 vereat
257 3835 384 3893 residuis
409 3836 495 3893 dotus
510 3836 558 3892 ille
572 3836 655 3894 locus
670 3853 687 3892 a
702 3837 813 3910 Rogero
828 3837 959 3894 Salesbe·
1014 3836 1142 3906 quadam
1159 3835 1268 3909 uligine
1279 3836 1380 3894 sitnm.
1392 3836 1470 3893 Felix
1483 3838 1524 3894 ibi
1534 3839 1732 3901 orientalium
1744 3843 1838 3917 Angla·

134 3927 223 3985 riensi
238 3927 375 4002 episcopo
388 3928 553 3986 Gnimundo
566 3928 733 3987 excellentis
747 3928 917 3985 litteratura
931 3933 959 3986 et
1013 3940 1077 3980 ctam
1103 3926 1257 3998 episcopus
1281 3927 1396 3999 primus
1421 3929 1456 3985 de
1479 3928 1585 3985 Sobam
1613 3931 1710 4002 jussu
1737 3933 1837 3992 cernitis

132 4032 193 4076 non
222 4018 411 4091 aspemsnde
440 4017 590 4090 religionis
619 4017 784 4074 canonico:
816 4019 870 4086 Qui
899 4036 956 4075 non
1011 4012 1154 4086 Egelwlni
1166 4016 1597 4087 asportatosjscet;sedetooo
1608 4025 1753 4093 germani
1768 4020 1836 4096 Egel·

135 4105 288 4179 inoperose
312 4106 471 4164 commieso
496 4106 638 4164 insudans
662 4106 777 4164 moneri
793 4106 900 4164 multoe
916 4107 956 4164 ihi
1011 4103 1100 4161 redas
1111 4103 1346 4178 etllgelhrithus,
1359 4123 1432 4180 quos
1445 4107 1520 4165 filios
1531 4110 1631 4181 patrui
1643 4114 1695 4169 sni
1708 4114 1838 4187 higbertus

13 4242 16 4247 .
134 4196 288 4254 canonicos
303 4195 477 4269 regulariter
490 4195 615 4253 victuros
630 4197 687 4253 beo
702 4195 843 4253 exhihuit.
1013 4209 1063 4251 rex
1085 4192 1309 4252 cantuariorum
1325 4196 1355 4253 in
1375 4213 1458 4268 spem
1484 4198 1566 4271 regni
1591 4198 1771 4261 adolescere
1790 4217 1836 4260 ne

169 4291 264 4360 Pagus
286 4286 506 4345 bedefordensis
530 4286 663 4344 continet
687 4285 834 4343 abbatiam
859 4286 957 4344 Sancti
973 4309 998 4374 D
1012 4285 1109 4354 tuens,
1124 4282 1294 4354 aliquandiu
1309 4283 1386 4342 circa
1399 4301 1432 4343 se
1446 4286 1564 4345 habitos
1580 4288 1709 4349 tandem
1725 4293 1765 4350 ab
1778 4291 1837 4350 aula

132 4375 248 4434 Albani.
278 4375 306 4433 le
333 4392 389 4433 oon
420 4376 617 4434 mercenarios
646 4392 698 4433 nec
725 4375 818 4433 futilis
848 4380 958 4450 martyr
1012 4371 1176 4444 frequentia
1197 4371 1330 4442 removit,
1347 4375 1511 4431 contuitum
1527 4392 1616 4433 sunm
1633 4379 1681 4438 eis
1703 4382 1836 4440 invidens

133 4464 221 4523 habet
249 4464 416 4522 laudatores
445 4469 474 4522 et
502 4469 590 4523 testes
619 4466 750 4540 martyrii
785 4465 956 4539 precipuos,
1011 4463 1141 4521 Accessit
1150 4463 1235 4536 regias
1245 4462 1421 4537 malignitati
1430 4465 1721 4530 ministerfanestus
1731 4472 1836 4531 nomint

131 4555 239 4613 Bedam
249 4559 277 4611 et
288 4555 491 4625 Fortunatam,
503 4570 628 4628 quorum
645 4556 734 4628 copiae
745 4555 768 4613 si
784 4555 886 4612 vellem
902 4554 957 4611 ali·
1009 4554 1139 4623 Thunre,
1151 4555 1228 4626 quod
1244 4555 1405 4614 tonitruum
1421 4560 1517 4626 sonat,
1527 4559 1578 4630 qul
1594 4574 1647 4618 sos
1664 4562 1835 4636 quotidianis

133 4645 202 4720 quid
217 4643 353 4716 adjicere,
372 4643 427 4703 tale
441 4653 518 4703 esset
533 4644 604 4702 acsi
622 4661 757 4718 cuperem
773 4645 847 4702 marl
863 4661 955 4718 aquas
1010 4643 1147 4717 deceptos
1163 4644 1252 4700 basiis
1266 4643 1343 4701 later
1357 4646 1511 4717 amplexus
1526 4647 1609 4720 ipsos
1625 4653 1763 4725 pugione
1776 4667 1834 4709 con·

129 4733 293 4794 infundere.
303 4735 415 4807 Corpus
427 4734 747 4807 sanctissimum,qnod
762 4735 810 4791 din
827 4734 857 4791 in
873 4738 956 4792 terro
1010 4733 1099 4791 fodit:
1115 4732 1306 4806 interemptos
1328 4735 1422 4792 scrobl
1447 4737 1611 4808 profunde,
1626 4744 1669 4811 et,
1688 4746 1725 4798 ot
1745 4743 1835 4805 fartor,

131 4826 252 4900 pulvere
274 4823 416 4896 iacuerat,
439 4841 488 4881 rex
508 4822 571 4881 Offs
592 4824 622 4880 in
646 4824 754 4883 scrinio
782 4823 955 4881 collocatum
1010 4823 1066 4880 sub
1081 4821 1145 4894 ipso
1166 4822 1251 4880 sedili
1276 4822 1353 4897 regis
1377 4824 1533 4895 immersit,
1549 4841 1587 4883 ne
1609 4828 1779 4904 quicqum
1801 4827 1835 4885 ibi

130 4916 222 4975 erexit
233 4915 262 4971 in
273 4913 385 4987 lamen,
398 4912 522 4970 basilica
532 4912 720 4986 pulcherrimi
736 4912 843 4985 operis,
855 4918 882 4968 et
898 4929 956 4970 mo·
1010 4929 1117 4987 pueros
1131 4913 1300 4986 quarendos
1316 4917 1430 4984 putaret
1441 4931 1449 4982 ς
1460 4914 1527 4986 quis
1542 4913 1623 4971 enim
1638 4930 1696 4975 eos
1712 4919 1754 4976 ibi
1770 4934 1835 4993 qna·

130 5006 291 5062 nachorum
318 5001 528 5061 numerositate
549 4999 713 5059 honoravit.
729 5002 787 5059 Nec
806 5015 852 5057 res
866 5005 911 5058 est
925 5001 954 5057 in
1009 5000 1164 5058 reretfsed
1175 5000 1569 5075 divinasilleoculos,qaem
1580 5019 1696 5063 arcana
1710 5008 1835 5065 cordiam

130 5093 269 5166 ambiguo
284 5109 352 5150 cum
368 5090 517 5150 Bethania
538 5091 746 5150 consistentem
772 5089 954 5147 admonitum
1010 5104 1067 5147 non
1084 5090 1199 5159 fallunt,
1209 5089 1275 5146 tulit
1290 5092 1421 5148 insontes
1437 5091 1468 5149 in
1483 5091 1587 5159 lucem,
1601 5094 1720 5154 multas
1731 5097 1774 5155 ibi
1789 5095 1836 5153 lsr-

131 5181 256 5251 somnio,
270 5198 397 5255 cumque
418 5179 487 5238 illuc
510 5180 564 5238 iter
589 5183 696 5255 ageret,
717 5183 850 5252 essetque
864 5179 910 5234 vir
924 5179 954 5234 in
1009 5179 1087 5250 gilas
1102 5179 1260 5237 sanitatum
1277 5180 1388 5253 copias,
1400 5185 1538 5254 praterea
1553 5183 1683 5241 terribili
1700 5185 1835 5245 miraculo

131 5269 263 5343 proximo
278 5269 352 5328 lacis
366 5269 396 5327 in
414 5271 535 5329 modum
551 5269 679 5344 ingentis
692 5268 792 5327 laculo
807 5285 897 5342 sopra
911 5268 956 5325 lo·
1008 5283 1109 5340 regem
1133 5268 1274 5338 afficiens,
1291 5273 1324 5326 ut
1346 5284 1413 5326 enm
1437 5287 1525 5342 supra
1546 5272 1703 5332 sedentem
1728 5277 1836 5334 afflaret

131 5375 199 5418 cnm
223 5359 361 5431 sepulcri,
382 5368 409 5416 et
434 5364 522 5418 nocto
546 5363 574 5417 et
598 5359 726 5417 interdiu
751 5356 956 5416 descendentis
1007 5355 1188 5415 incendium.
1210 5357 1304 5415 Vicini
1327 5375 1394 5433 ergo
1419 5360 1569 5429 commoti,
1584 5362 1698 5422 rudera
1721 5366 1776 5423 illa
1797 5371 1835 5424 to-

129 5451 294 5510 animatum
310 5449 428 5507 indicio.
442 5451 473 5508 ld
488 5451 654 5509 coenohinm
670 5466 819 5525 nunquam
837 5448 955 5506 omnino
1008 5445 1168 5504 molinario
1193 5447 1302 5520 cespite
1327 5449 1497 5520 corporibus
1519 5449 1629 5522 injecta
1652 5453 1833 5523 effodientes,

129 5540 231 5603 ruinas
240 5538 345 5617 patuit,
356 5540 408 5598 sed
419 5544 520 5600 nostra
530 5544 614 5599 atate
624 5556 676 5617 per
686 5540 809 5600 Paulum
820 5538 955 5599 abbatem
1008 5536 1161 5597 basilicam
1177 5553 1278 5596 eoram
1294 5538 1435 5615 martyrio
1450 5553 1578 5613 posuere.
1594 5543 1662 5614 lpse
1677 5558 1731 5603 rex
1747 5545 1832 5620 puni·
