3750 6000
62 214 138 278 tter

95 351 210 408 Primus
235 350 276 408 ibi
298 349 497 408 wiltunensis
521 350 676 423 episcopus
707 349 760 406 init
786 346 885 404 Ethel·
900 346 927 415 A
942 362 1012 405 casu
1035 350 1167 422 proxime
1186 351 1304 410 obiisse.
1320 352 1352 408 Id
1369 367 1417 409 ren
1431 369 1483 425 pro
1499 353 1698 428 simplicitate,
1714 357 1762 413 cui
1846 400 1850 411 ,

58 445 171 510 stanna,
188 441 334 498 secundus
357 440 429 509 Ode,
445 448 542 514 postea
557 439 807 513 archiepiscopus,
823 441 881 493 ter·

57 531 117 587 tius
137 530 266 598 Osolius,
283 536 407 605 quartus
432 529 569 603 bigerus,
584 529 707 595 Quintus
731 528 880 584 Elatanus.

57 620 108 678 Hic
141 622 236 694 primo
267 621 432 679 monachus
460 619 559 676 Sancti
593 617 770 676 Ethelwoldi
804 617 883 690 apud

56 710 261 767 Abendcninm
277 711 342 779 tuit,
359 711 445 782 cnjus
459 708 629 767 obedientis
644 705 820 764 miraculum
836 722 882 762 ra-

57 799 133 858 lator
156 802 289 873 ejusdem
312 800 377 858 vitas
401 800 445 858 sic
468 799 612 857 insinuat.
628 798 696 855 Erat
711 799 740 855 in
766 811 885 869 congro·

57 889 174 963 gatiano
195 890 315 962 quidam
340 890 429 946 irater
453 888 591 946 illatenus
613 887 743 958 nornine,
759 885 884 959 simplex

59 983 88 1035 st
103 995 217 1052 magne
231 977 404 1039 obedientie
420 977 476 1049 vir,
492 992 578 1050 quem
594 976 685 1035 abbas
700 975 793 1049 jussit
807 991 884 1048 prs·

59 1067 157 1125 videre
167 1067 276 1125 cibaria
286 1067 433 1124 artificum
445 1066 613 1124 monasterii
625 1085 633 1136 ;
645 1065 690 1122 cui
704 1063 822 1122 servitio
833 1064 884 1120 de·

59 1157 212 1215 votissima
237 1172 268 1215 ss
293 1157 432 1226 subdens,
449 1156 525 1214 coxit
548 1156 609 1228 ipse
623 1171 727 1214 carnes
742 1153 884 1227 quotidie,

521 214 574 276 DE
595 212 735 277 GES'l'IS
757 210 913 277 Pontii.
956 212 1069 275 ANGL.
1094 244 1132 263 ··-
1155 212 1227 279 LlB.
1249 215 1288 278 ll.

1682 217 1762 283 tuss

937 438 1176 512 pronior,lquan1
1203 440 1366 515 prudentia
1395 457 1513 515 semper
1536 452 1607 512 erat,
1631 443 1762 519 legitima

938 529 1155 587 concedendum
1168 535 1261 600 ratus,
1271 531 1355 588 tertio
1365 530 1526 589 abhincdis
1536 532 1677 592 dissolvit.
1687 535 1760 594 Nam

937 624 1096 693 antequam
1111 622 1332 680 Hermannnsin
1351 639 1391 691 re,
1407 621 1449 679 vel
1466 625 1616 681 saisitione
1631 625 1761 685 invisca-

938 713 1026 780 retur,
1042 710 1210 769 excellentis
1231 712 1395 784 prudentiss
1410 712 1557 780 monachi,
1574 715 1672 771 audito
1689 714 1759 787 quid

938 797 969 854 in
984 798 1066 856 curia
1081 804 1191 866 actum,
1207 801 1277 872 quid
1288 801 1413 873 justitias
1432 804 1608 875 subreptum
1623 810 1708 871 esset,
1724 805 1760 860 ad

939 890 1074 946 comitem
1089 889 1263 948 Godwinum
1280 892 1403 965 ejusque
1424 892 1516 949 illium
1533 908 1648 949 summa
1663 892 1763 951 celeri·

938 980 997 1035 tate
1021 980 1211 1037 contendunt.
1228 979 1274 1038 Illi
1298 981 1339 1039 rei
1355 981 1477 1055 indigna
1496 981 1622 1039 novitate
1638 983 1762 1055 permoti

939 1083 1037 1142 regem
1060 1068 1179 1139 adeunt,
1196 1074 1225 1127 et
1248 1087 1266 1127 a
1288 1071 1434 1128 sententia
1456 1072 1615 1143 deducunt,
1631 1072 1715 1130 facile
1730 1072 1759 1129 id

938 1156 992 1213 init
1006 1157 1078 1216 viris
1092 1158 1217 1216 summis
1232 1160 1418 1234 amplissima
1431 1161 1602 1218 auctoritate
1616 1160 1757 1234 preditis,

61 1251 90 1303 et
104 1247 245 1319 operariis
259 1246 380 1308 sedulus
397 1245 577 1313 attendebat,
589 1260 697 1317 equam
713 1250 882 1316 apportans,

59 1341 88 1392 et
110 1353 181 1393 vasa
205 1336 301 1393 denno
316 1337 483 1393 emundans
499 1353 506 1391 :
523 1334 709 1392 existimante
728 1332 833 1389 abbata
847 1331 884 1388 il-

937 1246 1046 1319 quibns
1060 1252 1089 1305 et
1100 1264 1196 1306 causas
1213 1248 1356 1307 rectitudo
1380 1253 1409 1306 et
1424 1248 1499 1323 regis
1514 1250 1638 1307 facilitas
1653 1251 1758 1308 sudre-

937 1339 1066 1408 geretnr.
1090 1339 1132 1394 tta
1166 1338 1338 1405 Hermanno,
1368 1339 1493 1395 necdum
1516 1337 1600 1411 plane
1628 1338 1759 1397 initiatus

59 1425 198 1496 lum,hcc
209 1442 277 1482 cum
296 1424 400 1482 solatio
415 1423 605 1496 etjuvamine
619 1421 740 1480 alterius
754 1421 884 1478 ministri
938 1422 1080 1496 expulsus
1094 1429 1147 1483 est.
1165 1425 1226 1491 Ouo
1242 1426 1352 1499 pudore
1367 1426 1507 1485 contusus
1527 1426 1665 1500 Angliam
1682 1427 1759 1485 indi·
1839 1476 1842 1487 .

59 1515 163 1572 lacere.
179 1514 292 1572 Accidit
317 1529 444 1586 numque
472 1514 600 1586 quadam
629 1510 687 1578 die,
708 1526 774 1567 cum
790 1510 883 1569 abbas
936 1512 1116 1584 gnabundus
1132 1513 1260 1587 reliquit.
1273 1515 1331 1572 Nec
1345 1517 1512 1590 multopost
1522 1517 1695 1590 aegritudine
1710 1517 1760 1575 ad·

58 1619 138 1660 more
153 1603 240 1661 solito
251 1607 419 1675 peragraret
429 1599 882 1671 monasterium,otlenditinopi·
937 1607 1073 1660 monente
1088 1603 1186 1673 simul,
1202 1611 1231 1662 et
1255 1606 1332 1677 quod
1349 1605 1500 1663 saecularia
1514 1622 1616 1679 parum
1634 1622 1759 1680 prospe-

58 1692 248 1749 nateiratrem
261 1691 344 1748 illum
352 1692 598 1763 junlalerventem
610 1689 734 1746 lebetem
746 1693 881 1759 stantem,
897 1673 921 1740 Β
938 1697 1083 1763 neverant,
1093 1693 1212 1751 fortune
1225 1695 1315 1752 iratus
1336 1695 1445 1752 mundo
1456 1695 1645 1767 renuntiavit,
1657 1711 1760 1754 mona·

57 1781 188 1853 viditque
204 1781 304 1837 omnia
318 1781 512 1839 vasamunda
526 1785 555 1838 et
570 1779 768 1854 pavaentum
784 1793 886 1849 scopa·
939 1781 1012 1838 chus
1027 1782 1104 1855 apud
1121 1783 1258 1841 Sanctum
1270 1783 1417 1841 Bertinum
1430 1785 1533 1842 iactus.
1547 1786 1600 1842 Sed
1614 1792 1645 1841 nt
1659 1785 1762 1842 leretit
1859 1778 1864 1791 '

59 1876 135 1927 tum.
153 1870 319 1929 Delectatus
343 1889 410 1946 ergo
432 1872 516 1941 lacto,
532 1871 605 1928 dixit
626 1872 661 1927 ad
678 1887 745 1928 eum
761 1887 767 1925 :
783 1869 885 1926 Frater
939 1870 1047 1927 talibus
1063 1872 1273 1944 repentinoillo
1285 1873 1397 1946 impetu
1414 1872 1563 1946 religionis
1578 1875 1760 1947 frigescente,

58 1960 186 2027 Elotana,
202 1961 278 2018 hanc
294 1961 489 2019 obedientiam
505 1960 577 2017 mihi
594 1960 709 2017 iuratus
723 1974 774 2029 es;
791 1958 843 2015 sed
859 1956 885 2014 si
938 1960 968 2016 in
993 1960 1250 2036 diesindngliam
1267 1962 1393 2019 reditum
1422 1962 1628 2020 meditabatur.
1643 1965 1763 2037 Pigebat

59 2051 127 2110 talis
152 2051 236 2110 miles
257 2069 298 2122 es,
314 2052 431 2126 qualem
457 2058 485 2108 te
509 2051 649 2119 ostendis,
667 2051 749 2107 mitto
764 2064 884 2106 manum
940 2050 1088 2109 hominem
1103 2038 1251 2110 assueium
1267 2050 1427 2124 obsequiis,
1443 2051 1619 2109 innutritum
1637 2052 1760 2123 deliciis,

61 2146 143 2197 tuam
153 2140 182 2196 in
193 2140 364 2198 bullientem
378 2155 485 2212 aquam
496 2143 525 2195 et
535 2139 661 2195 inustum
676 2140 711 2195 de
726 2137 795 2194 imis
812 2135 884 2192 mihi
939 2156 1035 2198 carere
1047 2140 1330 2213 delinimentis,quae
1341 2139 1378 2196 ab
1388 2140 1506 2198 ineunte
1522 2141 1614 2198 iuerat
1624 2145 1760 2213 expertus

59 2229 185 2302 impiger
199 2230 322 2286 attrahe.
342 2229 438 2285 Paruit
452 2228 511 2299 ille,
527 2229 674 2300 cessitque
688 2227 783 2284 larvor
797 2225 884 2282 indo·
938 2234 1031 2299 etate,
1048 2230 1256 2303 afflaveratque
1279 2229 1427 2286 secundus
1450 2245 1551 2286 rumor
1570 2246 1655 2287 aures
1682 2231 1758 2303 elus,
1857 2238 1859 2243 ’

61 2320 151 2375 mitus
166 2318 271 2376 audaci
290 2318 369 2386 ildei,
388 2316 522 2390 nihilque
541 2320 586 2373 est
607 2315 694 2373 laesus
710 2314 883 2372 monachus.
937 2318 1106 2376 Alwoldum
1139 2318 1311 2392 episcopum
1334 2317 1615 2375 Schireburnensem
1642 2319 1761 2392 obiisse,

60 2409 323 2465 ilcmdemiratrem
336 2410 435 2478 postea
443 2406 577 2463 abbatem
588 2405 725 2476 vidimus,
738 2403 789 2476 qni
805 2402 885 2459 etism
938 2409 1022 2480 cujus
1038 2408 1237 2482 episcopatum
1249 2425 1303 2465 suo
1315 2407 1477 2465 uniendum
1487 2408 1615 2480 antiquis
1630 2409 1761 2482 lddgithae
1845 2444 1848 2449 ι

60 2497 166 2553 deinde
189 2495 350 2569 pontificali
377 2494 487 2553 honore
502 2495 681 2552 sublimatus
701 2496 804 2550 sancto
825 2492 884 2548 line
937 2497 1041 2569 regina
1058 2496 1212 2568 promissis
1227 2497 1443 2570 opperiebatur.
1457 2498 1519 2563 Ouo
1534 2497 1705 2555 concitatior
1715 2513 1763 2555 va·
1799 2522 1807 2531 “

60 2587 170 2660 quievit
185 2589 214 2642 in
230 2585 362 2643 Domino.
938 2584 1022 2641 niens
1036 2600 1198 2658 congruum
1210 2584 1271 2658 spei
1292 2601 1351 2642 sue
1367 2585 1501 2641 edoctum
1516 2584 1636 2641 invenit.
1652 2585 1760 2657 Etiam

95 2676 348 2747 SertnsQStrioius.
368 2675 514 2749 Septimus
528 2673 665 2743 illiricus,
681 2672 730 2745 qui
741 2671 827 2728 ambo
838 2671 884 2743 (ut
937 2673 1111 2742 Godwinus,
1127 2689 1213 2745 quem
1232 2673 1418 2731 vehementer
1432 2673 1563 2744 timebat,
1574 2674 1760 2744 discesserat,

60 2767 197 2837 superins
213 2769 408 2822 memoratum
422 2766 474 2837 est)
490 2762 699 2836 archiepiscopi
717 2762 796 2818 luere
810 2761 883 2817 Can·
936 2762 1074 2835 illiusque
1088 2765 1151 2836 ejus
1165 2762 1308 2820 voluntati
1323 2763 1401 2835 regis
1424 2768 1454 2820 et
1477 2763 1506 2819 in
1530 2763 1585 2820 hoc
1599 2768 1628 2820 ct
1647 2764 1676 2820 in
1693 2763 1758 2821 eliis

61 2855 235 2913 tuarienses.
251 2855 374 2912 Octavus
385 2853 596 2921 Britbwoldus,
612 2868 646 2909 ex
662 2849 803 2908 monacho
818 2848 884 2907 Gla·
937 2857 1110 2920 accesserat,
1127 2853 1277 2926 adoptioni
1292 2853 1403 2910 scilicet
1418 2851 1546 2910 inhiens.

61 2945 211 3018 stoniensi,
229 2945 276 3017 qui
293 2944 395 3001 multis
416 2943 502 3000 anuis
517 2946 678 3013 atempore
693 2939 771 3013 regis
787 2936 882 2995 Ethel-
974 2943 1167 3017 Accepitergo
1176 2943 1356 3002 ilcrmannus
1364 2941 1641 3000 schireburnensem
1650 2944 1762 3015 episeo·
1820 2946 1825 2951 '

62 3034 123 3091 redi
148 3051 242 3107 usqne
257 3034 292 3090 ad
309 3033 487 3090 iidwardum
503 3031 650 3095 ultimum,
670 3027 886 3086 administravit
940 3036 1041 3104 palum
1066 3033 1224 3106 integrum,
1240 3049 1307 3091 cum
1329 3032 1423 3090 tribus
1438 3032 1520 3106 pagis
1535 3033 1680 3091 Edwards
1696 3048 1762 3107 rege

64 3116 887 3196 episcopatum.tstemporeregisdnctonisqundsmvics
941 3122 1039 3189 dante,
1055 3120 1266 3195 vivacitateque
1290 3138 1341 3179 sua
1373 3121 1481 3179 datoris
1501 3139 1594 3178 annes
1609 3127 1763 3180 transcen-

63 3213 231 3271 coelestibus
245 3215 322 3285 apud
342 3211 533 3278 Glastoniam,
555 3217 585 3265 ut
600 3224 675 3281 sepe
689 3207 825 3272 iaciebat,
841 3205 885 3261 in·
941 3210 1014 3266 dens
1029 3209 1067 3267 ad
1083 3210 1230 3268 Willielmi
1255 3215 1387 3282 tempora
1401 3210 1524 3267 duravit.
1542 3211 1601 3267 Sub
1622 3227 1680 3282 quo
1696 3227 1761 3268 curn

65 3306 164 3358 tentos
188 3302 330 3370 excubiis,
345 3300 473 3357 divinam
497 3298 640 3355 visionem
666 3301 801 3370 expertus
830 3298 885 3351 est.
940 3317 972 3358 οι
993 3317 1139 3358 canonum
1167 3302 1281 3359 decreto
1304 3301 1433 3358 edictum
1452 3301 1673 3357 essetutsedes
1700 3301 1764 3374 epp.
1823 3298 1826 3302 ’

65 3391 138 3447 Cum
153 3390 230 3446 enim
251 3389 379 3446 subisset
393 3405 459 3445 eum
475 3387 625 3461 cogitatio,
640 3403 704 3458 quse
720 3387 887 3458 frequenter
940 3407 1108 3464 scopornm,
1124 3407 1158 3448 ex
1173 3389 1249 3447 villis
1271 3391 1308 3448 ad
1337 3392 1425 3448 urbes
1444 3390 1611 3462 migrarent,
1632 3389 1763 3448 tribunal

66 3493 133 3535 enm
160 3480 296 3552 angebat,
312 3480 346 3534 de
368 3478 525 3550 inglorum
542 3478 620 3546 regia
644 3475 733 3548 stirpe
748 3490 822 3548 pene
838 3476 886 3532 dc-
940 3494 1026 3536 suum
1042 3480 1223 3536 transtulita
1244 3480 1452 3538 schireburnia
1467 3479 1671 3549 Salesberiam,
1686 3481 1762 3551 quod

65 3567 203 3632 letabor
227 3567 381 3624 meditanti
412 3582 497 3638 sopor
525 3565 644 3638 irrepsit
664 3564 887 3621 etacceinsu·
941 3572 987 3624 est
1001 3567 1062 3624 vies
1077 3568 1202 3626 civitatis
1216 3569 1371 3627 castellum
1387 3569 1512 3628 locatum
1528 3569 1558 3624 in
1573 3569 1662 3637 edito,
1678 3585 1762 3628 mure
1838 3590 1844 3607 ¹

65 3673 153 3728 perna
173 3661 284 3729 raptus,
298 3657 370 3713 vidit
384 3654 583 3728 apostolorum
597 3653 757 3727 principem
767 3652 885 3709 Petrum
940 3655 1386 3729 vallatumnoneniguo,coeteris
1396 3657 1764 3729 commeatibusutcunque

64 3762 152 3803 manu
170 3750 313 3803 tenentem
330 3745 510 3802 lidwardum
526 3743 620 3799 lilium
636 3743 713 3815 regis
730 3740 885 3809 llthelrcdl,

62 3836 113 3908 qui
128 3840 198 3893 tunc
212 3835 241 3892 in
257 3835 438 3893 Narmannie
453 3833 605 3891 exsulabat
619 3840 647 3889 et
662 3832 692 3887 in
708 3846 804 3902 regem
818 3845 887 3887 con·

61 3940 175 3982 secraro
198 3924 297 3982 calibe
322 3924 472 3996 designata
486 3922 545 3981 vita
559 3926 588 3979 ct
602 3925 680 3979 certo
707 3936 773 3976 xxiv
792 3936 886 3977 anno-

61 4031 124 4070 rum
139 4031 259 4072 numero
277 4019 457 4088 computato,
470 4029 527 4084 quo
539 4014 619 4083 regni
631 4014 738 4067 metam
749 4010 886 4067 termina·

61 4109 122 4160 ret:
139 4105 293 4176 eidemque
310 4105 345 4160 de
361 4102 527 4176 posteritate
551 4099 742 4173 conquerenti
767 4115 886 4169 respon·

940 3743 1052 3815 valens,
1068 3762 1149 3818 nque
1165 3746 1288 3818 penuria
1302 3745 1451 3816 laborans,
1467 3746 1538 3802 adea
1555 3750 1588 3801 ut
1604 3744 1761 3803 miserabili

940 3833 1242 3906 commercieihiaqna
1251 3839 1370 3891 vaeneat.
1381 3833 1657 3891 lllicinchcatanovi
1666 3832 1762 3907 operis

939 3923 1071 3994 ecclesia,
1081 3928 1175 3980 morte
1185 3922 1271 3981 senili
1281 3928 1398 3996 tempus
1409 3924 1603 3981 dedicationis
1613 3923 1761 3996 prevenit.
1861 3932 1864 3937 '

976 4014 1180 4071 Verumtamen
1197 4014 1372 4071 succedente
1387 4013 1443 4071 sibi
1460 4014 1612 4070 Osmundo
1622 4013 1683 4070 viro
1694 4029 1763 4085 pre-
1871 4078 1873 4083 .

939 4102 1094 4161 batlssimo
1119 4102 1242 4160 ecclesia
1262 4119 1410 4160 summam
1439 4102 1564 4160 deducta
1591 4109 1620 4159 et
1647 4108 1762 4172 cetera,
1865 4134 1869 4141 ·

61 4193 300 4267 dissstltegnum
312 4192 471 4265 Anglorum
483 4195 526 4246 est
538 4189 598 4256 Dei,
611 4192 713 4261 postte
725 4187 887 4261 providebit
940 4194 1376 4268 quacompetebant,edaucts.
1399 4193 1762 4266 Clericiundecnnquelit·
1853 4236 1857 4245 .

62 4299 160 4355 regem
177 4283 211 4338 ad
227 4282 367 4356 placitum
386 4281 442 4338 sui.
454 4287 581 4337 Decumo
596 4278 662 4334 vitae
677 4277 771 4350 spatio
786 4275 882 4348 sepul·
938 4284 1009 4340 teris
1020 4283 1150 4354 insignes
1165 4285 1316 4341 venientes
1332 4301 1389 4340 non
1406 4285 1501 4340 solum
1513 4283 1637 4339 libenter
1647 4283 1761 4353 retenti,

64 4371 563 4437 luseslBrithwoldttsGlesloniae,
579 4370 664 4441 cujus
685 4367 885 4439 possessiones
940 4372 1034 4429 sedet
1058 4372 1216 4429 liberaliter
1241 4372 1334 4429 annoti
1363 4377 1394 4429 ut
1416 4377 1611 4429 remanerent.
1633 4372 1762 4446 Denique

66 4460 167 4516 multis
193 4459 309 4533 proediis
334 4463 362 4516 et
384 4459 548 4515 redditibus
571 4458 771 4530 ampliaverat,
787 4460 884 4513 nostro
940 4461 1084 4519 emicabat
1097 4462 1138 4519 ibi
1154 4463 1247 4535 magis
1263 4479 1352 4536 quam
1368 4461 1440 4518 alias
1455 4463 1664 4519 canonicorum
1678 4463 1762 4521 clari·

65 4564 181 4620 quoque
197 4548 373 4604 monasterie
385 4545 803 4618 partiboratta.ttegnabatjam
815 4548 887 4602 tunc
941 4554 985 4606 tas
994 4548 1129 4606 cantibus
1139 4552 1168 4605 et
1177 4549 1341 4608 litteratura
1349 4550 1432 4621 juxta
1443 4548 1604 4605 nobilium:
1620 4548 1760 4606 librorum

63 4637 236 4705 Edwardns‚
252 4638 303 4708 qui
330 4641 494 4692 Hermanno
519 4633 669 4706 capellano
685 4650 750 4704 suo,
768 4634 887 4692 natione
941 4639 1024 4709 copis
1041 4636 1217 4710 conquisita,
1233 4655 1301 4695 cum
1317 4640 1469 4711 episcopus
1481 4639 1544 4710 ipse
1559 4654 1610 4694 nec
1625 4639 1762 4707 scribere,
1854 4648 1857 4653 '

62 4726 243 4795 l'lendrensi,
254 4727 394 4782 continno
404 4726 606 4798 pontilicetum
618 4725 788 4780 donandum
803 4729 886 4796 puts·
941 4741 995 4783 nse
1006 4726 1130 4799 scriptos
1140 4726 1228 4800 ligare
1241 4728 1394 4795 fastidiret,
1407 4727 1539 4784 castitate
1550 4727 1763 4799 preeminens3

63 4818 112 4874 vit.
128 4817 198 4889 Ejus
214 4816 306 4873 animi
328 4814 535 4886 magnitudini,
551 4816 596 4870 vel
612 4813 710 4886 potius
733 4813 887 4884 cupiditati
941 4819 976 4873 de
996 4816 1079 4887 cujus
1093 4816 1199 4871 virtuts
1214 4816 1330 4872 mentiri
1351 4816 1533 4872 erubesceret
1551 4816 1634 4870 lama
1650 4813 1764 4872 volubi-

62 4925 128 4966 oum
143 4924 200 4963 non
217 4904 367 4963 sufficeret
382 4920 478 4960 rerum
495 4903 640 4976 angustie,
654 4903 795 4974 qnoniam
811 4901 886 4973 apud
942 4904 1018 4972 litas,
1034 4906 1110 4963 unde
1121 4903 1618 4977 fiebat,utpoenitsntihusasperior
1629 4920 1711 4976 equo
1722 4903 1764 4959 vi-

62 4999 282 5056 Ramesheriam
297 5012 350 5053 nec
372 4996 544 5053 clericorum
569 4998 742 5059 conventus,
758 5009 811 5049 nec
831 5008 888 5064 quo
942 4991 1764 5067 deretur,dutnquodinsenoninveniret,inaliisdurius

63 5091 273 5144 sustentaretur
289 5089 360 5154 erat,
375 5102 392 5141 a
407 5100 473 5157 rege
488 5084 578 5156 petiit,
589 5085 621 5138 ut
636 5082 687 5154 qui
703 5098 734 5138 sa
749 5083 889 5154 dignatus
942 5083 1115 5139 vindicaret:
1127 5083 1295 5141 ambitionis
1310 5082 1449 5140 immunis
1464 5099 1518 5138 sua
1533 5082 1620 5139 stulte
1631 5099 1689 5139 non
1699 5097 1764 5155 per-

65 5175 296 5246 honorcinissst,
308 5171 887 5242 noninhonorumvictitarepermitteret.
942 5171 1020 5239 dere,
1036 5170 1132 5228 aliena
1153 5188 1210 5227 non
1226 5188 1363 5243 querare,
1379 5172 1513 5228 abbatias
1528 5170 1605 5229 intra
1624 5172 1763 5230 dioecesin

64 5264 271 5320 Antecessones
286 5280 355 5321 snos
369 5263 524 5335 indigenas
540 5262 642 5330 inisse,
653 5276 685 5317 ae
695 5260 888 5333 alienigenam
942 5276 1025 5316 suam
1042 5259 1205 5316 sitasnnlla
1216 5261 1354 5333 pensione
1364 5262 1443 5331 gravi
1458 5275 1625 5334 emungere.
1639 5261 1763 5319 Verum·

64 5354 144 5411 nollo
172 5358 326 5426 parentum
354 5354 524 5426 compendio
554 5352 644 5409 vitam
664 5368 721 5424 quo
747 5354 889 5408 sustentet
941 5355 1037 5407 tamen
1054 5349 1558 5422 quaqusmundialilabecantracta
1574 5352 1764 5424 crediturpa-

64 5443 179 5500 habere.
196 5442 321 5501 Proinde
332 5442 520 5501 Meldnncnsa
534 5444 699 5501 coenohium
716 5443 772 5500 sihi
787 5444 823 5499 ad
840 5442 887 5498 ia·
943 5439 1043 5497 tientia
1057 5454 1111 5496 sua
1124 5438 1226 5510 luisse,
1242 5439 1378 5498 diuturno
1395 5442 1496 5499 morbo
1512 5444 1749 5500 antemortemta

63 5534 198 5592 ciendam
207 5531 308 5591 sedem
320 5533 501 5603 concederet,
511 5532 644 5592 abbatem
656 5537 819 5607 opportuno
830 5530 888 5589 sihi
941 5529 1084 5587 helectus.
