3772 6006
145 198 223 261 rara
583 192 784 256 wnauanr
805 189 1177 257 narnussuamnsn
1199 190 1387 255 nonaum.
1776 197 1845 261 aus
1872 174 1877 191 '

141 332 237 405 primo
252 329 327 386 libro
343 328 493 384 Gestorum
510 325 662 398 regalium,
679 339 731 397 per
743 321 855 379 Kennlii
871 326 968 380 osten·
983 332 1009 395 Α
1024 323 1079 382 etsi
1094 336 1246 396 perperam
1264 330 1337 391 acta,
1351 338 1487 380 enervare
1497 323 1642 383 illasedes
1656 342 1718 384 non
1733 330 1847 388 omnino

141 421 238 477 dimus
253 417 405 491 epistolam
416 434 424 485 ;
436 415 506 487 quia
517 413 672 472 scilicetad
684 413 712 468 id
724 417 841 485 tompus
852 413 969 469 alterius
1021 412 1121 470 voluit.
1139 413 1210 469 Nam
1225 416 1253 469 at
1268 412 1401 486 epistola,
1417 429 1505 484 quam
1529 413 1607 472 idem
1634 416 1753 489 Agatho
1768 423 1845 476 sexte

143 512 274 568 obscurae
288 508 369 564 urbis
385 505 488 562 notitia
503 505 647 562 Romanos
662 519 720 561 oon
735 503 892 575 attigisset.
912 501 969 559 vs-
1022 502 1130 575 syuodo
1147 502 1223 575 apud
1240 501 1522 575 Constantinopolim
1536 510 1724 578 congregatas
1739 507 1844 579 direxit,

142 605 307 656 rumtamen
331 598 399 668 quia
422 595 538 668 primus
567 596 668 653 doctor
698 590 855 652 sedulitate
878 591 966 666 regis,
1021 588 1112 665 buius
1127 588 1272 648 sermonis
1284 591 1451 651 testimonio
1465 591 1585 663 assistit,
1596 599 1627 650 et
1641 611 1760 652 mecum
1776 598 1844 667 iacit

142 688 279 760 hospitis,
295 695 323 742 et
338 686 442 742 civium
458 682 600 743 charitate
614 685 727 754 ceptus,
743 679 905 739 Cantuaris
920 679 966 737 ln·
1021 681 1051 740 io
1067 684 1211 757 quainter
1224 687 1329 742 cetera
1343 682 1434 743 dicit:
1452 707 1466 736 κ
1481 686 1682 761 sperabamus
1698 688 1802 747 deinde
1814 691 1843 747 de

142 770 966 844 colatumvivensthronosnnisquindecimiotssdeoiml,
1021 772 1173 831 Britannia
1186 772 1368 831 Theodorum
1379 773 1579 832 confamulum
1596 784 1686 849 atque
1702 778 1841 851 coepisco·

143 867 377 937 etmortnnspt.
395 865 426 920 D.
455 861 646 934 613itumulo
667 861 748 928 tovit,
765 859 863 916 omnis
880 874 913 915 ao
937 858 966 914 in
1021 879 1092 936 pum
1109 867 1382 936 nostrum,megnae
1406 864 1510 921 insulae
1532 865 1693 922 Britannia
1710 867 1843 941 archiepi-

143 960 292 1027 peaternm
314 955 408 1010 honor
440 952 606 1009 translatus.
635 951 704 1022 Ejus
731 948 836 1007 marita
863 947 966 1022 quanti
1021 951 1843 1026 scopumetpbilosoplrum,oumaliisquiibidembsote

142 1047 217 1118 apud
233 1045 390 1102 Dominum
403 1047 572 1114 pensentur,
589 1041 883 1113 sigoepreeoonaniur
897 1037 969 1093 illu·
1021 1059 1077 1100 nus
1102 1045 1302 1109 demorantur,
1316 1042 1419 1098 exinde
1444 1044 1479 1099 ad
1494 1043 1699 1101 humilitatem
1726 1054 1840 1104 nostram

143 1137 224 1199 stria,
236 1151 300 1206 qum
315 1133 363 1189 ille
378 1149 436 1189 non
453 1130 563 1187 lastidit
582 1135 625 1187 tot
638 1130 736 1185 adbuc
751 1127 897 1186 inculcare
912 1143 967 1182 sm·
1021 1133 1245 1205 conjungerent
1256 1131 1310 1188 hee
1325 1148 1415 1188 causa
1428 1132 1580 1205 bucusque
1590 1135 1754 1191 consilium
1766 1136 1843 1192 disin·

146 1223 219 1280 culis
236 1243 243 1291 ς
260 1221 391 1281 Cantiam
414 1237 511 1291 suam,
526 1219 586 1277 imo
607 1224 697 1275 totam
722 1216 855 1290 angliam
877 1216 907 1273 in
922 1214 968 1272 sui
1020 1218 1121 1279 limus.
1138 1241 1152 1270 n
1167 1219 1256 1276 Vides
1272 1219 1373 1291 quanti
1386 1237 1450 1277 eum
1461 1221 1568 1292 lecerit,
1580 1224 1694 1295 atejus
1710 1230 1844 1298 exspecta·

144 1312 331 1370 veneratione
342 1315 506 1383 torpescere
521 1326 578 1365 nen
595 1306 705 1365 sinens.
1022 1308 1101 1365 tione
1116 1307 1279 1364 universale
1294 1307 1448 1364 concilium
1465 1308 1603 1366 differret.

180 1402 253 1457 Huic
269 1401 407 1457 successit
423 1400 596 1454 Laurentius
616 1399 701 1453 annis
718 1397 868 1469 quinque;
883 1396 967 1466 cajus
1058 1394 1845 1457 llisuccessitBeretualdnsannisaxxv11.lluicTatwi·

142 1494 264 1549 virtutes
292 1496 321 1546 et
342 1495 511 1545 ceterorum
537 1488 583 1559 (da
608 1487 714 1559 quibus
738 1486 813 1542 Beda
835 1501 965 1552 narrans,
1022 1501 1086 1540 nus.
1112 1488 1219 1540 Horum
1236 1484 1280 1554 (ut
1304 1484 1690 1559 dicorecoepersm)etnon
1717 1491 1812 1546 minus
1823 1492 1844 1547 S.

143 1583 266 1640 brevitor
282 1579 452 1655 perstringit
466 1577 575 1647 omnia,
595 1577 673 1632 taedii
693 1574 806 1632 scilicet
828 1574 967 1631 offensam
1023 1573 1151 1645 letardi,
1165 1589 1251 1645 quem
1267 1590 1334 1631 cum
1349 1575 1450 1648 regina
1462 1575 1548 1633 Bsrta
1561 1578 1682 1636 venisse
1697 1579 1846 1652 antiquius

143 1672 265 1744 veritus)
283 1689 290 1728 :
307 1671 410 1727 borum
435 1685 504 1741 ergo
532 1667 665 1736 virtutes,
681 1669 824 1738 quantum
839 1644 1105 1730 veterumllserit,
1120 1661 1263 1720 miracula
1290 1664 1458 1735 supralatus
1487 1670 1588 1723 auctor
1615 1667 1676 1739 (le
1708 1669 1846 1740 praedicat,

145 1760 286 1818 relatione
301 1759 451 1815 addiscere
466 1755 570 1828 potuit,
585 1755 758 1812 Gosoelinus
776 1754 838 1825 (53)
851 1753 973 1825 quidam
1029 1752 1113 1823 signa
1128 1752 1234 1809 exaltat
1251 1769 1258 1809 :
1275 1753 1431 1809 letardum
1448 1762 1508 1810 tum
1520 1754 1550 1810 in
1565 1757 1683 1814 certeris
1698 1761 1847 1832 potentem,

146 1851 194 1921 (da
210 1867 268 1922 quo
282 1847 355 1904 alias
369 1847 449 1919 dixi),
462 1845 580 1918 scripsit
595 1845 683 1901 miras
699 1860 820 1916 prorsus
835 1849 863 1898 et
874 1841 973 1915 pradi-
1028 1845 1090 1898 tum
1106 1842 1136 1898 in
1152 1841 1256 1913 pluvie
1279 1841 1417 1912 petitione
1437 1843 1564 1901 velocem
1580 1860 1639 1901 uon
1661 1846 1772 1905 multis
1783 1854 1849 1906 retro

147 1940 267 2005 candae,
291 1937 443 2009 adJiciens,
461 1952 534 2007 quas
556 1934 671 1992 oculata
698 1933 754 1990 lide
778 1936 970 2005 perspexerat,
1027 1929 1850 2005 annisjucundumexhibuissespeotaoulum3onmeuis

146 2044 245 2085 novas.
263 2027 369 2083 Eorum
385 2026 446 2082 baec
461 2029 531 2081 sunt
545 2024 685 2081 nomina:
1026 2020 1122 2076 media
1136 2025 1236 2076 astate
1250 2036 1388 2078 canorum
1404 2021 1447 2078 sol
1458 2023 1595 2094 inureret,
1607 2041 1679 2081 arva
1689 2026 1850 2098 squalerent

181 2111 970 2184 Mellitos,annisitemquiuquc.lustus‚annistribus.
1026 2109 1154 2183 pulvere,
1171 2114 1200 2166 et
1215 2111 1315 2168 furens
1329 2111 1421 2168 Sirius
1444 2112 1576 2169 sitientes
1597 2115 1746 2173 scriberet
1761 2133 1847 2191 agros,

145 2206 302 2272 Honorius,
319 2204 422 2275 viginti
446 2219 508 2262 sss.
525 2203 694 2270 benededit,
710 2204 820 2259 decem.
839 2201 972 2257 'lbeodo-
1025 2200 1132 2256 elatum
1144 2201 1179 2257 ad
1195 2202 1410 2273 processionem
1423 2202 1514 2259 sancti
1530 2219 1638 2276 corpus
1650 2207 1794 2264 tarditate
1807 2206 1849 2263 mi·

147 2312 210 2364 rus,
225 2293 329 2367 viginti
344 2294 427 2351 duos.
1025 2291 1117 2348 raculi
1127 2289 1304 2348 desiderium
1315 2293 1545 2365 exspectantium
1557 2293 1706 2366 irritasse;
1718 2300 1786 2353 tum
1795 2303 1849 2370 pest

181 2389 254 2443 Eum
266 2384 302 2440 ab
312 2382 470 2456 apostolica
479 2381 782 2448 sedemissum,Beda
792 2394 972 2438 commemo·
1025 2381 1149 2439 reditum
1172 2385 1320 2438 cantorem
1341 2382 1554 2439 stomachatum
1573 2383 1690 2455 ingenti
1714 2384 1849 2443 clamasse

145 2483 188 2534 rat
202 2477 328 2549 primum
344 2475 475 2532 omniurn
487 2473 650 2530 antistitum
667 2472 827 2529 cantuaria
842 2472 971 2543 algorem
1028 2470 1109 2528 hiatu
1128 2486 1135 2526 t
1150 2471 1253 2527 Nonne
1267 2471 1468 2543 ridesquanta
1482 2472 1521 2527 sit
1535 2470 1651 2530 siccitas
1663 2477 1692 2531 et
1705 2473 1847 2532 tribulatio

146 2565 339 2638 pontificalem
355 2565 384 2620 in
400 2569 461 2620 tota
475 2563 628 2619 Britannia
642 2562 806 2619 exercuisse
822 2576 829 2628 ;
846 2560 972 2632 deniqne
1026 2560 1056 2616 in
1084 2566 1145 2617 toto
1173 2561 1295 2630 mando,
1306 2568 1333 2616 st
1348 2566 1380 2616 tu
1395 2560 1577 2634 negligenter
1593 2562 1682 2634 agis?
1699 2563 1760 2620 hoo
1774 2564 1847 2637 qussi

146 2660 175 2711 et
190 2656 262 2711 eitra
276 2659 305 2710 et
317 2653 393 2709 ultre
404 2653 562 2709 llumbram
574 2652 727 2723 episcopos
738 2651 792 2706 bos
803 2667 855 2722 pro
866 2649 972 2722 placito
1027 2640 1100 2706 leste
1115 2650 1243 2706 conuicio
1259 2655 1393 2705 sanctum
1406 2654 1534 2706 notatum
1550 2651 1642 2709 multo
1658 2652 1801 2710 imbeiam
1814 2653 1846 2709 di·

146 2743 287 2814 abegisse,
310 2741 363 2798 hos
388 2740 542 2812 posuisse;
559 2741 588 2796 in
611 2740 676 2812 ipsa
699 2739 825 2795 Eboraco
847 2739 971 2794 aliarum
1025 2739 1103 2795 luvio
1118 2738 1349 2796 desiderantium
1359 2740 1526 2796 aviditatem
1544 2741 1701 2813 plusquam
1719 2746 1845 2800 satiasse

146 2832 262 2887 urbium
279 2831 419 2902 presules
432 2845 630 2897 consecrasse,
645 2834 683 2895 st,
700 2833 745 2896 (ut
759 2829 788 2883 in
804 2828 870 2883 Vita
894 2826 971 2882 beati
1027 2831 1239 2886 Commemorat
1253 2827 1321 2884 inde
1334 2829 1438 2885 seriem
1455 2846 1549 2901 regum
1565 2846 1633 2886 cum
1650 2832 1722 2889 totis
1733 2832 1849 2889 necessi·

145 2915 969 2992 Willridilegitur)ejusdemcivitatispontillocs,Ceddam
987 2913 1008 2980 G
1027 2919 1179 2976 iudicibus
1194 2918 1847 2992 inaugustinianaccclesiareqniescenticm;

147 3015 177 3068 et
191 3012 287 3081 ipsum
303 3008 486 3076 Willridum,
503 3022 553 3064 seu
571 3008 753 3076 ratione,seu
768 3008 795 3062 vi
810 3005 968 3078 expulisse.
1024 3023 1099 3079 quos
1114 3005 1163 3062 ille
1180 3024 1237 3063 non
1261 3007 1406 3064 immerito
1421 3006 1575 3064 luminaria
1590 3012 1849 3084 cesaraugusta

147 3098 201 3156 Ubi
217 3099 308 3154 videri
323 3105 352 3155 at
369 3097 461 3154 doleri
489 3101 585 3169 potest-
600 3099 729 3152 hnmana
748 3095 873 3166 miseria,
890 3096 968 3167 quod
1024 3101 1174 3153 senatores
1190 3097 1357 3169 Anglorum
1373 3096 1469 3153 curias.
1481 3097 1554 3154 Huic
1565 3103 1742 3156 sanctornm
1758 3101 1849 3169 choro,

146 3188 279 3246 videlicet
293 3187 476 3261 quantalibet
486 3188 552 3260 quis
566 3188 722 3243 sanctitate
736 3186 849 3258 polleat,
863 3204 920 3243 non
932 3186 968 3242 ad
1023 3190 1056 3242 ut
1070 3187 1157 3258 Regis
1172 3186 1271 3241 sterni
1289 3187 1446 3243 diademati
1461 3186 1607 3244 elaborato
1624 3189 1732 3258 adiicit
1748 3191 1851 3247 inosti·

145 3277 263 3352 plenum
280 3279 444 3348 pervicaces
459 3292 555 3333 mores
569 3280 674 3344 exuet,
688 3275 758 3347 quis
769 3274 878 3331 illiduo
893 3273 969 3331 oculi
1025 3275 1142 3332 mabilia
1157 3275 1256 3349 glorie
1273 3277 1396 3349 lapides,
1412 3277 1459 3347 qui
1474 3278 1631 3350 perniciem
1648 3277 1679 3335 in
1693 3290 1850 3352 protervos,

146 3365 616 3423 Britannisoontroversiasinter
634 3364 803 3435 coegerint.
820 3364 969 3435 Siquidem
1024 3366 1163 3424 auxilium
1188 3367 1337 3439 fulgurent
1361 3369 1390 3424 in
1418 3367 1576 3440 supplices,
1593 3369 1764 3428 adrianum
1793 3372 1850 3429 diro

142 3457 310 3513 Theodorus
326 3456 496 3512 Willridum
507 3455 628 3525 injuste,
644 3459 786 3526 quantum
802 3458 901 3510 nostra
917 3453 970 3510 ha·
1023 3455 1158 3514 abbatem
1168 3462 1197 3514 et
1205 3457 1370 3514 Miidridam
1386 3458 1528 3530 uirginem
1538 3458 1623 3529 parili
1634 3457 1726 3518 laude
1737 3461 1851 3534 conspi-

147 3546 193 3602 bat
212 3547 390 3617 conjectore,
406 3544 533 3616 ejecerit,
554 3543 710 3600 Willridus
733 3543 863 3601 Romano
889 3559 968 3617 pape
1022 3562 1103 3603 euos.

146 3634 300 3706 agathoni,
317 3635 420 3690 multis
435 3639 502 3690 anta
518 3632 805 3706 periculislactatus,
821 3633 968 3706 querclam
1058 3637 1195 3705 Tatwino,
1217 3638 1268 3709 qui
1291 3636 1377 3693 annis
1403 3636 1434 3693 ni
1464 3637 1723 3711 archiepiscopatu
1745 3642 1849 3715 potitus

146 3722 290 3781 detulerit.
312 3722 442 3780 Modesto
461 3740 539 3791 sane,
557 3728 587 3779 ut
609 3738 662 3779 neo
677 3723 713 3779 ab
727 3723 887 3796 apostolica
901 3724 969 3781 sede
1023 3727 1126 3784 eodem
1141 3743 1218 3783 anno
1234 3743 1291 3799 qno
1313 3727 1387 3782 Beda
1402 3726 1483 3793 obiit,
1499 3728 1645 3784 successit
1666 3728 1848 3794 Nothelmus.

146 3812 302 3883 directum,
314 3812 549 3869 accusationibus
560 3816 687 3885 urgeret,
700 3828 753 3868 neo
764 3819 873 3882 tamen,
885 3813 969 3869 inno·
1023 3831 1109 3886 quem
1126 3816 1222 3871 lerunt
1234 3814 1317 3871 illum
1335 3828 1412 3882 asse,
1430 3831 1516 3888 quem
1532 3816 1561 3871 in
1581 3815 1709 3889 Prologo
1725 3818 1847 3877 historia

146 3902 272 3959 centiam
293 3917 376 3957 suam
401 3901 544 3958 fluctuare
579 3903 770 3973 permitteret.
795 3902 862 3972 ltjus
891 3902 969 3957 enim
1022 3903 1182 3975 anglorum
1200 3903 1281 3971 dicit,
1300 3903 1379 3960 idem
1400 3904 1557 3961 historicus
1575 3904 1712 3964 soclssise
1739 3908 1847 3966 Lando-

145 3993 232 4048 verba
247 3991 308 4048 baro
323 3998 391 4048 sunt
405 3991 435 4048 in
447 3991 642 4063 suggestione,
653 4007 738 4062 quam
750 3991 967 4064 obtulitpapas:
1024 3993 1122 4049 nensis
1142 3993 1342 4064 presbyterum
1362 3993 1453 4050 multo
1473 3993 1528 4051 sibi
1543 3993 1748 4053 emolumento
1767 3997 1847 4053 icisse

144 4101 158 4135 r
174 4081 247 4146 Ouid
263 4086 360 4138 autem
376 4080 525 4146 acciderit,
535 4088 565 4136 ut
579 4080 747 4137 Theodorus
762 4082 968 4137 sanctissimus
1023 4082 1058 4137 ad
1070 4085 1154 4153 geste
1168 4081 1413 4154 compaginanda,
1427 4099 1462 4138 ex
1478 4083 1609 4139 Romano
1629 4084 1745 4143 scrinio
1759 4084 1845 4144 allatis

143 4173 392 4247 archiepiscopus.
409 4189 455 4229 me
469 4172 628 4245 superstite
649 4172 678 4226 in
695 4173 774 4237 sede,
791 4188 889 4245 quam,
900 4171 969 4229 licet
1022 4171 1162 4244 epistolis,
1178 4188 1242 4244 qoae
1257 4177 1354 4228 essent
1368 4171 1411 4228 illi
1427 4173 1596 4230 necessarie
1610 4176 1705 4245 operi.

142 4263 295 4336 indiguus,
318 4264 538 4337 dispensabam,
556 4263 621 4320 sine
648 4278 795 4319 consensu
820 4263 1007 4351 cujuslibeD
1057 4262 1097 4318 Bo
1110 4265 1175 4333 post
1189 4262 1320 4334 quinque
1335 4279 1428 4319 annos
1443 4263 1589 4333 detonsio,
1604 4264 1788 4324 cuthbertus
1805 4267 1846 4338 qul

142 4355 281 4427 episeopi,
297 4357 367 4422 tres,
384 4370 438 4410 sua
451 4353 632 4423 auctoritate,
649 4368 713 4408 mea
728 4352 894 4408 bumilitate
908 4367 966 4407 non
1023 4355 1086 4406 erat
1100 4350 1273 4407 Marciorum
1290 4351 1366 4423 opud
1391 4351 1580 4409 Hsrelordum
1597 4354 1769 4429 episcopus,
1784 4373 1846 4428 apo·

141 4445 356 4516 acquiescente,
372 4445 521 4500 ordinarat
539 4442 701 4514 episcopos,
718 4444 852 4500 omittere
873 4444 967 4515 magis
1021 4439 1137 4496 stolicas
1148 4447 1262 4510 reparat
1276 4440 1363 4496 vices.
1381 4440 1433 4496 llic
1448 4443 1553 4514 estqui
1569 4442 1710 4500 Boniiaoii
1724 4454 1846 4503 contem·

142 4550 231 4606 quam
248 4549 361 4606 urgere,
378 4550 428 4605 pro
452 4533 583 4605 ejusdem
607 4532 660 4589 viri
676 4535 845 4601 reverentia,
861 4533 967 4590 conde·
1022 4546 1178 4601 poraneus,
1196 4545 1247 4602 pro
1269 4530 1488 4602 compescendis
1509 4532 1589 4588 vitiis
1614 4533 1776 4591 concilium
1791 4551 1848 4591 ms·

141 4627 206 4680 cet:
221 4639 306 4695 quem
323 4625 449 4694 quidem,
466 4640 517 4695 pro
537 4638 570 4678 eo
585 4623 661 4694 quod
679 4623 714 4679 ab
729 4623 783 4679 hoc
799 4622 964 4695 apostolicae
1020 4634 1110 4690 gnum
1125 4618 1221 4692 coegit
1236 4619 1359 4691 Angliae,
1376 4621 1507 4691 ejusdem
1526 4620 1669 4678 Bonitacii
1684 4624 1847 4693 admonita,

144 4712 399 4770 sedissummitate
410 4713 537 4768 directus
552 4718 603 4780 est,
614 4727 750 4767 accusare
761 4729 818 4769 non
831 4715 922 4769 audeo
935 4732 965 4766 ‚o
1020 4711 1049 4764 at
1073 4709 1237 4765 Bibelbaldi
1252 4709 1329 4781 regis
1351 4725 1415 4781 ope,
1433 4717 1464 4765 ut
1479 4711 1507 4765 in
1530 4711 1624 4783 gestis
1650 4728 1754 4785 regum
1783 4713 1847 4769 dixi.

143 4802 256 4873 ltaque,
272 4802 406 4872 quamvis
430 4804 500 4855 tunc
517 4798 628 4869 judicio
645 4799 762 4854 concilii
777 4800 902 4857 Romani
918 4800 967 4856 iu-
1021 4795 1112 4868 cujus
1128 4797 1231 4868 synodi
1248 4798 1426 4870 principium
1448 4802 1477 4854 et
1501 4799 1577 4856 actio
1594 4816 1646 4871 per
1657 4800 1792 4874 capitula
1807 4801 1849 4857 bic

144 4890 260 4946 demnis
274 4888 429 4945 Willridus
439 4888 600 4959 judicatus,
616 4890 644 4943 et
659 4888 695 4943 ad
711 4890 810 4945 sedem
827 4906 912 4947 suam
923 4906 969 4947 ra·
1021 4893 1145 4958 ponetur
1159 4886 1233 4945 meis
1253 4886 1411 4959 aliquando
1427 4887 1522 4944 verbis
1534 4889 1725 4961 antiquorum
1740 4905 1849 4963 semper

144 4981 253 5035 missus
281 4978 384 5039 luerit;
415 4980 595 5033 nontamen
627 4992 687 5032 rem
726 4977 864 5046 obtinuit,
891 4977 967 5048 ragis
1021 4975 1380 5049 sententiis,sxpostulata
1392 4975 1501 5032 fastidii
1514 4976 1701 5049 renia3quia
1713 4982 1849 5052 siparum

142 5065 259 5137 Bglredi
272 5066 421 5132 violentia,
446 5080 514 5121 cum
539 5064 697 5135 presertim
726 5063 902 5134 Theodorus,
922 5065 968 5121 vel
1023 5065 1234 5136 pontificalium
1251 5072 1396 5138 gestorum
1413 5065 1566 5134 habemus,
1578 5068 1736 5124 etPatrum
1749 5085 1849 5143 prasos·

143 5154 299 5211 obsisterat
325 5172 359 5212 ex
384 5152 536 5221 sententis,
553 5152 596 5208 rel
621 5152 799 5225 permitteret
819 5170 855 5211 ex
869 5154 969 5212 conni-
1023 5153 1154 5212 dentium
1170 5155 1200 5211 in
1217 5156 1264 5212 Dei
1281 5153 1473 5212 rebusselum
1493 5158 1532 5212 sit
1546 5157 1647 5212 audire
1671 5173 1769 5231 opere
1791 5174 1849 5232 prs·

141 5242 248 5300 nentia.
265 5245 345 5310 Quod
365 5246 430 5303 ideo
444 5245 541 5301 dicere
557 5258 615 5299 non
631 5241 770 5313 abstinui,
788 5248 818 5299 ut
833 5246 969 5301 ostendo·
1023 5243 1107 5311 tiam,
1124 5244 1275 5317 Regnante
1291 5245 1320 5300 in
1336 5249 1509 5317 perpetuum
1525 5245 1649 5302 Domino
1664 5255 1768 5305 nostro
1783 5248 1851 5306 lesu

143 5346 204 5388 rem
218 5333 318 5403 quanti
329 5334 407 5405 apud
426 5333 549 5390 Romam
561 5329 682 5388 babitus
695 5332 744 5402 sit,
761 5334 845 5406 cujus
860 5337 971 5391 statuta
1024 5332 1148 5401 cbristo,
1163 5334 1212 5404 qui
1233 5336 1339 5391 cuneta
1362 5333 1455 5391 Patris
1474 5335 1597 5408 imperio
1612 5351 1646 5393 ao
1661 5337 1777 5407 pariter
1790 5339 1851 5412 Spi-

179 5437 238 5512 (ee)
254 5437 623 5579 ltluffiriptaeollsgimus
633 5438 803 5512 Patrologis
815 5440 968 5508 tenuat,
1061 5437 1118 5512 (bl)
1131 5438 1311 5496 doscelinus.

199 5530 219 5567 il
233 5529 275 5568 ltLt
289 5553 295 5567 .
378 5552 385 5570 ι
