3750 6000
59 237 137 301 ltus
544 236 598 299 ult
619 237 754 301 ossuls
775 238 930 303 uuumu.
954 237 1068 302 Aaou.
1089 270 1128 285 ·-
1149 237 1223 301 utu.
1246 238 1271 300 l.
1684 234 1765 297 test

58 376 91 430 ut
105 374 132 431 ei
146 372 244 431 locum
267 370 427 447 delegarat.
441 372 499 430 Sed
514 372 622 431 erroris
646 373 813 433 admonitus
828 378 881 445 est,
899 376 1008 451 Apum
1018 390 1116 433 coram
1128 372 1361 449 archiepiscopo:
1374 394 1389 426 ιι
1400 372 1524 431 Miratur
1533 371 1670 432 dominus
1679 387 1766 429 meus

58 463 221 536 questionis
237 463 412 521 necessitate
426 478 444 520 a
458 463 566 520 Grecis
586 464 745 537 proposita,
762 467 885 538 probare
940 481 991 523 cur
1002 465 1055 523 tibi
1066 463 1111 522 sel
1121 464 1151 521 in
1163 468 1290 522 mentem
1300 462 1637 529 venerit,utAnseimum
1646 461 1767 534 juberes

60 552 232 622 volentibus,
243 551 386 626 Spiritum
402 557 538 611 sanctum
555 570 612 610 nen
624 553 681 611 nial
692 558 805 612 aPatre
820 570 885 626 pro·
940 555 1086 621 resarciri,
1102 569 1169 612 cum
1186 551 1258 611 illud
1274 552 1299 609 ei
1315 551 1521 609 incunctanter
1544 551 1719 623 praedixerit,
1741 550 1767 607 si

59 642 172 714 cedere,
187 641 265 700 hanc
285 658 353 715 ergo
377 642 565 715 questionem
581 643 651 700 dum
667 643 802 716 expedire
820 651 885 702 ten·
939 644 1003 702 sine
1013 643 1160 717 permissu
1171 638 1766 715 suoegredereturrtngliam.-—Accusat,

59 737 137 799 tans,
153 733 246 806 magis
265 731 436 802 involveret,
453 733 560 790 Graecis
581 737 683 790 contra
701 749 759 791 noa
775 733 885 807 impro·
939 734 1037 808 inquit
1052 731 1240 806 apostoliens,
1257 747 1324 787 eum
1340 731 1377 787 de
1391 728 1450 787 alia
1463 728 1518 786 re‘l
1532 758 1567 771 -
1581 730 1654 799 Non,
1670 729 1721 786 ait.
1732 759 1766 771 -

58 818 195 879 babiliter
209 820 441 890 occurrentibus,
457 820 586 878 anselmi
601 822 772 880 recordatus
786 822 886 880 excla-
940 824 975 881 ut
989 840 1041 898 pro
1057 822 1112 880 boc
1126 821 1288 893 arripuisti,
1303 819 1353 889 ait,
1368 823 1485 876 tantum
1500 817 1629 876 laborem
1646 817 1705 875 buc
1719 833 1769 874 ve-

59 916 130 979 mat,
154 909 255 967 vivide
279 911 359 985 vocis
383 910 558 981 tonitruum,
583 910 655 968 edis
678 913 837 986 capacitas,
857 915 887 970 at
939 911 1053 980 aiendi,
1069 914 1102 968 ut
1116 910 1229 968 diceres
1240 909 1396 984 primatem
1412 907 1478 964 ideo
1499 906 1586 966 rebus
1601 906 1663 965 suia
1677 907 1770 965 omni·

57 999 149 1056 turba
175 997 380 1071 multiplicitas
395 998 597 1074 ingeminant:
614 1023 629 1054 a
644 1004 731 1058 Pater
744 1004 774 1060 et
789 1001 885 1075 magi·
939 1001 996 1059 bus
1009 1000 1217 1073 exspoliatum,
1228 999 1307 1072 quod
1319 995 1678 1071 apostolieumappellavit
1687 995 1769 1068 judi·

60 1087 462 1161 aterdnselme,dngicrum
485 1088 885 1164 archiepiscopeubiesl»
940 1090 1048 1148 cium?
1071 1089 1102 1147 Si
1131 1105 1200 1161 ergo
1230 1104 1312 1145 amas
1342 1086 1496 1145 domiuum
1525 1090 1622 1154 tuum,
1652 1089 1769 1143 matura

58 1177 109 1235 lile
126 1177 174 1235 ubi
187 1193 219 1235 ae
230 1178 327 1235 vocari
341 1177 465 1249 audivit,
481 1179 510 1236 in
528 1179 616 1251 pedes
636 1180 779 1238 constitit.
794 1180 885 1246 Quem
940 1180 1079 1250 reditum,
1094 1183 1124 1236 et
1138 1178 1185 1235 dic
1199 1177 1225 1236 ei
1242 1180 1276 1234 ut
1289 1177 1316 1235 sl
1339 1192 1397 1234 non
1424 1176 1488 1233 vult
1509 1174 1766 1246 excommunicari,

58 1267 236 1340 apostolicus
251 1265 451 1341 compellans:
468 1291 482 1320 a
500 1269 594 1338 Nunc,
610 1269 717 1343 inquit,
734 1270 886 1342 magister,
940 1269 997 1326 cito
1013 1283 1081 1325 eum
1098 1267 1184 1324 iaciat
1198 1265 1338 1323 omnibus
1353 1263 1415 1322 sula
1430 1263 1572 1322 investiri.
1588 1264 1623 1321 ut
1638 1279 1674 1321 ne
1689 1268 1717 1321 te
1731 1263 1768 1320 da

59 1372 132 1428 opus
144 1361 190 1414 est
204 1356 343 1424 scientia,
354 1374 429 1429 opus
441 1358 611 1429 eloquentie
622 1363 679 1415 tues
690 1375 796 1432 opera;
809 1359 885 1430 veni,
941 1357 1066 1416 termino
1079 1356 1196 1414 reddam
1208 1371 1398 1429 suspensum,
1408 1353 1493 1411 tertia
1503 1352 1685 1411 bebdomada
1701 1356 1768 1423 post

58 1446 185 1504 asceade
208 1446 278 1515 buc,
295 1452 324 1504 et
339 1447 461 1504 deiende
475 1453 599 1506 matrem
616 1453 697 1506 tuom
713 1449 886 1520 Ecclesiam,
942 1448 1099 1506 Pascbaad
1111 1445 1267 1504 concilium
1278 1447 1306 1501 in
1318 1444 1371 1501 bac
1387 1444 1459 1502 urbe
1474 1443 1680 1501 celebrandurn
1695 1441 1769 1499 aller

58 1552 147 1609 quam
172 1536 261 1593 Greci
290 1534 463 1595 labefactare
477 1543 632 1607 conantur,
649 1555 785 1596 succurre
805 1554 886 1613 ergo,
941 1538 1230 1608 responsumccerte
1254 1534 1386 1608 pulsator
1407 1534 1468 1605 jam
1493 1530 1768 1591 excommunicatus

58 1625 141 1696 quasi
156 1624 242 1681 alico
257 1624 315 1682 buc
327 1626 447 1683 missus.
461 1649 475 1679 a
486 1626 631 1684 Continuo
646 1628 744 1685 cuncti
759 1635 886 1685 astantes
941 1631 1030 1695 esset,
1046 1626 1102 1684 nisi
1118 1624 1252 1701 pulsatus
1267 1623 1494 1680 intercessisset.
1511 1644 1526 1673 u
1541 1622 1699 1679 Perculsus
1718 1619 1768 1680 illc

58 1720 88 1771 et
111 1714 275 1772 assidentes
294 1715 395 1772 oculos
418 1720 447 1772 el
461 1732 513 1773 ora
527 1717 557 1773 in
572 1732 638 1774 eum
654 1718 800 1785 conversi,
815 1733 881 1789 per·
899 1699 923 1766 Β
938 1726 997 1776 tam
1020 1716 1170 1789 insperato
1192 1730 1340 1787 responso,
1356 1712 1529 1786 mysterium
1546 1711 1659 1769 domini
1672 1711 1716 1767 sui
1733 1726 1764 1769 ss

59 1804 192 1863 cunctari
214 1804 281 1877 quia
296 1811 384 1871 esset,
401 1805 661 1880 adnitentibusque
685 1806 823 1880 proximis
846 1807 883 1864 ad
938 1806 981 1864 illi
1005 1812 1116 1864 secreto
1139 1805 1426 1863 communicaturum
1454 1802 1613 1874 respondit.
1638 1802 1764 1859 Ardebat
1863 1818 1866 1823 ·

62 1910 234 1951 consessum
258 1895 411 1967 apostolici
434 1894 557 1966 levatus,
573 1897 885 1968 sederejussusjuxta
940 1896 1020 1954 anim
1034 1894 1145 1969 aliquid
1167 1895 1294 1962 allicere,
1310 1898 1344 1950 ut
1357 1891 1529 1966 ampliorem
1555 1891 1663 1948 locaret
1686 1890 1763 1963 apud

62 1982 227 2041 Romanam
244 1983 494 2054 archidiaconum,
511 1985 558 2041 cui
578 1989 646 2042 ante
670 2001 773 2059 papam
787 1985 887 2042 sedere
941 2001 1036 2057 regem
1051 1984 1216 2042 amicitiam.
1230 1982 1330 2055 ltaque
1344 1989 1416 2052 arte,
1427 1998 1486 2055 qua
1500 1980 1609 2053 peritus
1624 1985 1697 2049 erat,
1714 1996 1765 2038 na·

63 2073 154 2131 moris
175 2078 240 2130 est:
263 2094 278 2125 a
303 2072 500 2142 includamus,
526 2073 633 2147 inquit,
660 2074 738 2131 bunc
763 2075 792 2131 in
816 2074 887 2132 orbe
940 2074 1052 2146 gotium
1065 2072 1234 2140 conllciens,
1246 2069 1542 2143 singulosambiendc
1555 2069 1727 2125 muneribus
1737 2072 1767 2127 et

63 2163 268 2235 nostro,quasi
283 2161 406 2219 alterius
419 2162 499 2220 orbis
515 2178 660 2235 papam.»
675 2163 734 2221 Neo
750 2164 887 2221 moranti·
941 2162 1215 2236 pollicitationibus,
1231 2159 1292 2234 regi
1314 2159 1473 2217 terminum
1487 2160 1524 2215 ad
1538 2159 1643 2215 lectum
1665 2157 1765 2216 Sancti

62 2250 885 2326 busomnibusexposuitpalamquigenns,undedomo,
941 2251 1090 2310 Michaelis
1112 2250 1249 2309 obtinuit.
1272 2249 1433 2307 Guncmtua
1455 2254 1500 2305 est
1522 2246 1648 2305 multum
1672 2248 1709 2305 ad
1733 2248 1764 2304 id

59 2343 145 2413 culus
168 2340 308 2408 scientie,
323 2341 409 2413 cujus
434 2341 588 2410 iucundis,
604 2357 694 2415 quam
720 2341 884 2415 religiosus,
940 2343 1158 2400 concedendum
1183 2341 1329 2410 Urbanus,
1350 2339 1428 2411 quod
1453 2337 1634 2394 luctarentur
1649 2337 1678 2394 ln
1698 2337 1765 2408 cius

60 2434 172 2503 quanta
188 2446 239 2501 pro
256 2430 396 2487 fidelitate
419 2430 557 2488 Romans
581 2435 660 2488 sedis
677 2447 780 2503 passus
795 2435 884 2489 esset.
944 2432 1055 2499 animo,
1069 2429 1199 2489 anselmi
1223 2428 1336 2503 religio,
1356 2433 1386 2485 et
1407 2444 1562 2485 munerum
1578 2425 1697 2496 oblatio,
1713 2426 1764 2485 sed

59 2517 233 2591 Dilatusque
257 2519 286 2574 in
312 2522 458 2590 posteram
474 2520 523 2577 dic
538 2519 709 2593 questionis
732 2526 884 2592 tractatus,
941 2522 1093 2597 prevaluit
1118 2520 1238 2578 tandem
1263 2519 1493 2592 pernotatione
1515 2516 1614 2573 omnia
1634 2521 1764 2587 superat,

56 2606 883 2681 quamvisrtascltuuastatimresponderenondubitaret.
939 2612 1041 2670 omnis
1066 2609 1205 2682 deprimit
1230 2607 1394 2665 numnius?
1409 2606 1567 2680 Indignum
1593 2606 1710 2675 lactum,
1731 2609 1766 2663 ut

54 2697 111 2754 Sed
128 2697 260 2771 sequenti
275 2697 322 2754 die
339 2697 425 2754 solito
442 2699 588 2755 maturius
611 2703 686 2755 caetu
703 2705 802 2757 coacto
816 2715 883 2772 pro·
939 2700 1048 2774 pectori
1072 2699 1146 2757 tanti
1175 2697 1239 2761 riri.
1264 2696 1375 2755 Urbani
1400 2696 1477 2763 dico,
1500 2694 1653 2753 vilesceret
1681 2696 1765 2752 lame

56 2795 153 2844 motus
166 2787 196 2843 in
208 2787 332 2851 editum.
343 2787 382 2844 ita
395 2788 767 2860 pertractarltquasttonta
780 2788 884 2859 latere,
938 2807 1020 2861 cura,
1036 2790 1087 2848 Dei
1108 2793 1259 2861 respectus
1280 2786 1406 2854 cederet,
1421 2790 1450 2843 et
1473 2784 1599 2858 pecunia
1618 2784 1764 2856 iustitiam

55 2875 97 2933 ita
120 2877 278 2949 penetravit
290 2882 320 2933 et
335 2876 497 2934 enubilavit
521 2878 637 2949 intima,
653 2882 686 2935 ut
706 2878 798 2936 Latini
823 2878 882 2936 cla·
939 2885 1132 2955 pronecteret.
1150 2878 1248 2936 visum
1275 2882 1345 2949 ergo
1372 2883 1416 2934 est
1443 2874 1592 2944 Anselmo,
1609 2875 1687 2932 circa
1705 2882 1764 2931 tarn

56 2980 137 3023 more
161 2970 339 3025 testarentur
362 2968 515 3041 gaudium,
531 2968 623 3026 Greci
645 2969 681 3026 de
704 2985 736 3026 se
760 2968 881 3039 preberl
937 2970 1069 3029 eandem
1101 2967 1248 3026 bominem
1273 2964 1520 3039 exspectationem
1549 2981 1606 3020 non
1632 2963 1762 3037 perdere,

58 3055 187 3113 dolerent
202 3055 376 3113 ridiculum:
393 3057 491 3115 nulius
515 3073 601 3130 porro
623 3058 720 3132 inops,
735 3063 765 3116 et
784 3022 918 3116 inanisc
936 3061 988 3118 sed
1003 3060 1179 3130 Lugdunum
1196 3072 1335 3115 remeare,
1346 3055 1402 3113 sed
1415 3054 1494 3112 enim
1506 3054 1655 3112 licentiam
1671 3055 1762 3125 impa-

55 3143 185 3202 scientiee
208 3145 382 3203 discederet.
398 3146 511 3204 Sensus
524 3146 605 3204 iilius
620 3147 764 3205 sermonis
779 3164 879 3219 proce·
936 3155 1016 3209 trare
1031 3165 1089 3206 non
1105 3148 1209 3221 potuit,
1226 3146 1369 3203 retinente
1385 3160 1470 3217 papa,
1489 3149 1523 3200 ut
1536 3143 1676 3201 invidiam
1695 3141 1762 3199 iacti

55 3233 142 3291 dente
158 3243 286 3308 tempore
301 3234 467 3292 luculenter
490 3236 609 3309 digessit
621 3236 652 3293 in
668 3237 742 3293 libro
757 3236 797 3294 Da
813 3254 880 3310 pro·
935 3239 1035 3312 aliquo
1058 3238 1165 3295 levaret
1188 3234 1304 3293 solatio.
1329 3235 1408 3291 Fecit
1430 3232 1523 3304 igitur
1545 3248 1614 3290 eum
1643 3247 1762 3290 manera
1830 3258 1833 3263 ·

55 3323 188 3381 cessione
202 3323 326 3396 Spiritus
349 3325 442 3381 sancti
459 3326 546 3382 iacto.
562 3327 645 3383 Tunc
659 3343 727 3384 vero
747 3327 797 3385 ubi
820 3343 882 3384 ver·
935 3344 1048 3396 secum,
1060 3341 1152 3398 usqae
1166 3326 1202 3383 ad
1214 3324 1371 3383 concilium
1383 3323 1412 3379 in
1424 3322 1610 3396 patriarchio,
1623 3321 1761 3395 deditque

53 3413 124 3469 bum
138 3411 271 3480 absolvit,
284 3428 387 3468 omnes
398 3413 426 3468 in
438 3429 506 3469 eum
521 3413 722 3473 oculosetera
736 3417 879 3485 conversi,
934 3419 961 3476 ei
984 3419 1107 3476 domum
1128 3417 1197 3489 iuro
1221 3415 1341 3490 hospitii
1366 3418 1524 3489 perpetuo:
1541 3411 1702 3485 crebroque
1723 3411 1760 3469 ad

54 3501 102 3558 bic
117 3500 238 3558 laudare
253 3501 352 3569 fidem,
369 3500 419 3558 ille
438 3502 602 3568 scientiam.
618 3520 721 3562 omnes
744 3505 881 3578 siequen·
934 3523 1003 3566 eum
1020 3509 1140 3566 veniens
1157 3508 1226 3580 joca
1239 3511 1268 3563 et
1282 3505 1358 3563 seria
1381 3519 1449 3562 cum
1473 3518 1506 3561 eo
1520 3501 1711 3575 transigebat,
1726 3504 1761 3559 ut

55 3591 137 3648 tiam.
154 3590 258 3647 Sedato
273 3590 398 3662 fragore,
414 3606 500 3663 quem
516 3590 581 3649 laus
596 3592 661 3663 ejus
678 3593 879 3664 suscitaverat,
935 3615 1022 3655 unam
1039 3597 1151 3654 curiam
1167 3612 1225 3653 aon
1241 3595 1366 3653 duorum
1381 3593 1503 3651 diceres.
1518 3593 1643 3664 Jamque
1657 3591 1760 3650 aderat

54 3679 210 3736 intendens
229 3678 259 3735 in
275 3694 344 3736 eum
369 3695 507 3737 summus
529 3680 669 3751 pontifex,
684 3682 772 3739 altra
789 3682 880 3742 Bene·
935 3691 1050 3760 ternpus
1066 3686 1194 3756 concilii,
1209 3686 1407 3757 omnibusque
1430 3683 1576 3755 episcopis
1597 3680 1758 3739 Gallicanis

55 3767 164 3825 divium
177 3768 216 3824 ⁵st
227 3783 278 3824 ⁰⁰?
287 3771 381 3834 tuum»
391 3773 420 3825 θῑ
430 3768 642 3840 ῠνίιίῑυοῑιιιιε,
654 3779 681 3827 sl
691 3786 734 3837 os,
746 3775 775 3827 et
784 3786 880 3831 sermo
935 3780 1020 3836 sodes
1034 3792 1104 3833 sues
1119 3772 1347 3848 agnoscentibus
1363 3770 1503 3845 nulloque
1518 3770 1690 3826 recordante
1703 3769 1759 3826 ali·

56 3857 116 3914 orls
131 3856 174 3913 tui
190 3856 372 3915 benedictus.
385 3878 398 3911 a
409 3857 469 3915 Nec
479 3874 571 3929 mora,
581 3875 649 3917 cum
659 3875 804 3918 consensu
816 3877 881 3919 om·
935 3882 1021 3939 quem
1038 3865 1276 3923 cantuariensem
1292 3860 1541 3933 archiepiscopum
1558 3858 1682 3917 concilio
1698 3858 1758 3915 Ro·

56 3946 136 4004 nium
152 3946 308 4004 roboratus
322 3946 352 4004 in
368 3947 453 4004 aliter
465 3948 625 4008 sentientes
640 3949 752 4008 lulmeu
766 3966 880 4009 excom·
933 3971 1020 4014 mano
1045 3952 1225 4020 interfuisse,
1243 3951 1333 4023 posita
1347 3954 1394 4007 cst
1407 3949 1434 4006 al
1449 3947 1534 4007 sedes
1548 3948 1577 4005 in
1593 3964 1712 4014 corona,
1725 3950 1759 4004 ut
1840 3944 1850 3957 '

55 4037 447 4109 manicationisintorsieset,
457 4039 591 4098 ventilari
600 4041 636 4098 de
643 4056 711 4114 rege
718 4042 879 4118 anglorum
934 4050 1021 4102 antea
1037 4044 1145 4112 disi,et
1158 4041 1188 4098 in
1203 4049 1343 4099 aternam
1354 4040 1407 4113 lus
1421 4038 1489 4105 sibi,
1500 4036 1759 4096 etsuccessoribus

54 4142 153 4184 scruto
168 4128 265 4200 cepit.
281 4129 473 4186 Prolcruutur
486 4129 517 4187 in
532 4131 660 4188 medinm
673 4131 784 4189 scelera
798 4131 878 4189 dictu
934 4135 998 4192 suis
1015 4131 1198 4205 transcripta.
1211 4132 1242 4188 ln
1254 4128 1486 4187 ecclesiaSaocti
1498 4127 1576 4185 Petri
1589 4132 1654 4184 crat
1665 4126 1763 4184 conci·

54 4214 210 4282 burwido
233 4217 370 4287 &dlivstur
394 4219 572 4293 0⁰nlempl⁰i
597 4220 728 4278 humano
751 4220 878 4278 ΰωῑθῠῑὶῦ
932 4216 1760 4299 lium,iagensstrepltosastantium,multuscoocursus

53 4305 172 4376 inimi&
189 4305 266 4376 quod
287 4305 408 4372 wiliiel-
425 4306 469 4364 *³1⁸
489 4312 589 4381 terqua
612 4311 782 4369 idm⁰¹¹¹¹¹¹⁸
805 4312 878 4370 nibli
933 4319 1127 4380 venientium.
1144 4317 1271 4388 ideoque
1283 4327 1352 4370 cum
1367 4313 1483 4370 decreta
1498 4310 1598 4368 minus
1614 4309 1760 4382 audirent,

54 4394 242 4451 correctionis
267 4396 441 4455 exhibuerit.
456 4399 596 4465 Quocirca
614 4417 681 4460 oum
696 4404 836 4479 sullragio
851 4409 880 4463 et
935 4408 1065 4487 praecipit
1081 4422 1158 4480 papa
1168 4402 1320 4477 Reingerio
1332 4402 1455 4459 Lucensi
1467 4399 1614 4475 episcopo,
1625 4396 1760 4455 utvocsii

54 4483 182 4541 ⁰¹⁸m⁰i⁰
196 4483 330 4541 muium
346 4501 421 4558 9⁸9⁰
435 4488 471 4544 id
486 4491 802 4550 0¹0⁰mm111150t111d¹1n1
815 4495 879 4568 lum
934 4499 1092 4560 sonoritate
1103 4498 1209 4553 concta
1218 4492 1384 4550 enuntiaret
1393 4490 1423 4548 in
1435 4489 1550 4563 vulgos.
1563 4489 1697 4562 assurgit
1710 4485 1760 4546 ills

55 4577 176 4644 paratus
191 4576 278 4641 esset,
292 4575 449 4633 Anselmus
464 4578 587 4651 genibus
601 4581 712 4638 adunus
727 4585 800 4654 ejus,
815 4588 881 4642 orat
934 4592 1077 4662 imperato
1089 4583 1215 4653 muneri,
1226 4598 1279 4640 nec
1289 4577 1760 4649 clamorinreptualrostrabatur

57 4661 239 4730 ᾶῑιᾶῑὶῡῦθω»
254 4667 282 4718 θῑ
298 4662 344 4720 ’Ῑῑ
365 4664 511 4738 impetrat.
529 4669 596 4735 ΟΜ
620 4686 666 4727 r⁰⁸
689 4687 746 4729 non
766 4673 881 4730 medio·
935 4680 1065 4737 hiantem
1078 4692 1086 4744 ;
1101 4674 1152 4731 sad
1178 4672 1266 4730 etiam
1291 4670 1377 4742 longe
1401 4670 1562 4743 positorum
1578 4666 1716 4741 pulsabat
1729 4670 1760 4724 et

56 4767 134 4809 crem
159 4751 184 4807 εἰ
207 4751 286 4824 apud
309 4758 430 4811 cunctus
454 4757 585 4815 videntes
609 4760 720 4834 peperit
739 4763 880 4835 gratiamt
935 4766 1106 4844 penetrabat
1128 4761 1275 4820 auditam.
1296 4760 1447 4833 Multaque
1470 4763 1552 4831 parte
1576 4758 1758 4814 decretorum

59 4856 92 4899 eo
108 4841 188 4913 quod
202 4842 368 4900 ostensione
383 4859 456 4902 verae
471 4847 638 4906 sanctitatis
661 4849 778 4908 vicisset
797 4853 881 4910 lame
935 4859 1086 4922 edisserta,
1102 4855 1222 4926 repente
1235 4849 1320 4923 quasi
1334 4850 1431 4906 animo
1446 4863 1593 4915 excussus,
1608 4845 1714 4913 allona,
1730 4847 1760 4902 et

57 4930 268 5004 aragisclum·
284 4932 378 4998 Quam
403 4933 559 5006 pulchrum
583 4944 655 5008 erat,
671 4942 703 4994 nt
721 4938 763 4996 tui
788 4947 882 4999 oraret
937 4964 1000 5021 qua
1016 4961 1033 5003 a
1047 4942 1164 5017 negotio
1179 4939 1322 4997 dissicere
1336 4938 1522 5006 utebantur,
1537 4934 1625 4993 verua
1636 4932 1758 4991 incutite

55 5021 169 5079 V0⁰i⁸m
185 5039 202 5076 ὃ
218 5037 276 5094 quc
292 5024 403 5080 ¹⁸¹¹¹⁸¹1¹
419 5029 571 5098 exceperat
585 5029 808 5087 contumeliam!
936 5060 951 5089 «
964 5036 1019 5095 Sed
1035 5032 1094 5092 tasi
1111 5031 1183 5106 quid
1197 5030 1360 5088 laciemusi
1378 5027 1529 5102 preceptis
1543 5025 1677 5084 subditos
1691 5038 1760 5084 one·

91 5109 169 5181 Papa
188 5109 309 5167 Romam
326 5127 470 5185 regresso,
486 5115 694 5191 comitatuique
707 5118 773 5191 ejus
787 5118 883 5177 adhe·
936 5140 1049 5192 ramus,
1069 5125 1099 5179 et
1124 5119 1265 5178 auxilium
1280 5136 1298 5176 a
1313 5117 1400 5175 nobis
1424 5115 1620 5191 querentibus
1644 5113 1759 5172 nullam

58 5204 139 5257 rente
153 5198 302 5270 Ansslmo,
314 5203 480 5273 supervenit
492 5205 615 5263 nuntius
629 5223 723 5281 aregc
738 5207 880 5279 directus,
935 5213 1095 5271 atterimus.
1107 5207 1189 5266 Dolet
1198 5207 1279 5275 binc,
1290 5211 1319 5264 et
1329 5204 1609 5279 conqueriturtolua
1619 5203 1758 5272 mundus,

57 5288 109 5362 qui
124 5286 313 5359 allegationes
324 5292 456 5350 anselmi
466 5304 624 5366 enarraret,
637 5297 749 5369 objecta
758 5299 882 5357 crimina
935 5303 1013 5378 quod
1025 5298 1255 5372 caputomnium
1265 5296 1405 5354 membris
1416 5294 1478 5355 suis
1487 5312 1546 5354 non
1556 5295 1756 5370 conqueritur.

59 5378 194 5436 dilueret.
210 5379 381 5450 Quanquam
402 5401 519 5442 omnem
538 5388 741 5445 verecundiam
757 5391 884 5464 proiece-
936 5385 1758 5466 llecequidxmloternosmodestesedetottacite,cujus

56 5474 112 5539 rat,
137 5467 168 5525 iu
192 5468 370 5528 immensum
393 5474 497 5546 elatus,
521 5493 579 5535 non
608 5478 733 5537 multum
754 5486 881 5551 curaret,
937 5482 1086 5541 silentium
1102 5478 1211 5536 clamor
1225 5491 1350 5549 magum
1363 5479 1409 5534 est
1423 5476 1501 5550 apud
1515 5474 1619 5542 Deum,
1633 5473 1683 5546 qui
1693 5475 1757 5546 jam

58 5558 128 5633 qaid
141 5558 177 5616 de
187 5572 219 5617 se
230 5558 385 5619 diceretur.
399 5562 495 5637 Legati
510 5565 564 5624 boo
578 5567 633 5626 luit
648 5569 770 5627 verbum
783 5571 818 5628 ad
836 5587 885 5643 pa·
938 5570 1066 5631 secundo
1078 5583 1156 5627 auno
1172 5565 1340 5641 apostolice
1355 5566 1433 5625 sedis
1447 5565 1577 5640 vigorem
1591 5561 1756 5637 opperlens,
