3750 6000
26 120 41 161 ⁵
130 168 207 231 tate
573 161 776 225 wiennam
798 160 1170 226 Manasseuatnnsts
1193 126 1372 228 uontcet'
1690 169 1695 175 ·
1757 166 1830 233 titt

35 312 41 333 ²
131 305 206 362 720
226 316 360 366 ouououo
387 315 441 355 arx
465 315 593 355 carnaea
619 315 839 356 sranstnsntntttt
863 314 896 354 irc
920 314 954 353 na
969 300 995 366 A
1012 314 1089 369 rum,
1105 299 1201 372 ipsum
1218 303 1366 374 postremo
1382 315 1504 373 regnum
1526 300 1592 362 ndat
1609 304 1676 377 elus
1699 306 1835 363 commit·

364 388 515 428 ⁰³³1⁰¹⁰N¹
531 387 723 428 4404444444·
1010 392 1091 446 tere:
1118 389 1325 447 cancellarium
1354 389 1438 447 initio
1461 392 1551 460 regni,
1577 409 1629 449 nec
1653 394 1748 451 multo
1773 403 1835 467 post

163 485 235 557 53⁰·
251 482 310 553 (37)
325 481 415 537 Nonis
437 481 568 537 Octobris
587 480 661 549 (Oct.
677 481 705 548 7)
731 479 875 536 liebertus
890 480 949 550 qui·
1009 478 1176 550 episcopum
1191 479 1368 551 Salesbirie,
1384 479 1461 536 lecit.
1488 481 1631 555 lingerius
1650 499 1720 557 ergo
1735 486 1837 557 agebat

128 577 195 632 dnm
213 575 291 630 filius
308 571 626 638 liuberti,immanisao
639 571 788 636 barbarus,
800 569 953 627 castellum
1007 583 1122 638 causas,
1139 569 1201 640 ipse
1218 569 1425 626 moderabatur
1446 586 1601 643 expensas,
1615 571 1680 644 ipse
1703 575 1836 632 servabat

15 696 18 701 -
128 664 341 729 Malmesbiriae,
370 661 446 732 quod
477 660 618 732 Rogerins
645 661 798 732 episcopus
826 659 953 716 inlausta
1007 658 1183 730 gazas;hoe
1210 658 1327 730 quando
1350 664 1482 716 rexerat
1502 660 1533 717 in
1555 662 1673 734 Anglia,
1695 662 1752 720 huc
1774 663 1833 722 sine

128 753 259 827 auspicio
275 753 470 820 inchoaverat,
488 751 584 805 inrtim
602 755 688 806 noctu
704 750 952 823 ingressus,com·
1007 748 1086 803 socio
1102 751 1130 803 et
1152 752 1227 804 teste
1248 749 1365 820 quando
1381 750 1469 821 (quod
1487 750 1588 807 crebro
1609 755 1637 807 et
1651 752 1702 808 diu
1720 753 1834 827 accidit)

128 844 274 914 bustoque
298 840 472 912 vico,quasi
501 856 606 908 magno
635 840 785 912 triumpho
809 839 953 908 gloriatus
1008 837 1835 914 morabaturNormannie.Necsoltrmarege,sedetab

127 937 181 989 est.
198 931 398 988 Veruntamen
420 933 486 985 ante
502 928 667 1000 quindecim
685 929 745 983 dies
762 928 861 984 laetitia
873 927 953 984 exci-
1006 928 1212 999 optimatibus,
1226 929 1301 986 728
1318 930 1354 984 ab
1367 929 1414 986 bis
1426 929 1512 987 etiarn
1523 947 1598 1003 quos
1612 932 1763 989 lelicitatis
1777 937 1836 1005 sjtts

50 1018 56 1027 “
127 1017 951 1092 dit,aregelngatns.castellumpracepitreninterim
1006 1015 1206 1073 invidiaclam
1224 1019 1585 1093 mordebat,maximeque
1609 1037 1626 1076 a
1647 1021 1832 1080 ministriset

11 1138 30 1193 ¹·
126 1111 280 1176 asservari,
307 1109 415 1180 quoad,
440 1124 509 1179 pace
535 1109 613 1174 data,
631 1116 726 1177 posset
751 1107 870 1164 dest-rui.
888 1107 952 1179 lpse
1007 1109 1077 1161 lunc
1107 1106 1162 1178 (43)
1193 1107 1375 1164 debitoribus
1395 1109 1481 1180 regis,
1503 1117 1531 1164 et
1556 1126 1739 1182 quascunque
1767 1128 1832 1184 pene

127 1216 193 1255 vero
209 1216 269 1264 rcx,
290 1202 443 1268 antequam
461 1196 690 1251 Malmesbiriam
707 1196 844 1263 venisset,
862 1212 951 1267 quan·
1006 1195 1164 1266 cogitasset
1189 1197 1423 1254 conterebantur.
1441 1198 1470 1253 Si
1495 1198 1563 1267 quid
1593 1199 1830 1271 possessionibus

28 1310 31 1315 ¹
126 1290 192 1344 dam
211 1286 456 1343 munitiunculam
472 1285 951 1356 tillonissupernominail,Cernei
1006 1285 1071 1355 ejus
1087 1285 1335 1356 contiguumerat
1351 1288 1425 1356 quod
1451 1286 1515 1342 suis
1531 1286 1709 1344 utilitatibus
1724 1291 1830 1346 condu-

126 1378 253 1445 nomine,
270 1378 471 1447 occupaverat,
484 1374 584 1445 ibique
599 1372 707 1428 milites
723 1389 792 1428 suos
805 1378 949 1445 posuerat.
1006 1376 1092 1438 cerat,
1108 1373 1246 1426 continuo
1263 1371 1306 1427 vel
1322 1388 1405 1443 prece
1421 1371 1465 1428 vel
1481 1374 1586 1444 pretio,
1602 1374 1649 1429 sin
1667 1375 1831 1432 minusvio·

59 1511 61 1514 .
126 1469 315 1538 Quapropter,
332 1465 407 1519 sicut
422 1468 451 1519 et
474 1463 513 1518 ibi
528 1462 585 1533 (38)
602 1465 630 1517 et
648 1461 864 1527 Malmesbirira,
878 1462 951 1519 alins
1005 1458 1105 1527 lautia,
1117 1461 1317 1533 extorquebat.
1331 1464 1406 1534 lpse,
1418 1462 1559 1535 singulari
1569 1464 1665 1536 gloria
1680 1465 1831 1537 (quantum

125 1556 182 1612 sibi
197 1569 403 1610 successurum
420 1552 581 1617 estimans,
593 1550 745 1607 castellum
761 1551 783 1606 tt
789 1551 897 1607 unfridi
915 1553 951 1608 de
1007 1551 1338 1607 nostraaetasreminisci
1347 1552 1831 1624 potest)indomibustedistcandis,

124 1644 241 1710 Buhun,
258 1643 306 1715 qui
322 1642 455 1714 partibus
466 1641 657 1711 imperatricis
673 1640 795 1706 favebat,
811 1640 950 1697 vocabulo
966 1670 989 1735 B
1006 1637 1159 1709 splendida
1180 1656 1232 1711 per
1246 1657 1348 1696 omncs
1364 1641 1563 1713 possessiones
1586 1659 1657 1698 suas
1673 1645 1832 1701 construxit

124 1733 293 1806 Trobrigge,
307 1732 425 1801 invasit,
441 1731 491 1787 sed
505 1731 604 1787 irritus
622 1730 703 1786 abiit.
1004 1725 1181 1795 habitacula,
1197 1730 1227 1785 in
1250 1729 1359 1802 quihus
1378 1730 1475 1787 solum
1490 1732 1608 1788 tuendis
1628 1749 1829 1793 successorum

219 1838 357 1886 ouoraouo
376 1837 526 1876 sanarunt>
546 1837 640 1876 cassrr
661 1837 849 1877 taranaratct.
1002 1819 1066 1890 ejus
1082 1819 1460 1894 lrnstrnlaborabitopera;
1477 1824 1576 1880 sedem
1592 1841 1682 1882 unam
1698 1826 1830 1882 mirificis

158 1915 231 1988 (31.
247 1914 319 1969 Tuta
334 1914 434 1985 itaque
456 1914 536 1984 regio
551 1912 628 1968 circa
643 1912 838 1968 Gluecestram
856 1928 949 1985 usque
1002 1909 1183 1966 ornamentis
1207 1918 1234 1965 et
1258 1910 1400 1977 adificiis,
1422 1911 1493 1968 citra
1522 1912 1613 1969 allam
1637 1929 1827 1986 expensarum

121 2003 282 2077 profundas
297 2001 436 2071 (insilias,
453 2000 604 2073 pertimui,
618 2001 721 2073 partim
736 2001 948 2070 benevolentia,
1001 1998 1223 2066 parcimoniam,
1241 1999 1271 2054 in
1291 1998 1470 2056 immensum
1494 2001 1605 2058 extulit.
1628 2003 1699 2059 Erat
1715 2020 1830 2075 prorsus

55 2162 57 2167 .
121 2091 312 2164 pedetentim,
325 2091 451 2147 residuis
467 2089 545 2146 illins
556 2091 624 2146 anni
638 2090 798 2157 mensibus,
811 2107 842 2146 se
854 2090 949 2146 domi·
1002 2087 1109 2142 mirum
1125 2089 1270 2144 viderode
1284 2089 1403 2145 bomine
1422 2089 1483 2157 illo,
1502 2099 1609 2162 quanta
1623 2107 1692 2148 eum
1707 2093 1739 2150 in
1755 2091 1829 2150 omni

105 2176 165 2238 nes
180 2180 357 2251 imperatrici
373 2179 523 2252 applicuit.
535 2180 691 2251 Aliquandi
708 2179 946 2249 castellanorum,
999 2191 1103 2246 genere
1116 2177 1290 2249 dignitatum
1306 2194 1394 2250 opum
1411 2180 1592 2251 sequebatur
1603 2181 1699 2254 copia,
1711 2189 1830 2256 etqusap

33 2310 36 2315 ,
120 2270 946 2338 intramunitionessuassenontulantes,exitumrerum
999 2265 1036 2321 ad
1062 2281 1180 2322 manum
1211 2267 1602 2339 ailluebat:quantulailla
1629 2269 1738 2343 gloria,
1764 2274 1829 2344 (qna

123 2356 358 2431 speculabantur.
382 2357 486 2413 Civitas
518 2356 655 2414 Herelord
683 2357 746 2412 sine
774 2356 948 2412 difficultate
999 2354 1068 2425 qnid
1086 2360 1181 2424 possut
1197 2356 1327 2412 accidere
1342 2358 1484 2427 majest)
1506 2359 1584 2429 quod
1601 2359 1676 2415 duos
1698 2365 1825 2432 nepotes,

121 2452 235 2519 recepta
250 2464 257 2502 :
273 2447 359 2520 pauci
376 2445 494 2515 milites,
510 2448 539 2500 in
559 2446 679 2502 castello
694 2445 802 2501 animis
817 2446 946 2502 obstina·
1000 2459 1058 2498 sues
1073 2444 1253 2500 educationis
1276 2460 1373 2517 opera,
1399 2448 1526 2502 honestae
1554 2446 1712 2504 literaturae
1729 2456 1760 2505 et
1786 2448 1825 2505 iu·

119 2538 205 2595 iisse
229 2538 423 2605 includentes,
438 2555 453 2594 a
470 2539 542 2594 ionia
557 2538 613 2608 (39)
629 2536 752 2593 obsessi.
776 2537 946 2608 appropin—
999 2533 1116 2588 dustria
1132 2534 1217 2602 viros,
1236 2534 1329 2591 ellecit
1344 2535 1519 2607 episcopos,
1545 2551 1598 2593 nec
1620 2553 1688 2594 vero
1709 2537 1824 2594 exiliunt

118 2627 219 2699 quavit
248 2644 297 2684 rex
326 2629 350 2683 si
381 2629 453 2684 iorte
480 2627 679 2683 laborantibus
703 2644 787 2700 opem
816 2629 945 2699 aliquam
999 2624 1235 2696 episcopatuum,
1266 2627 1315 2680 sed
1352 2625 1581 2682 lindocoliensis
1616 2631 1646 2682 et
1676 2626 1827 2694 Heliensia,

117 2716 300 2774 comminisci
318 2722 436 2786 posset:
460 2717 522 2783 sed,
539 2717 693 2771 frustratus
708 2722 783 2784 coto,
801 2717 945 2783 inglorius
998 2712 1105 2783 quibus
1131 2713 1327 2785 opulentiores
1343 2713 1440 2770 nescio
1456 2716 1479 2771 si
1502 2715 1606 2771 babeat
1620 2716 1739 2789 Anglia.
1757 2717 1825 2775 Sen-

117 2807 270 2864 discessit:
288 2807 427 2878 equitavit
450 2807 537 2862 etiam
557 2808 641 2877 juxta
658 2807 781 2873 liristou,
794 2809 945 2879 superius·
998 2801 1089 2858 liebet
1113 2803 1175 2873 lpse
1202 2807 1344 2874 quantum
1361 2808 1470 2875 posset,
1487 2808 1526 2872 et,
1547 2804 1708 2875 aliqnando
1724 2806 1827 2862 durias

116 2896 371 2969 quecontendens,
385 2897 466 2951 rillas
478 2896 702 2966 quelueruntin
714 2897 835 2953 circuitu
847 2897 943 2953 Dune·
996 2907 1086 2963 quam
1102 2891 1189 2948 talem
1207 2892 1301 2948 virum
1322 2893 1446 2960 deceret,
1469 2893 1630 2950 Divinitatis
1655 2894 1827 2952 abutebatur

14 2974 60 3015 '·
118 2989 177 3042 stor
192 2985 364 3054 combussit,
382 2986 455 3043 sat
470 2985 543 3041 nibil
560 2986 728 3055 omninoiin
744 2992 942 3058 quantumve·
995 2980 1187 3054 indulgentia.
1204 2982 1346 3054 Denique,
1362 2984 1439 3041 siout
1454 2989 1539 3057 poeta
1558 2986 1679 3057 quidam
1694 2986 1733 3041 de
1755 3002 1824 3058 quc·

118 3074 207 3146 lebat)
224 3072 367 3147 reliquum
393 3076 500 3133 iaciens
522 3075 599 3147 quod
622 3082 717 3147 posset
732 3075 860 3132 inimicis
882 3081 944 3134 suis
960 3071 985 3138 C
1000 3072 1068 3128 dam
1085 3072 1142 3145 (43)
1163 3072 1249 3130 divite
1265 3074 1344 3143 dicit,

14 3184 18 3189 ·
116 3164 180 3220 esui
193 3163 236 3219 vel
252 3163 339 3221 alicui
353 3166 418 3221 usui
434 3181 506 3220 esse.
1038 3165 1148 3231 Diruit,
1163 3163 1295 3235 aedificat,
1313 3167 1401 3219 mutat
1416 3165 1555 3236 quadrata
1565 3163 1695 3221 rotundis
1709 3165 1769 3237 (44)
1784 3181 1791 3234 ;

115 3269 151 3309 nn
170 3270 254 3310 oetru
275 3271 308 3309 nr
326 3270 453 3310 nontaus
472 3254 593 3310 bonesti
618 3271 742 3311 rarecort
766 3272 944 3315 encaeniata.
999 3250 1041 3307 itu
1056 3252 1198 3323 Rogerius
1213 3252 1345 3309 abbatias
1366 3252 1395 3308 in
1410 3254 1624 3325 episcopatum,
1642 3269 1690 3308 res
1714 3254 1824 3326 episco-

151 3346 222 3414 532.
239 3345 337 3400 Tertio
362 3344 428 3400 idus
443 3344 611 3400 Decembris
633 3345 711 3413 (Deo.
730 3346 775 3416 ll)
804 3346 945 3418 Rogeriua
1000 3345 1086 3414 patus
1101 3340 1131 3396 in
1147 3342 1306 3411 abbatiam,
1317 3342 1438 3398 alterare
1452 3347 1571 3398 conatus
1585 3346 1640 3398 est.
1658 3342 1824 3400 Malmosbi·

96 3433 272 3506 vepiscopus
287 3433 449 3489 Salesbiriaa
466 3433 575 3489 febrem
593 3438 773 3504 quartanam,
789 3452 848 3506 qua
859 3437 943 3506 jam·
999 3431 1094 3487 riense
1121 3439 1149 3487 et
1171 3430 1444 3496 Abbadesbiriense,
1461 3430 1667 3502 antiquissima
1682 3433 1824 3502 coenobia,

113 3523 226 3579 dudum
243 3522 448 3594 quassabatur,
473 3520 614 3577 beneficio
629 3522 684 3592 (40)
700 3523 802 3579 mortis
827 3525 942 3581 evasitr
997 3519 1198 3590 (quantumin
1220 3520 1280 3592 ipso
1301 3520 1365 3588 sulti
1382 3520 1561 3591 episcopatui
1584 3519 1751 3592 delegavit:
1767 3522 1822 3578 Sci-

117 3610 215 3668 dolore
229 3611 318 3667 animi
334 3610 416 3667 aiunt
440 3627 506 3666 eum
527 3611 706 3666 contraxisse
734 3612 943 3682 valetudinem,
998 3610 1208 3665 roburnenflem
1226 3609 1399 3680 mimium,
1420 3611 1468 3679 <tul
1485 3609 1618 3680 ptssptitlfl
1633 3614 1680 3666 eet
1694 3611 1822 3682 episcopi

116 3704 216 3773 utpote
245 3699 332 3757 tantis
356 3702 455 3755 ettam
473 3699 612 3756 crebrisa
632 3701 942 3775 regeStephanoput·
997 3697 1271 3765 Salesbirlensis,in
1291 3697 1439 3753 abbatiam
1458 3698 1688 3766 motorium
1704 3699 1821 3756 abbatia

115 3795 210 3847 flatum
226 3789 428 3847 incommodis,
444 3790 515 3845 Eum
537 3790 608 3846 mibi
625 3790 735 3846 videtur
754 3796 830 3848 neus
845 3809 941 3848 mm.
996 3787 1031 3842 de
1046 3787 1176 3843 Hortuna
1192 3786 1312 3860 proinde
1326 3787 1476 3843 destructe
1490 3791 1518 3842 et
1533 3787 1654 3857 adjecta.
1671 3787 1739 3845 llaec
1754 3791 1820 3844 tent·

114 3879 194 3951 plum
211 3879 349 3935 divitibus
375 3896 425 3950 pro
450 3878 630 3935 volubilitate
646 3896 743 3935 rerum
759 3881 940 3953 exhibuisse,
995 3895 1063 3950 pore
1080 3880 1156 3950 rogis
1170 3877 1296 3946 Henrlci,
1316 3878 1369 3934 sub
1384 3895 1443 3949 quo
1467 3893 1516 3935 res
1529 3879 1594 3951 ejus
1608 3879 1654 3950 (ut
1669 3879 1743 3952 dixi)
1759 3896 1819 3935 ma·

9 3970 11 3975 ’
114 3985 151 4025 uo
167 3972 284 4039 sperent
294 3968 323 4023 in
341 3970 450 4024 incerto
465 3969 631 4024 divitiarum
649 3987 656 4034 ;
674 3986 747 4039 quas
762 3970 892 4040 quidam,
909 3976 941 4027 ut
994 3969 1059 4040 gnis
1070 3968 1253 4024 successibus
1264 3972 1441 4024 floruerunt:
1456 3969 1505 4024 sed
1516 3968 1595 4025 enim
1606 3969 1662 4025 sub
1673 3969 1817 4042 Stephano

113 4056 154 4114 ait
165 4055 317 4127 apostolus
329 4058 397 4129 (lt),
408 4062 577 4129 appetentes
588 4058 669 4112 elide
681 4059 938 4130 naufragaverunt.
994 4074 1060 4125 rege
1075 4058 1131 4128 (45)
1148 4057 1234 4128 (sicut
1249 4058 1381 4129 predixi)
1399 4062 1475 4113 retro
1495 4057 1640 4131 sublapsa
1658 4062 1748 4126 sunt;
1765 4056 1818 4114 nisi

111 4146 278 4202 Insinuatua
294 4151 340 4200 est
363 4147 456 4215 primo
479 4147 578 4201 comiti
604 4146 725 4201 ilenrico
741 4148 790 4218 qni
809 4154 939 4219 postmo·
994 4148 1071 4219 quod
1087 4146 1116 4201 in
1132 4145 1216 4201 initio
1232 4147 1313 4217 regni
1330 4148 1393 4216 ejus
1410 4147 1567 4218 nepotibus
1588 4147 1663 4217 suis,
1685 4148 1738 4204 nni
1754 4163 1821 4204 can·

113 4235 182 4290 dnm
199 4252 249 4290 rex
265 4236 330 4301 luit,
347 4253 399 4308 pro
421 4237 576 4307 prudentia
597 4251 641 4290 res
658 4237 830 4293 domesticas
845 4238 938 4293 admi·
994 4233 1152 4300 cellariam,
1170 4233 1252 4290 alteri
1267 4236 1494 4302 thesaurariam,
1510 4235 1565 4292 sibi
1589 4236 1718 4308 burgum
1747 4233 1817 4291 taat-

86 4394 90 4401 Ι
112 4323 267 4384 nistrandi,
284 4328 313 4379 et
338 4326 438 4380 luxum
460 4325 577 4380 iarniliae
596 4324 762 4380 cohibendi.
780 4325 845 4381 Fuit
859 4328 938 4384 enirn
994 4324 1137 4380 mosbiriae
1151 4324 1327 4393 impetravit,
1344 4326 1470 4381 subinde
1480 4342 1547 4398 rege
1559 4325 1752 4382 familiaribus
1762 4325 1820 4382 suis

112 4412 253 4469 Henricus
269 4420 335 4469 ante
350 4430 475 4485 regnum
499 4412 529 4468 in
554 4413 686 4485 expensis
709 4415 785 4483 parci
803 4416 893 4470 animi
910 4422 939 4473 et
952 4442 976 4506 D
993 4413 1204 4486 ingeminante,
1231 4433 1243 4464 a
1269 4414 1322 4469 Per
1348 4416 1526 4471 nascentiam
1542 4415 1593 4471 Dei
1610 4415 1617 4470 l
1634 4416 1818 4472 medietatem

114 4502 201 4575 irugi,
218 4503 341 4575 penuria
359 4502 467 4559 scilicet
492 4503 530 4558 rei
548 4502 700 4558 familiaris
715 4504 863 4576 astrictus,
881 4506 936 4562 ira·
990 4505 1100 4576 Augila
1116 4505 1215 4561 darem
1230 4503 1269 4569 ei,
1280 4504 1304 4560 si
1317 4510 1434 4576 peteret,
1445 4505 1663 4578 donectempus
1674 4516 1820 4578 pertrans·

110 4592 204 4648 tribus
231 4592 380 4649 Willelmo
408 4601 434 4648 et
459 4592 582 4648 lieberto
604 4597 853 4662 arrogantereum
876 4601 938 4650 tra·
991 4591 1286 4649 eat:antedes1clet
1314 4592 1428 4664 ipsein
1459 4597 1593 4665 petendo,
1619 4611 1709 4667 quam
1727 4612 1779 4667 ego
1792 4595 1819 4652 in

111 4682 267 4740 ulantibus.
293 4684 382 4754 CuJus
410 4683 535 4756 cognitis
561 4683 701 4749 moribus,
728 4682 869 4754 Rogerius
899 4687 940 4742 ita
992 4682 1097 4738 dando.
1116 4703 1129 4731 >t
1145 4683 1358 4739 Posterioribus
1380 4685 1466 4740 annis
1490 4685 1616 4751 fortuna,
1640 4685 1769 4743 nimium
1792 4688 1821 4742 et

24 4838 29 4845 ¹
110 4788 177 4828 eum
196 4778 325 4845 tempore
340 4773 447 4845 inopiae
463 4772 617 4839 demeruit,
631 4776 672 4840 ut,
689 4787 755 4826 cum
769 4771 815 4828 ille
832 4773 938 4832 solium
993 4775 1060 4827 ante
1074 4771 1124 4827 diu
1140 4771 1165 4826 ei
1186 4770 1327 4840 blandita,
1346 4773 1382 4828 ad
1398 4777 1560 4829 extremum
1577 4775 1749 4847 scorpiacea
1760 4792 1820 4833 cru·

111 4863 191 4935 regni
208 4863 401 4928 ascendisset,
418 4860 490 4917 nibil
506 4861 531 4916 ei
552 4861 595 4916 vel
612 4875 711 4929 parum
730 4868 848 4932 negaret
863 4865 939 4934 quod
994 4864 1098 4921 daliter
1112 4862 1261 4918 hominem
1278 4862 1371 4917 cauda
1387 4862 1545 4934 percussit.
1561 4862 1652 4928 Ouala
1667 4864 1723 4920 tntt
1738 4865 1819 4930 illud,

109 4962 171 5020 tpse
188 4953 344 5022 petendum
367 4954 514 5022 putasset:
533 4949 633 5021 largiri
659 4949 777 5020 prandia,
794 4950 940 5021 ecclesias,
995 4955 1072 5026 quod
1090 4955 1156 5008 ante
1183 4967 1231 5006 ora
1258 4967 1311 5006 sua
1326 4950 1397 5007 vidit
1414 4951 1547 5009 homines
1562 4953 1635 5010 bene
1650 4954 1686 5010 de
1712 4970 1745 5011 sa
1767 4969 1821 5010 me·

110 5039 280 5109 prebendas
292 5041 478 5109 clericorum,
495 5039 627 5096 abbatias
641 5037 769 5110 integras
782 5042 942 5098 monacho·
996 5045 1068 5100 ritus
1084 5039 1218 5107 sauciari,
1232 5038 1493 5099 familiarissimum
1504 5041 1627 5099 militem
1635 5043 1690 5112 (45)
1701 5044 1820 5101 obtrun-

144 5179 203 5251 (37)
219 5182 304 5237 Nonis
322 5184 479 5240 Octobris...
496 5183 575 5238 obiit.
588 5198 625 5248 e.,
643 5188 728 5252 capnt
747 5188 838 5240 totum
854 5187 943 5244 onais-
1032 5184 1086 5254 (42)
1105 5184 1185 5238 Tunc.
1202 5196 1240 5250 e.,
1256 5181 1398 5238 omissum
1413 5184 1443 5238 in
1461 5199 1485 5239 s.
1501 5184 1529 5240 d.
1548 5182 1598 5240 12.

112 5265 177 5307 sum
192 5256 235 5306 est
251 5253 279 5308 in
295 5271 320 5309 s.
335 5272 359 5313 c.
376 5258 404 5311 d.
421 5273 447 5326 g.
465 5256 494 5314 k.
511 5255 558 5312 12.
575 5269 614 5310 m.
1031 5257 1087 5324 (43)
1104 5253 1236 5320 oucdom.
1252 5269 1289 5320 e.,
1305 5255 1434 5326 quotibet,
1447 5273 1472 5310 s.
1488 5257 1516 5310 d.
1533 5254 1581 5311 12.

145 5321 205 5391 (38)
222 5325 254 5377 lit
270 5325 318 5378 ibi.
336 5328 403 5393 el„
418 5326 482 5391 siti,
496 5341 511 5381 e
524 5326 552 5380 2.
1034 5328 1089 5397 (44)
1106 5327 1237 5380 viruit...
1253 5325 1386 5382 rotundis.
1407 5331 1506 5385 Horat.
1521 5328 1541 5384 ll
1563 5327 1612 5385 ist.
1629 5328 1651 5395 l,
1668 5344 1688 5397 t,
1707 5329 1770 5386 too.

146 5393 193 5458 (39
220 5395 305 5449 Foris.
318 5411 340 5449 s.
358 5396 386 5450 d.
403 5413 417 5451 c
433 5397 459 5453 l.
477 5396 729 5477 tauritanae.
1034 5399 1088 5466 (45)
1105 5395 1141 5451 ue
1158 5411 1182 5476 e.
1198 5410 1236 5461 e.,
1253 5396 1393 5453 omissum
1410 5400 1438 5455 in
1455 5415 1480 5454 s.
1497 5399 1525 5455 d.
1542 5345 1561 5455 f
1561 5399 1589 5454 2.

148 5466 194 5535 (40
222 5466 365 5533 Beneficio.
381 5483 406 5523 s.
423 5471 450 5523 rt.
468 5468 519 5536 12,
535 5469 706 5539 cdeceficro,
723 5484 748 5524 e.
1033 5469 1087 5540 (46)
1103 5412 1229 5524 litatem.
1246 5482 1270 5523 s.
1287 5468 1315 5524 d.
1332 5472 1387 5526 si.
1404 5468 1450 5540 ta,
1467 5469 1602 5538 militum,
1616 5485 1633 5528 a
1649 5474 1675 5530 l.

147 5536 205 5609 (ll)
217 5536 372 5608 Apostolus.
389 5536 484 5595 lTim.
497 5557 517 5608 1,
535 5539 578 5595 te.
