3750 6000
56 243 136 309 teto
536 239 587 301 DE
607 237 743 303 Gestis
764 242 923 305 PONTIF.
945 242 1062 306 ANGL.
1087 273 1125 292 -
1145 242 1219 307 uls.
1242 242 1282 306 ΙΙ.
1679 244 1758 308 1826

57 374 174 433 locaret.
191 377 252 443 Quo
268 374 343 432 iacto
368 370 499 445 praelusit
522 370 652 427 felicitati
676 372 780 429 lutura
805 373 875 430 adc-
891 376 917 444 Α
932 375 991 433 Ηοο
1005 390 1148 434 annorum
1162 374 1306 444 discursu,
1318 376 1383 432 coto
1398 373 1526 447 episcopi
1542 374 1606 432 dies
1620 392 1691 435 suos
1705 394 1758 435 ex-

57 466 194 523 lescentis
219 467 347 531 fortuna,
362 472 394 520 ut
417 464 471 520 sub
497 461 684 520 sanctissimo
708 465 881 537 paedagoge
936 464 1068 538 planare:
1097 481 1222 539 quorum
1249 464 1311 522 iaec
1341 469 1411 520 sunt
1438 464 1577 523 nomina:
1601 466 1756 540 Allritbus,

58 554 360 627 addisceret,qualiter
371 568 429 610 aon
440 551 522 609 rudis
532 551 601 608 olim
614 551 651 608 ad
661 552 880 623 gubernandam
935 555 1114 624 Duubertus,
1129 553 1320 622 Deusnulius,
1337 552 1562 623 l'retbestamus,
1574 555 1757 630 Birustanus‚

58 661 150 719 remp.
168 645 343 719 procederet.
361 645 411 698 list
425 641 503 698 euim
519 641 651 698 Platonis
665 645 751 698 vetus
766 649 793 698 ct
814 641 881 699 lau·
935 643 1216 718 ltlpbegus,llllsius,
1226 642 1551 709 Bcitbclmus.0ucrum
1561 646 1673 719 aliquos
1685 650 1758 706 cele·

58 740 125 796 data
141 734 306 792 sententia:
324 754 338 784 «
354 733 437 789 Tunc
452 732 513 788 iore
528 731 644 788 beatam
657 732 880 804 rempublicam,
935 734 1033 791 briore
1047 734 1105 790 vita
1121 734 1286 791 diliamatos
1299 742 1399 790 nostra
1413 734 1553 792 sedulitas
1565 753 1623 793 uon
1634 738 1758 795 omittet.

58 829 83 886 si
100 826 142 883 vel
158 822 325 898 philosophi
340 824 508 893 regnarent,
525 819 568 877 vel
585 835 670 893 reges
692 821 882 895 philosopha·
936 823 1567 891 Dauenullus,ailamacreditur,admultam
1576 830 1690 883 atatem
1701 844 1758 885 neu

58 921 171 973 rentur.
185 936 199 964 a
211 912 325 969 Veritas
337 910 408 966 dicti
420 909 527 982 prodiit
536 909 566 965 in
578 910 714 967 ellectum
727 926 777 984 per
792 910 881 967 istum
937 913 1034 971 solum
1049 913 1215 971 litterarum
1231 928 1344 984 expers,
1356 912 1406 968 sed
1417 921 1445 969 et
1455 913 1596 971 subulcus
1608 916 1672 973 luit.
1684 916 1759 972 llum

59 1003 209 1070 Adullum,
225 1017 291 1058 cum
306 1007 386 1073 patre
402 999 549 1067 defuncto,
561 999 631 1072 quia
645 999 718 1056 alter
733 999 883 1071 legitimus
936 1003 1071 1061 Eliredus
1085 1017 1135 1058 rex
1150 1001 1280 1058 bostium
1294 1000 1432 1059 violentia
1446 1018 1536 1076 regno
1555 1005 1672 1071 cedens,
1688 1014 1716 1063 et
1729 1006 1759 1064 in
1855 1006 1857 1011 ’

59 1097 152 1152 berea
175 1109 233 1150 non
260 1093 396 1161 exstaret,
412 1104 446 1146 ex
462 1089 553 1162 gradu
575 1088 746 1148 subdiaconi
771 1088 883 1147 Wiuto·
937 1091 1041 1149 sileam
1058 1091 1209 1164 prolugus,
1226 1105 1294 1147 casu
1310 1106 1378 1147 sues
1394 1095 1560 1163 pascentem
1581 1094 1709 1151 offendit.
1726 1095 1761 1152 lit

60 1185 171 1243 niensis
184 1183 216 1240 in
232 1197 330 1256 regem
345 1181 507 1237 transistus
521 1186 575 1247 est,
592 1181 770 1237 concedente
789 1180 884 1236 Lsom
937 1197 974 1238 ns
990 1179 1091 1237 multis
1105 1179 1247 1247 innectar,
1258 1185 1404 1252 comperto
1419 1181 1484 1253 ejus
1496 1181 1624 1254 ingenio,
1635 1184 1711 1255 quod
1723 1185 1759 1242 ad

59 1274 139 1331 illius
166 1272 296 1330 nominis
319 1287 394 1343 papa
417 1270 511 1328 tertio.
527 1273 600 1325 Tum
615 1286 683 1327 varo
698 1269 795 1342 palam
811 1272 883 1333 erat,
939 1272 1048 1328 bonum
1063 1268 1761 1342 spectaret,litterisiaicrmandumtradiditNec

59 1365 130 1438 quid
146 1377 212 1421 eum
240 1359 403 1434 spiritualis
428 1358 614 1433 philosophia
640 1359 796 1428 docuisset,
812 1358 884 1416 dum
939 1357 1762 1429 descivitaboillcio,douecperlecliusinstitutumcrea·

60 1455 153 1527 magis
167 1452 346 1509 famulorum
362 1449 424 1519 Dei,
441 1465 531 1522 quam
547 1449 609 1505 suis
625 1447 803 1505 utilitatibus
818 1463 883 1521 pro·
938 1452 982 1506 ret
996 1448 1170 1521 episcopum,
1186 1450 1369 1503 commentus
1385 1463 1444 1503 rem
1465 1448 1584 1520 dignam
1606 1450 1760 1507 miraculo.

60 1543 189 1615 spiciens
205 1555 425 1613 omnaregnum
437 1539 495 1595 Deo
511 1538 682 1595 decimaret:
694 1537 885 1594 nibilisosret
938 1538 1153 1596 Fritbestamus
1178 1535 1233 1592 luit
1249 1552 1326 1592 unus
1341 1551 1373 1591 ex
1390 1545 1499 1609 septem
1517 1537 1672 1610 episcopis,
1688 1555 1762 1611 quos

61 1632 119 1689 nisi
134 1636 243 1699 ratum,
258 1627 333 1685 nibil
348 1629 463 1700 juberet
477 1626 534 1683 nisi
550 1627 642 1699 pium.
659 1627 715 1685 Sed
731 1627 794 1684 hec
813 1626 885 1683 alias
938 1627 1130 1685 Plsimundus
1145 1624 1383 1696 archiepiscopus
1397 1629 1528 1698 tempore
1544 1626 1618 1698 regis
1635 1628 1763 1684 ilduardi

59 1722 193 1796 egimus:
211 1734 289 1776 nuuc
304 1719 334 1774 in
349 1717 487 1774 manibus
508 1715 656 1774 Switbuui
676 1725 758 1790 gesta
778 1714 886 1776 evolvi·
900 1692 923 1762 Β
938 1717 991 1775 lilii
1008 1715 1114 1773 Elirsdi
1130 1731 1188 1771 unc
1208 1713 1255 1771 dis
1278 1715 1458 1771 consecravit
1481 1716 1656 1773 Cantusriae.
1673 1716 1764 1773 Multa

60 1828 135 1869 mus.
407 1823 416 1838 ·'
938 1808 1002 1880 ejus
1016 1808 1094 1864 bona
1108 1804 1237 1863 ostendit
1251 1803 1347 1861 adhuc
1360 1804 1501 1862 librorum
1512 1806 1604 1878 copia,
1616 1806 1680 1863 aits
1695 1823 1763 1865 san·

95 1902 184 1967 Quam
198 1899 248 1956 illa
265 1903 298 1955 ut
309 1897 442 1964 altorem,
458 1897 668 1970 doctoremque
683 1913 772 1954 suum
789 1895 884 1969 suspi-
940 1898 1083 1968 etitatem,
1095 1911 1153 1952 non
1168 1895 1209 1952 ita
1224 1897 1256 1951 ut
1273 1894 1410 1964 aliorum,
1420 1895 1450 1952 ia
1466 1896 1592 1952 obscura
1607 1895 1701 1953 latens
1716 1913 1764 1953 se-

61 1989 140 2048 cians
164 1989 217 2060 (sio
232 1988 310 2045 euim
327 2003 394 2043 eum
416 1987 549 2060 vocabat)
573 2003 631 2043 non
655 1986 738 2059 prius
761 1985 887 2054 abstitit,
941 1985 1070 2059 pultura.
1095 1974 1267 2040 birnstanus
1292 1987 1418 2055 quatuor
1440 1987 1556 2040 tautum
1581 1984 1665 2040 annis
1691 1983 1765 2042 rexit

62 2074 889 2154 quarnepiscopatuWinlcuiansihonoraretconsentien-
941 2076 1152 2149 episcopatum.
1166 2070 1253 2129 lllum
1264 2072 1427 2144 purissima
1438 2073 1604 2130 sanctitatis
1615 2072 1703 2130 luisse
1714 2089 1763 2130 ac·

62 2175 91 2227 te
104 2169 191 2238 clero,
207 2167 360 2224 ordinante
375 2165 594 2239 archiepiscopo
610 2164 771 2222 Cantuaria
785 2165 889 2222 Celae·
942 2163 1086 2237 cepimus,
1098 2161 1227 2234 quotidie
1238 2178 1295 2219 non
1306 2161 1470 2218 intermissa
1480 2162 1637 2220 sedulitate
1645 2162 1765 2220 missam

64 2260 123 2315 tbc.
141 2258 223 2314 Latis
239 2271 307 2328 ergo
324 2255 513 2311 incrementis
534 2254 727 2312 fundamenta
742 2253 889 2311 bonorum
941 2272 994 2330 pro
1005 2255 1211 2312 detunctorum
1223 2252 1322 2324 requie
1333 2256 1468 2309 cantasse
1479 2269 1486 2307 2
1499 2253 1633 2309 noctibus
1644 2254 1765 2326 depulsa

64 2349 95 2405 in
112 2363 202 2421 regno
212 2348 293 2419 jacta
307 2361 358 2418 per
373 2360 480 2416 regem,
496 2342 683 2416 pullulabant
702 2360 752 2417 psr
767 2342 890 2416 pontill-
944 2345 1098 2404 tormidine
1124 2343 1221 2401 solum
1245 2342 1369 2399 circuire
1384 2341 1516 2411 solitum,
1533 2358 1585 2414 pro
1600 2343 1765 2400 animarum

63 2453 139 2508 cem,
157 2437 227 2493 dum
242 2436 298 2492 istc
313 2435 422 2491 bonum
437 2437 565 2507 urgerat,
580 2434 659 2507 quod
674 2432 723 2490 ille
738 2432 801 2490 suia
816 2448 889 2505 pre·
944 2435 1038 2494 salute
1052 2433 1183 2509 psalmes
1197 2435 1405 2505 frequentasse.
1415 2432 1474 2489 Hoc
1484 2446 1550 2488 cum
1562 2432 1688 2504 quadam
1703 2432 1767 2490 vice

64 2526 167 2585 sertim
193 2523 441 2583 admonitionibus
464 2523 613 2595 inciperet.
630 2524 664 2579 ttt
685 2526 747 2580 erat
770 2521 888 2594 quidem
945 2520 1766 2596 lacerat,etexpletisomnibussubjungeret,requiescant

62 2618 203 2673 virtutum
219 2613 351 2671 omnium
368 2612 613 2685 promptuarium,
629 2613 680 2669 sed
706 2611 890 2686 aggaudebat
943 2617 974 2672 ia
996 2630 1072 2689 pecc,
1088 2629 1173 2672 voces
1196 2611 1280 2687 quasi
1303 2611 1446 2669 exercitus
1470 2610 1578 2668 induiti
1592 2628 1608 2668 a
1624 2610 1766 2684 sepulcris

64 2707 180 2764 duabus
191 2704 328 2772 maxime,
341 2702 531 2760 clementissi
541 2701 717 2759 bumilitate.
728 2702 889 2760 Ambacum
944 2700 1521 2778 andiaitrsspoudentium;Amen.Istud
1533 2699 1765 2774 mirabiliusque

64 2795 196 2868 insignia
218 2793 312 2868 stylus
337 2792 482 2865 subjiciet.
499 2791 646 2865 Opersriis
661 2791 696 2848 ad
717 2800 835 2864 pontem
859 2792 890 2848 in
944 2795 1115 2868 infrequens
1126 2797 1171 2850 est
1182 2796 1313 2848 mortuos
1322 2806 1389 2847 cum
1398 2789 1462 2847 vivo
1471 2789 1766 2862 sevissesermenam,

66 2883 199 2944 orientali
214 2887 296 2956 parte
310 2882 392 2938 urbis
414 2880 581 2938 laciendum
597 2882 670 2940 terte
685 2882 843 2952 assederat,
859 2884 891 2937 ut
945 2901 981 2944 ne
996 2901 1064 2943 eum
1080 2882 1167 2940 officii
1183 2883 1303 2956 pigeret,
1316 2880 1393 2953 quod
1408 2883 1452 2936 tot
1471 2879 1627 2937 animabus
1648 2883 1765 2953 gratum

63 2973 186 3032 instanti
204 2969 889 3046 praesentiasuscitaretstimulosdesidumin·
903 3016 925 3085 c
944 2974 1065 3032 audiret,
1095 2972 1174 3028 idem
1203 2968 1348 3027 Dominici
1379 2967 1505 3041 exempli
1540 2967 1765 3026 ardentissimas

65 3063 163 3121 carica.
173 3063 209 3119 lit
219 3077 284 3119 ecce
297 3076 348 3134 per
363 3064 481 3132 pontem
497 3061 681 3119 commeabat
696 3061 725 3118 in
741 3060 889 3117 civitatem
945 3067 1107 3128 exsecutor,
1122 3061 1211 3134 pedes
1230 3058 1330 3132 egenis
1350 3058 1431 3114 omni
1448 3058 1494 3114 die
1508 3057 1625 3115 semotis
1648 3057 1766 3115 arbitris

64 3154 176 3211 ismius
188 3150 355 3208 commercii
368 3150 419 3221 [ct.
431 3151 601 3207 commercii
611 3151 709 3224 causa]
721 3151 815 3208 lersns
826 3167 889 3222 ova,
943 3154 1069 3220 lavabat,
1082 3166 1213 3208 mensam
1225 3152 1254 3205 et
1264 3147 1345 3206 cibos
1360 3163 1519 3220 apponens,
1531 3162 1584 3202 nac
1600 3146 1697 3203 miuus
1712 3163 1765 3219 pro

65 3242 221 3316 prosiliunt
236 3239 367 3313 undique
382 3238 427 3310 (ut
441 3255 505 3296 mos
520 3244 565 3297 est
579 3242 643 3312 ejus
657 3240 772 3312 generis
793 3239 890 3296 homi·
945 3240 1100 3314 disciplina
1116 3238 1323 3296 famulantium
1336 3236 1475 3308 reliquias
1485 3235 1666 3308 abstergens.
1678 3234 1767 3292 Obse-

65 3332 165 3403 nibus)
177 3334 205 3386 et
215 3327 358 3402 petulanti
371 3342 496 3384 excussu
509 3330 609 3386 omnia
619 3331 812 3386 orsadunum
822 3345 891 3386 con·
944 3330 1013 3404 quio
1024 3325 1486 3400 consummato,paupsribusque
1495 3324 1637 3393 dimissis,
1646 3324 1682 3381 ad
1691 3324 1766 3381 mul·

67 3421 209 3492 iringuut.
222 3419 253 3475 ld
266 3433 323 3473 non
335 3416 396 3473 leve
407 3418 533 3474 sanioris
547 3419 654 3476 mentis
669 3418 890 3475 homiuibuavi·
943 3424 989 3479 tas
1005 3421 1044 3478 ibi
1059 3419 1227 3478 remanebat
1241 3418 1339 3487 bores,
1356 3415 1546 3483 orationibus,
1561 3415 1607 3487 (ut
1627 3416 1765 3488 creditur)

65 3525 145 3578 eum,
162 3507 212 3563 sed
230 3504 328 3562 stetim
344 3506 375 3561 in
391 3506 527 3562 notitiam
543 3507 655 3564 domini
669 3507 798 3581 episcopi
811 3507 889 3564 dela·
944 3528 1057 3568 secans.
1075 3513 1205 3579 Quadam
1221 3526 1289 3582 ergo
1301 3509 1348 3565 die
1359 3524 1412 3582 pre
1426 3507 1638 3565 consuetudine
1652 3506 1765 3580 ingres·

66 3596 177 3654 lum-1⁸
189 3594 442 3651 anisseflddueiae
459 3594 638 3653 mulierculae
649 3597 733 3653 inuis
745 3601 773 3653 ei
783 3595 889 3669 pannis
944 3618 1004 3671 sus,
1021 3600 1103 3657 nulla
1117 3605 1203 3657 antea
1217 3599 1420 3672 interpellatus
1435 3596 1567 3654 molestia
1582 3597 1766 3668 agritudinis

65 3684 205 3758 squalidffi
229 3685 379 3757 (lumliffl
403 3684 559 3752 &Uiculiflis
585 3685 722 3742 domnum
747 3684 888 3758 suspirat,
944 3690 1041 3748 subito
1056 3689 1131 3745 clam
1147 3689 1286 3745 omnibus
1301 3687 1405 3760 spiritu
1421 3684 1501 3743 vitali
1514 3687 1619 3742 caruit.
1630 3685 1763 3754 Clientes,

66 3773 267 3832 misericordia
282 3771 389 3829 meotis
405 3776 592 3831 cunctantem
608 3773 781 3831 miraculum
799 3774 846 3846 [ci.
858 3773 889 3830 iu
944 3780 994 3853 qui
1009 3776 1249 3835 consuetudinem
1266 3776 1329 3846 eJ'us
1343 3778 1475 3842 nossent,
1486 3777 1555 3830 tunc
1570 3789 1687 3847 quoque
1702 3791 1767 3830 ore-

66 3862 254 3935 miraculum]
267 3861 688 3937 excilai,8i³iimqueporrecto
697 3863 793 3922 crucis
804 3862 889 3937 signo
943 3867 1074 3926 tionibus
1084 3869 1258 3937 occupatum
1270 3864 1430 3932 crederent,
1442 3866 1502 3919 tota
1512 3861 1662 3934 disjecers
1673 3863 1764 3936 passi.

65 3953 225 4010 fracturam
240 3953 372 4009 omnium
388 3968 509 4010 ovorum
521 3953 889 4027 consolidatllxiguumue
942 3962 978 4015 at
997 3973 1064 4015 vsrc
1088 3956 1220 4028 sequenti
1245 3954 1373 4011 diluculo
1391 3953 1597 4026 irrumpentes,
1612 3953 1765 4012 inveniunt

65 4052 109 4102 sat
121 4043 173 4099 boc
184 4042 351 4099 sanctitatis
361 4046 390 4099 st
400 4042 561 4101 clementias
575 4044 804 4101 documentum?
813 4043 887 4114 Quid
943 4049 1065 4106 cadaver
1079 4047 1143 4103 sine
1154 4049 1259 4101 mente.
1271 4043 1475 4100 conatamatue
1486 4046 1531 4099 cst
1540 4059 1618 4116 ergo,
1629 4052 1656 4100 et
1665 4041 1764 4116 sepul·

65 4137 101 4192 ds
117 4133 306 4190 bumilitate?
319 4133 559 4207 Quandoounque
582 4150 686 4191 novam
704 4135 841 4193 fabricam
857 4134 888 4192 iu
942 4141 1014 4196 tura
1029 4137 1126 4195 datas.
1142 4134 1198 4194 Sed
1209 4135 1295 4207 cives,
1312 4133 1388 4207 quod
1404 4133 1597 4205 interceptum
1613 4136 1705 4189 morte
1720 4132 1763 4187 vi-

66 4222 117 4279 llei
147 4221 303 4280 Ecclesiam
334 4239 502 4281 consecrare
528 4224 705 4293 deberet,eo
729 4225 889 4299 quamlibet
943 4219 1763 4297 dabant,omnemejusmemoriamobliteraveresilentio,

65 4312 186 4386 longum
202 4315 289 4382 esset,
306 4329 365 4369 non
379 4313 508 4386 equorei
524 4315 668 4383 vehiculo,
684 4316 928 4408 sedpadeim-1)
943 4318 1107 4377 nescientes
1131 4315 1208 4388 quod
1232 4314 1375 4387 scriptum
1390 4316 1452 4380 est;
1472 4332 1484 4365 a
1500 4311 1562 4368 Non
1578 4314 1672 4383 potest
1689 4308 1765 4366 malo

65 4402 147 4476 piger
159 4401 363 4457 contendebat.
376 4405 409 4458 ut
419 4418 456 4459 ne
471 4404 588 4461 daretur
603 4407 639 4462 ab
656 4405 801 4479 imperitia
816 4405 888 4475 ridi·
944 4407 1017 4466 mori
1032 4405 1081 4479 qui
1096 4406 1171 4462 bene
1185 4403 1297 4460 vixerit.
1313 4403 1349 4459 lit
1359 4403 1459 4474 justus
1475 4415 1650 4474 quacunque
1672 4406 1765 4455 morto

66 4489 141 4558 culo,
157 4489 202 4545 vel
218 4490 353 4561 superbis
367 4491 518 4563 jactantias
534 4498 685 4553 notaretur
698 4496 802 4568 elogio,
817 4494 887 4553 visi·
944 4502 1162 4572 praeoccupatus
1188 4493 1286 4563 luerit,
1299 4492 1329 4548 in
1351 4492 1501 4565 refrigerio
1525 4490 1589 4547 erit.
1607 4509 1620 4542 ι
1635 4487 1764 4545 Correxit

66 4579 122 4635 bus
137 4577 291 4634 hominum
307 4578 439 4649 abditus,
451 4586 613 4640 nocturnus
623 4585 716 4642 viator
726 4590 821 4642 totum
835 4585 890 4642 iter
943 4587 973 4643 id
989 4585 1085 4641 divina
1100 4582 1244 4639 rectitudo
1259 4580 1345 4653 longo
1358 4586 1421 4653 post
1436 4585 1576 4652 ternpore,
1592 4577 1764 4634 succedente

67 4666 249 4723 conficiebat.
261 4665 401 4724 Solitarisa
413 4671 578 4728 sanctitatis
587 4677 709 4744 amator,
718 4673 799 4731 nulla
809 4690 890 4746 pom·
943 4673 1137 4741 litbelwoldo,
1148 4672 1196 4728 cui
1210 4670 1340 4727 noctium
1356 4667 1497 4741 principio
1514 4675 1579 4724 ante
1593 4670 1763 4724 sanctorum

66 4772 104 4829 pa
118 4756 191 4812 bona
207 4772 261 4812 sus
277 4756 482 4828 prostituebat.
498 4759 570 4817 llino
596 4762 706 4818 lactum
727 4763 840 4834 opinor,
857 4767 889 4818 ut
943 4763 1083 4836 reliquias
1098 4761 1254 4818 lucubrare
1269 4759 1365 4829 solito,
1382 4772 1542 4832 apparuere
1555 4761 1614 4813 tres
1629 4755 1765 4813 assistere

66 4845 138 4903 cralo
159 4849 273 4901 tantum
294 4848 368 4902 teste
389 4847 505 4916 fruitus,
521 4849 654 4906 emnium
681 4851 889 4912 miraculorum
943 4850 1193 4927 persona,nonin
1205 4850 1323 4919 exstasi,
1336 4849 1384 4905 sed
1396 4845 1764 4920 planeinsomni.0usrum

66 4952 188 4994 auorum
201 4936 305 4991 notitia
317 4942 499 5008 posterorum
511 4939 658 4996 insudaret
667 4940 887 5002 conscientiam.
944 4961 1008 5017 quae
1024 4943 1129 5012 media,
1146 4941 1198 4996 bas
1214 4938 1373 5009 exprimere
1388 4953 1472 4995 voces
1487 4945 1531 4992 est
1545 4936 1644 4992 audita
1657 4951 1663 4989 :
1676 4955 1690 4985 «
1706 4937 1764 5007 ligo

65 5025 130 5082 Jam
158 5041 225 5084 vero
249 5027 313 5082 vita
342 5028 477 5099 prasenti
504 5027 699 5087 valefacturus
727 5031 888 5102 pontificali
943 5049 1010 5091 sum
1026 5026 1761 5100 Blrustaous,quoudambujusurbisepiscopus:

68 5115 390 5190 auctoritateprmcepit
406 5118 583 5187 astantibus,
596 5123 716 5176 utextra
727 5120 888 5180 ecetesiam
943 5122 991 5178 hic
1019 5121 1161 5192 (dextram
1190 5116 1356 5187 ostendens)
1379 5122 1422 5173 est
1445 5115 1562 5171 Biriuus
1592 5113 1764 5186 predicator

66 5203 187 5260 cadaver
199 5220 286 5262 suum
300 5205 467 5266 humarent:
479 5207 528 5264 ubi
539 5224 572 5264 ex
583 5207 706 5280 pedibus
716 5214 890 5282 pratereun-
943 5211 1056 5286 primus
1069 5227 1075 5266 :
1088 5210 1144 5265 iste
1154 5211 1193 5279 (et
1209 5206 1337 5263 ostendit
1352 5204 1513 5275 sinistram)
1522 5207 1566 5260 est
1577 5202 1763 5270 Switbuuus,

66 5293 153 5362 tium,
167 5295 196 5348 et
211 5291 370 5352 stillicidiis
385 5311 420 5352 ex
435 5297 494 5353 alto
510 5298 677 5355 rorantibus
692 5303 770 5356 esset
794 5301 888 5358 obno-
944 5299 1077 5375 specialis
1096 5297 1187 5370 hujus
1203 5294 1337 5353 lleclesia
1352 5299 1380 5351 et
1394 5294 1519 5350 civitatis
1544 5298 1692 5365 patronae.
1708 5293 1764 5351 No·

66 5381 160 5438 xium.
178 5380 308 5438 llxcessit
322 5401 397 5442 anno
410 5387 447 5442 ab
462 5387 667 5444 lucarnatione
688 5389 806 5447 Domini
824 5391 888 5465 863,
943 5390 1077 5460 verisque
1092 5387 1170 5459 quod
1186 5385 1262 5442 sicut
1278 5399 1323 5440 me
1338 5400 1403 5441 cum
1425 5384 1467 5439 eis
1491 5382 1536 5439 bis
1552 5382 1630 5439 vides
1646 5383 1676 5438 iu
1691 5399 1763 5454 pra·

66 5475 133 5544 post
143 5473 269 5526 mortem
277 5471 406 5544 Adulpbi
415 5491 455 5530 vr.
467 5476 632 5535 Pretoriare
643 5477 735 5536 multa
745 5484 887 5554 tempora,
944 5480 1049 5544 sentia,
1059 5478 1100 5535 ita
1109 5491 1177 5533 cum
1193 5477 1235 5532 eis
1246 5475 1276 5531 iu
1288 5473 1360 5531 coelu
1371 5490 1429 5531 nou
1440 5472 1550 5546 dispari
1567 5472 1647 5529 lruor
1658 5471 1761 5544 gloria.

66 5564 94 5618 at
105 5559 262 5632 margarita
272 5558 325 5618 ilai
334 5560 446 5620 latebat
456 5564 581 5637 ingloria
591 5567 677 5625 anuis
689 5569 746 5626 iero
758 5577 885 5629 centum.
945 5573 1002 5631 Gur
1024 5567 1115 5642 igitur
1137 5565 1256 5625 iraudcr
1278 5563 1500 5623 honorificentia
1522 5561 1699 5629 mortalium,
1713 5558 1763 5631 qul
