3772 6006
110 174 188 245 lflDl
572 167 773 235 wtbbnbtttl
794 165 1165 233 ulbunstttttttttrtsts
1187 165 1361 233 sontum
1766 166 1829 235 ifflt

111 312 180 373 dam
195 307 335 385 insigniis
349 306 422 375 suis,
437 305 573 363 videlieet
587 320 667 379 pers,
683 303 798 377 monili,
814 304 892 372 nola,
909 311 936 362 et
949 305 977 373 Α
992 302 1048 371 oio,
1065 305 1095 362 in
1114 308 1228 364 vetusta
1242 305 1364 365 enclesis
1388 306 1486 365 luisse
1511 304 1705 374 oollooatas,
1727 308 1758 365 at
1770 306 1833 365 Wa·
1855 334 1857 339 ·

111 398 264 459 textilibus
289 396 393 465 armis,
418 411 481 469 qua
505 394 615 453 ibidem
633 396 669 452 sd
685 395 750 467 ejus
767 394 938 455 memoriam
994 393 1089 453 leneas
1102 394 1269 454 orationum
1285 395 1537 469 frequentatione,
1555 400 1590 455 et
1607 393 1777 467 multipliei
1789 413 1836 455 sar·

112 492 320 559 reservantur;
344 486 511 545 indractum
533 501 600 543 varo
624 501 692 543 num
717 484 804 543 soniis
827 484 938 543 ibidem
994 500 1090 553 mone,
1116 484 1146 541 id
1169 484 1269 556 prooul
1294 485 1383 543 dubio
1403 490 1554 543 astruunt
1588 488 1622 543 el
1645 486 1838 549 corroborant

112 577 343 653 martyrisatum,
353 573 550 648 elsepnllum,
563 574 640 633 siout
649 573 722 633 alias
739 574 831 648 stylus
842 578 943 633 nostor
994 575 1106 633 illudio
1119 576 1247 633 medium
1261 575 1449 649 proterentes,
1462 575 1671 635 Dernarrlum
1683 574 1838 649 episeopus

113 686 172 727 non
188 666 288 727 tsouil.
309 665 411 725 Postea
431 680 482 738 per
504 663 597 721 Ynam
617 680 714 738 regem
732 665 767 721 de
781 664 845 723 loeo
861 681 940 722 mar-
993 664 1105 721 itosine
1121 664 1216 732 vallis,
1233 665 1342 723 ibidem
1366 665 1458 723 semel
1484 668 1516 722 el
1541 665 1694 722 seeundo
1711 664 1836 737 reliquias

111 758 179 830 tyrii
194 757 224 814 in
241 755 474 813 Glastoniansem
490 753 839 811 translaturneonlesism.
993 751 1093 826 Pergei
1118 754 1213 811 saneti
1242 754 1393 828 quesisse,
1414 759 1442 813 el
1468 754 1587 812 multis
1613 752 1835 815 reclamantibus

378 845 418 901 De
430 852 524 902 sonato
539 844 671 917 Bessique.
995 859 1051 901 non
1066 843 1224 902 invenisse.
1245 845 1300 903 Sed
1317 843 1441 917 qualiter
1455 845 1493 903 de
1509 845 1641 903 Rosius
1655 844 1833 918 vallansque

147 940 233 993 Anno
248 933 364 991 Domini
376 933 438 1002 tou,
448 939 567 992 sanutus
577 933 725 1006 Benignns
735 935 814 991 uenit
825 933 938 993 Diasio-
991 933 1027 991 ad
1057 933 1238 991 Dlaatoniam
1271 935 1356 993 dietas
1378 932 1509 1006 reliquia
1537 932 1706 993 translatae
1732 934 1832 991 inerant

112 1026 202 1085 niam.
220 1024 272 1083 llio
293 1023 457 1095 diaoipulus
481 1024 575 1083 saneti
597 1024 725 1095 Patrioii,
746 1029 776 1083 et
789 1040 939 1083 sueoessor
990 1022 1216 1095 subjungamus.
1232 1022 1368 1092 Quasdam
1381 1028 1514 1081 matrona
1531 1027 1671 1083 nomine
1688 1024 1829 1089 blawitba,

112 1115 144 1175 in
159 1117 330 1190 episeopatu
346 1116 412 1187 ejus
432 1114 536 1173 tertius
552 1115 581 1173 in
597 1115 736 1173 Hibernia
753 1115 820 1186 luit,
841 1131 938 1186 quem·
992 1121 1120 1185 tempore
1135 1113 1238 1186 Ddgari
1259 1114 1349 1187 regis,
1364 1114 1520 1185 pradiotas
1544 1113 1706 1187 reliquias
1720 1116 1828 1188 anquisi

112 1204 273 1265 admodum
284 1219 382 1263 eorum
394 1210 477 1277 gesta
492 1208 646 1263 testantur.
660 1204 820 1278 llioigltnr,
832 1205 937 1278 angelo
962 1236 964 1240 ⁴
988 1203 1030 1259 vit
1045 1219 1096 1275 per
1110 1202 1268 1275 quamdam
1284 1207 1441 1276 cognatum
1459 1218 1566 1271 suum,
1593 1203 1655 1275 qni
1677 1207 1820 1261 tunsione

113 1298 261 1361 monente,
275 1293 401 1367 patriam
417 1294 618 1367 pontidniiqne
637 1295 808 1366 dignitatem
824 1310 859 1352 ex
870 1298 936 1352 volo
989 1292 1069 1365 poris
1085 1293 1139 1348 luit
1153 1293 1308 1367 episeopus
1322 1294 1398 1365 opud
1410 1292 1557 1351 Resinam
1575 1292 1705 1361 vallem,
1722 1294 1821 1365 quando

111 1382 259 1452 deserens,
275 1381 438 1441 voluntaria
455 1382 688 1455 peregrinatione
703 1388 850 1457 susospta,
866 1383 936 1442 Gla·
988 1386 1050 1440 tota
1065 1385 1142 1439 terra
1166 1381 1250 1439 bomo
1272 1381 1324 1439 illa
1346 1383 1387 1439 ita
1409 1387 1526 1439 vastata
1552 1387 1638 1452 erat,
1667 1387 1705 1439 ut
1724 1383 1770 1439 sia
1779 1382 1820 1439 ali·

112 1473 241 1532 atoniam
257 1474 314 1531 Deo
330 1473 402 1532 duee
417 1473 559 1545 pervenit,
578 1473 628 1532 ubi
645 1476 675 1532 et
690 1478 826 1532 sanetum
842 1473 935 1532 Patri·
989 1472 1055 1544 quis
1076 1471 1163 1530 borno
1185 1470 1244 1528 illio
1268 1471 1460 1540 inueniretur,
1484 1471 1549 1533 nisi
1576 1488 1687 1544 pannas
1713 1472 1820 1537 lemine,

112 1561 191 1620 oium
215 1561 336 1620 invenit.
361 1561 480 1625 Quanta
502 1566 599 1620 numm
624 1562 702 1635 apud
726 1560 818 1621 Deum
837 1562 936 1635 gratiss
989 1566 1019 1619 et
1042 1560 1130 1619 etiam
1155 1561 1183 1617 in
1210 1559 1284 1620 raris
1316 1561 1398 1630 loois,
1424 1565 1454 1619 et
1483 1576 1537 1619 eas
1564 1560 1737 1621 Glastonie
1764 1577 1820 1619 sor·

110 1649 203 1716 inere,
226 1648 327 1707 multis
351 1653 431 1721 patet
451 1650 590 1709 virtutum
611 1649 739 1709 indietis.
765 1650 825 1709 Hoo
847 1651 935 1710 etiam
952 1634 975 1703 B
990 1651 1069 1713 tulit.

112 1743 258 1798 testantur
281 1740 344 1812 eius
368 1740 497 1813 insignia
525 1742 603 1813 apud
628 1741 842 1815 Fornigemere,
866 1743 954 1801 data·
1057 1742 1263 1816 Dersttqaiisn
1279 1743 1391 1802 duellio
1407 1743 1584 1801 Glostons’assa
1598 1744 1768 1802 translatis.

110 1825 175 1900 ejus
190 1828 326 1899 preoibue
349 1845 424 1902 aqua
446 1830 624 1904 largissima,
647 1834 677 1890 et
696 1847 731 1889 ex
749 1831 814 1902 elus
830 1829 933 1889 baoulo
1023 1832 1124 1891 Testes
1139 1837 1209 1891 sunl
1233 1832 1382 1892 walenses
1398 1833 1526 1906 religiosi
1550 1837 1647 1893 terras
1672 1832 1764 1903 illins,
1777 1833 1819 1904 qni

112 1916 194 1975 arido
211 1917 314 1991 ingens
329 1920 416 1976 arbor
428 1937 526 1977 wreus
541 1925 569 1977 et
584 1919 751 1978 irondilera.
768 1921 821 1979 Hie
833 1919 932 1994 itaque
988 1933 1023 1977 ea
1037 1924 1209 1991 tempestate
1224 1920 1353 1995 plurima
1365 1938 1488 1995 corpora
1502 1927 1704 1993 sanotnrum,
1719 1928 1748 1981 et
1761 1922 1815 1979 eali·

111 2008 351 2082 postimmensos
370 2027 461 2084 yones
485 2011 516 2069 tn
539 2011 618 2069 diota
641 2010 739 2070 insuta
765 2012 848 2070 beato
874 2012 932 2068 nne
987 2005 1083 2077 quius,
1100 2006 1303 2066 Dotuemituri
1319 2025 1420 2067 seeum
1434 2009 1628 2069 utastoniam
1645 2009 1815 2073 denotarunt,

111 2097 281 2171 quietibus
301 2104 365 2172 post
386 2098 545 2159 multorum
566 2098 710 2158 ourrioula
732 2098 931 2168 annorum,id
986 2100 1016 2153 st
1049 2096 1215 2155 itinerando
1247 2098 1464 2171 proiioisoentas
1492 2098 1684 2159 dimiserunt
1712 2099 1813 2158 ibidea

109 2196 155 2247 est
169 2204 246 2247 anno
257 2187 375 2247 Domini
388 2190 612 2263 nongentesimo
629 2190 734 2263 primo,
752 2188 931 2248 Dlastoniam
986 2185 1074 2243 Dante
1087 2189 1130 2243 est
1148 2187 1210 2245 beo
1226 2187 1376 2247 translatio
1400 2204 1477 2245 anno
1499 2193 1570 2259 post
1593 2195 1729 2247 mortem
1748 2190 1816 2261 eius·

110 2274 269 2334 bonoriitoe
284 2275 445 2335 translatus
459 2280 514 2335 est.
987 2275 1054 2331 dem
1070 2275 1133 2345 420,
1148 2277 1360 2335 innarnstionis
1375 2276 1537 2334 Dominions
1551 2277 1624 2336 966.

353 2367 390 2424 Ds
404 2370 498 2425 sancto
512 2365 686 2425 columkilla.
1019 2366 1058 2421 Da
1071 2368 1254 2423 sanctitatem
1265 2365 1405 2438 otiositate
1419 2366 1628 2425 Glostosss'ensis
1639 2366 1784 2427 lteeluiae.

144 2455 228 2513 Anno
245 2455 359 2513 Domini
373 2455 427 2513 504
447 2460 570 2514 sanetus
591 2454 762 2515 Columkilla
776 2454 853 2514 venit
866 2455 932 2513 Gla·
1020 2454 1071 2511 Dat
1092 2470 1161 2527 ergo
1186 2455 1398 2514 Glastoniensis
1421 2455 1546 2515 eoeleste
1569 2457 1728 2529 omnium,
1749 2472 1813 2530 quaa

109 2545 246 2604 eteniam.
262 2545 384 2611 Quidam
395 2544 544 2605 allirmaol
555 2544 635 2604 buno
645 2550 780 2605 sanetum
791 2544 856 2603 vita
870 2561 931 2602 sus
986 2542 1105 2615 quidem
1117 2545 1259 2614 noverim,
1271 2545 1481 2620 antiquissime
1490 2546 1521 2602 in
1532 2545 1659 2618 Anglia.
1673 2548 1744 2606 lude
1753 2546 1813 2619 quia

110 2651 228 2693 oursurn
245 2635 353 2693 ibidem
374 2650 606 2702 consummasse,
626 2636 676 2695 sed
691 2639 790 2693 utrum
811 2634 864 2703 sio,
880 2638 932 2692 aul
985 2649 1146 2706 ooguomen
1161 2635 1276 2704 sortita,
1290 2637 1318 2692 in
1333 2651 1377 2703 aa,
1392 2639 1494 2709 preter
1505 2635 1634 2693 boatum
1650 2637 1811 2699 Patrioinm.

108 2722 177 2783 inde
192 2725 401 2798 repatriaverit,
417 2741 475 2783 non
490 2725 614 2784 diiitnio.
985 2726 1014 2780 et
1027 2721 1110 2793 alios,
1126 2724 1280 2797 dequibus
1289 2726 1426 2798 superius
1440 2723 1511 2793 dixi,
1523 2724 1697 2784 multorum
1708 2730 1812 2786 amoto

270 2817 309 2873 De
321 2818 414 2873 sonnio
434 2816 519 2875 Dauid
538 2815 751 2889 orcttepisropn.
984 2829 1051 2870 rum
1070 2813 1236 2887 eorporslos
1258 2819 1413 2875 servantur
1425 2814 1544 2884 exuvie,
1561 2830 1621 2873 neo
1636 2833 1656 2874 a
1671 2816 1812 2875 malornm

144 2905 211 2962 Jsm
224 2921 290 2963 vero
314 2906 418 2977 quanti
440 2922 508 2963 eum
530 2906 626 2963 looum
651 2906 786 2977 panderit
804 2921 930 2978 magnus
985 2902 1133 2962 cineribus
1145 2911 1229 2961 venat
1244 2903 1324 2966 nilus
1340 2904 1398 2961 lani
1414 2904 1557 2975 ambitus,
1571 2905 1653 2963 adeo
1669 2905 1811 2976 pavimen·

108 2990 158 3051 ille
174 2992 261 3051 David
280 2993 496 3050 blenerensinm
518 2992 767 3066 arobiepisoopus,
786 2994 930 3052 celebrius
945 2962 967 3033 c
987 3000 1050 3049 tum
1065 2992 1162 3066 lapide
1173 2998 1368 3060 substratum,
1379 2993 1452 3050 adeo
1467 2992 1568 3052 altaris
1583 2993 1695 3063 latera,
1712 2995 1802 3068 ipsum

106 3085 255 3153 estqnam
276 3085 308 3138 nt
326 3085 426 3140 nostro
456 3082 586 3154 indigeat
614 3082 753 3141 illustrari
777 3082 880 3141 adsim
906 3083 934 3141 ls
987 3081 1149 3153 quealtare
1168 3098 1257 3155 supra
1276 3083 1406 3151 etinlra,
1430 3082 1561 3154 reliquiis
1587 3085 1811 3144 oonlartissimts

107 3170 312 3243 antiquitatem
323 3176 353 3230 et
367 3171 599 3230 aanotitudinem
609 3171 737 3232 enclesis
747 3173 844 3233 diuino
854 3189 932 3232 oom-
986 3177 1172 3246 aggeruntur.
1189 3172 1291 3231 Merito
1312 3188 1381 3244 ergo
1405 3173 1513 3233 dieitur
1537 3173 1664 3233 setosus
1687 3174 1721 3233 ln
1735 3173 1811 3233 tanis

108 3262 242 3336 probarit
259 3262 387 3322 oraeulo.
404 3264 582 3323 Dedinationi
605 3266 683 3324 enim
699 3266 763 3339 eins
777 3266 934 3324 intendens
987 3261 1198 3332 aanolnerium,
1216 3267 1261 3321 tot
1276 3266 1443 3321 senatorum
1464 3261 1713 3322 renouditorinm.
1729 3265 1811 3332 Quam

107 3366 174 3410 oum
198 3352 341 3425 episeopis
366 3358 491 3427 septem,
515 3370 642 3426 quorum
665 3356 777 3426 primus
801 3359 872 3425 aral,
896 3355 932 3412 ad
986 3350 1095 3424 lelioea,
1120 3351 1196 3410 Deus
1218 3353 1306 3423 bone,
1336 3351 1528 3423 habitatores,
1555 3368 1637 3423 quos
1667 3352 1736 3425 ipsa
1762 3352 1811 3410 losi

106 3439 204 3499 lorum
220 3442 315 3509 uenit;
340 3443 449 3513 paratis
474 3448 574 3499 autem
597 3444 735 3501 omnibus
758 3460 822 3517 que
842 3445 932 3520 olDoiq
987 3442 1147 3501 reverentia
1163 3442 1200 3499 ad
1215 3456 1331 3499 morum
1351 3440 1596 3514 eompositionsm
1613 3441 1734 3514 inuitat,
1749 3440 1811 3501 nnl-

106 3546 180 3590 usus
203 3535 381 3603 exposuerat,
411 3538 495 3590 noete
524 3550 714 3606 processura,
740 3541 771 3592 ut
800 3538 932 3611 putabat,
987 3530 1049 3589 lum
1065 3529 1670 3603 debiserediderimdeperirsooelo,quoa
1686 3531 1809 3605 corpori·

106 3620 291 3679 festivitatem
307 3637 412 3679 somno
423 3621 566 3682 indulsit:
583 3639 685 3682 omnes
699 3640 767 3698 ergo
778 3642 885 3685 sensus
901 3626 931 3684 in
985 3621 1042 3679 bus
1054 3635 1189 3694 egressos
1200 3624 1350 3680 tantorum
1365 3625 1555 3694 patronorum
1569 3620 1682 3694 exeipit
1698 3619 1809 3681 lausvel

107 3710 234 3784 quietam
259 3709 374 3768 solutus
397 3710 471 3769 vidit
485 3712 642 3770 Dominum
662 3715 760 3773 lesum
781 3717 931 3788 assistens,
986 3711 1144 3770 excusatio.
1169 3710 1225 3768 Ubi
1243 3715 1341 3769 anum
1363 3720 1463 3769 notare
1481 3710 1550 3768 linet
1573 3710 1605 3768 in
1633 3711 1808 3783 pavimento.

108 3818 228 3860 oausam
245 3803 387 3860 adventus
407 3802 513 3859 blande
532 3803 741 3863 solaoitantem.
757 3808 848 3871 Quam
864 3821 930 3864 oum
985 3801 1029 3859 vei
1053 3817 1105 3874 per
1122 3800 1318 3874 triangulum.
1341 3800 1387 3859 tel
1408 3817 1458 3873 1²0?
1481 3801 1676 3872 quadrum,
1705 3800 1810 3874 inuidit

107 3890 157 3949 illa
171 3891 357 3949 inounntatus
382 3892 555 3964 aperuisset,
575 3893 721 3950 resonavit
739 3910 805 3956 aum
822 3913 839 3953 a
860 3912 930 3953 sen·
986 3890 1159 3949 altrinsecus
1173 3907 1209 3947 ex
1222 3890 1369 3948 industria
1378 3890 1500 3963 positos,
1515 3906 1551 3947 ex
1565 3888 1696 3962 plumbo
1709 3891 1810 3963 sigilla·

107 3984 199 4041 tantia
215 3983 357 4040 Dominus
372 3984 426 4040 boo
445 3984 539 4042 dieto:
559 3986 723 4042 [tadinatem
739 4002 756 4042 a
770 4002 802 4044 sa
817 3987 929 4044 dudum
984 3986 1041 4048 tos,
1063 3982 1119 4039 sub
1138 3980 1245 4052 quibus
1266 3981 1388 4053 quidam
1402 3980 1501 4038 aroani
1522 3980 1600 4037 sauri
1615 3981 1775 4051 sentinari,
1787 3979 1809 4036 si

108 4071 267 4131 lienteriam
291 4073 320 4129 in
347 4073 458 4130 bonore
482 4090 543 4130 suas
567 4075 680 4144 matris,
705 4076 857 4133 iteratione
876 4076 931 4133 bu·
985 4069 1081 4139 oredo,
1103 4068 1242 4142 injuriam
1262 4068 1398 4142 religioni
1422 4085 1480 4127 non
1495 4068 1579 4127 lanio.
1597 4070 1771 4143 Antiquitas
1786 4074 1811 4127 st

107 4180 196 4222 mana
211 4169 428 4222 sseramentum
442 4163 578 4221 temerari
593 4180 651 4222 non
666 4169 807 4237 oportere,
824 4165 928 4223 simul·
983 4165 1150 4218 asnotorum
1173 4159 1325 4232 congeries
1346 4158 1450 4217 eaoivit
1470 4159 1669 4217 reverentiam
1694 4160 1770 4227 loon,
1785 4167 1810 4217 nt

106 4270 162 4328 que
177 4271 244 4312 oum
264 4254 342 4313 dioto
362 4253 458 4313 solam
480 4254 570 4329 digito
595 4254 741 4312 terebrare
764 4256 843 4313 stans
868 4254 928 4315 hau
981 4249 1029 4307 vix
1052 4249 1093 4307 ibi
1108 4248 1174 4322 quis
1198 4255 1285 4306 nootu
1306 4251 1462 4320 presumat
1482 4247 1625 4307 exeubias
1647 4264 1751 4321 agera,
1769 4250 1810 4306 six

105 4344 239 4417 subjicit:
264 4345 320 4401 boo
340 4344 460 4401 baberet
483 4345 610 4417 signum,
634 4344 724 4417 repeti
745 4359 804 4401 non
824 4312 1109 4402 debereDintardiu
1141 4353 1309 4396 exoresnens
1339 4337 1445 4411 flegma
1477 4337 1633 4409 proJioere,
1673 4339 1810 4399 illusoria

107 4436 183 4506 quod
199 4434 260 4508 ipse
275 4432 465 4507 anticipasset
479 4433 582 4491 lauare.
598 4432 653 4489 Sed
670 4432 741 4505 quia
756 4434 928 4491 intentionis
983 4427 1118 4486 torturis
1132 4427 1277 4497 oonsoins,
1301 4432 1362 4486 toto
1386 4427 1538 4487 cohorreat
1558 4443 1696 4500 eorpore,
1712 4430 1810 4488 nullus

106 4520 187 4579 illius
202 4529 333 4578 nontam
349 4520 927 4594 luerttandaoiaqnamdevotio,poanam
984 4517 1062 4574 inter
1084 4517 1256 4591 eontiguum
1281 4516 1491 4587 ommeterium,
1514 4518 1558 4574 uel
1579 4533 1669 4575 avem
1694 4525 1809 4576 venato·

104 4626 162 4668 non
179 4608 420 4683 prolongandam.
440 4609 571 4683 Denique
587 4625 673 4667 mane
687 4610 796 4679 tuturo,
814 4627 880 4668 oum
897 4612 927 4668 in
985 4606 1057 4665 riam
1073 4607 1196 4673 advexit,
1216 4605 1261 4663 vel
1275 4607 1477 4680 quadrupedes
1490 4606 1618 4676 induxit,
1634 4607 1688 4679 qui
1706 4609 1754 4666 sui
1769 4605 1809 4664 sal

104 4699 196 4759 missa
218 4715 269 4774 per
291 4698 383 4772 ipsum
405 4703 432 4756 el
454 4716 517 4755 oum
539 4701 598 4771 s'pso
619 4708 646 4757 st
665 4701 696 4755 in
716 4703 775 4772 ipso
796 4700 928 4758 dicturus
984 4696 1026 4754 rei
1039 4713 1178 4769 possesse
1195 4697 1343 4754 indemnis
1362 4696 1481 4766 abierit;
1500 4697 1575 4754 lerro
1591 4698 1638 4753 sel
1653 4713 1734 4771 aqna
1749 4715 1808 4757 aaa·

104 4794 190 4856 esset,
218 4789 339 4863 plenum
369 4789 396 4846 ei
419 4788 522 4847 salutis
545 4788 673 4862 vigorem
699 4790 926 4847 retundendum.
984 4788 1127 4856 minandi,
1152 4788 1177 4845 si
1208 4788 1369 4845 orationem
1398 4786 1440 4844 lbi
1462 4788 1665 4860 deposuerint,
1697 4806 1808 4857 omnes,

106 4880 157 4938 llis
175 4881 333 4938 terroribus
348 4881 472 4937 antistes
486 4895 591 4937 somno
605 4895 756 4950 exeussus,
767 4879 843 4937 sioni
857 4884 928 4937 luno
982 4894 1057 4950 qnos
1072 4893 1201 4950 presens
1217 4877 1358 4935 memoria
1372 4876 1585 4949 nompleutitur,
1603 4893 1661 4949 qno
1678 4888 1806 4952 exsepto.

105 4970 186 5026 sanis
202 4969 332 5026 uloerosa
352 4967 523 5042 impalluit;
546 4967 589 5026 sio
610 4973 712 5041 postea
735 4967 928 5041 pbilosophis
982 4967 1018 5024 de
1029 4967 1189 5025 salutesno
1203 4966 1415 5040 tripudiarunt.
1428 4965 1458 5022 Si
1473 4964 1565 5038 quise
1579 4964 1681 5022 vioino
1698 4965 1808 5040 aliquid

103 5059 219 5116 veritati
237 5057 392 5132 applausit,
416 5056 467 5115 sed
499 5073 535 5115 ne
556 5056 632 5114 nibil
653 5058 799 5115 rideretur
821 5057 927 5130 egisse,
981 5057 1138 5116 adiitnium
1155 5056 1311 5113 looandnm
1328 5058 1469 5127 putasset,
1485 5054 1563 5127 quod
1577 5053 1808 5114 obumbratione

105 5147 193 5204 aliam
209 5150 360 5207 eoelesiam
376 5149 463 5205 oitato
479 5148 548 5205 lenit
561 5151 590 5204 et
604 5147 749 5206 dedicavit
761 5164 856 5221 opere.
982 5164 1036 5205 sua
1051 5147 1144 5204 luosm
1161 5145 1302 5203 inuideret
1320 5144 1459 5212 eoeleste,
1481 5143 1575 5216 patuit
1594 5143 1703 5211 suino,
1726 5143 1807 5202 satis·

323 5240 361 5296 De
375 5238 501 5311 rsts‘qtsis's
515 5240 605 5296 sanati
619 5238 715 5295 Dauid.
982 5255 1040 5311 que
1054 5240 1169 5295 oonstat
1182 5236 1333 5292 bominem
1345 5235 1426 5291 illius
1436 5233 1589 5307 provinoie
1605 5232 1729 5291 nullum
1744 5250 1807 5292 san·

141 5325 272 5383 onesait
300 5333 397 5385 antem
429 5328 476 5385 bio
496 5336 616 5386 sanetus
642 5333 698 5386 Deo
722 5329 827 5401 dignus
851 5346 927 5386 anno
981 5328 1058 5386 otius
1072 5326 1116 5383 vel
1136 5325 1265 5383 erebrius
1280 5326 1482 5397 juramentum
1501 5321 1621 5394 babere,
1644 5340 1739 5396 quam
1760 5338 1809 5397 pas

105 5413 222 5472 Domini
235 5415 300 5472 bib.
315 5415 438 5480 Quidem
462 5434 533 5475 sane
548 5418 706 5487 alllrmanl,
731 5418 870 5491 reliquias
892 5419 928 5475 de
982 5422 1108 5475 veterem
1123 5414 1286 5482 eeclesiam,
1303 5414 1375 5471 nibil
1392 5413 1483 5487 magis
1497 5413 1622 5470 uitantes
1637 5419 1721 5472 metu
1737 5414 1807 5473 osia·

105 5503 160 5562 boo
175 5512 275 5563 annoto
290 5512 316 5560 st
336 5504 558 5578 incomparabili
573 5509 634 5566 viro
649 5524 716 5567 oum
737 5508 822 5566 beato
836 5508 927 5565 Patri·
982 5507 1022 5565 ris
1036 5505 1166 5564 vindiota
1184 5519 1273 5576 quem
1293 5504 1452 5576 perjurans.
1471 5502 1631 5559 Labentem
1649 5504 1804 5560 vertutum
