3750 6000
153 223 229 283 1519
603 220 805 283 wthttttbll
828 219 1199 286 lllALMESBURIIlNSlS
1221 224 1397 290 uounuffl
1777 228 1854 291 tteu

150 357 232 413 chius
248 354 438 412 Orientalium
461 354 623 427 ungrorum
637 360 666 413 et
682 354 859 412 australium
882 357 970 410 sexo·
986 354 1013 421 Α
1029 357 1101 412 teret
1116 357 1213 414 rebus.
1225 359 1364 416 Praeterea
1374 357 1450 432 apud
1464 357 1684 417 'theodfordum
1696 361 1856 418 monachos

151 463 232 502 num.
249 445 410 501 intercessu
426 460 491 501 vero
506 445 648 516 temporis
665 448 707 502 sio
719 443 840 502 redditis
856 442 974 499 rationi·
1028 441 1234 504 Cluniacenses
1244 446 1385 514 instituit,
1401 449 1478 520 quod
1490 448 1548 505 sint
1559 448 1640 506 illius
1655 450 1784 508 coennhii
1795 465 1858 522 pru·

150 536 374 607 husStigaudus
388 534 504 605 evaluit,
522 535 620 591 utsihi
632 535 813 591 Australium
829 534 973 590 Saxonum
1029 533 1152 592 laesores
1167 538 1274 610 ubique
1289 538 1423 610 gentium
1448 554 1520 610 pene
1541 539 1679 611 dispersi,
1696 539 1855 612 locupletes

150 627 350 699 episcopatum
369 627 543 696 restitueret,
560 631 587 683 et
606 625 798 684 Orientalium
813 623 972 697 auglorum
1027 623 1856 702 insaeculo,etsplendidissimereligionisinDeo.lugenti

64 740 69 749 ·
149 717 233 773 tratri
250 717 416 774 Ethelmero
436 719 610 789 acquireret.
627 716 773 773 Minimum
787 715 815 771 id
832 712 974 771 animosi·
1027 728 1095 785 ergo
1113 720 1142 771 et
1168 732 1326 773 numerosa
1350 716 1489 773 virtutum
1512 716 1607 789 gratia
1636 718 1853 790 preteritarum

150 808 203 863 tati
218 823 276 863 aua
304 811 393 873 ratus,
421 805 658 864 wintoniensem
683 810 711 863 et
735 805 972 863 cantuarlensem
1026 801 1852 880 offensarumobumbravitmolem,pracipueprognostico

150 895 272 954 thronos
283 897 422 967 ascendit,
439 896 484 953 uir
495 904 786 970 aegrequeexoratus,
804 900 836 951 ut
849 894 974 951 Austra-
1028 893 1221 950 antecessoris
1232 901 1258 950 et
1269 910 1333 962 suo,
1350 893 1453 951 amalo
1468 894 1632 965 exterritus,
1647 899 1676 953 ct
1692 896 1730 952 ad
1747 896 1850 953 bonum

150 985 403 1043 tibussaxonihus
418 987 555 1059 proprius
571 984 900 1043 ordinareturantistea.
1027 986 1151 1037 erectos.
1169 980 1295 1040 Hertasti
1321 982 1386 1051 luit,
1398 1005 1413 1034 a
1428 983 1490 1040 Non
1507 984 1585 1042 hunc
1609 984 1662 1042 sed
1689 985 1849 1042 Barahbam

185 1073 973 1147 PostEthelmsrumluitllelmanensisepiacopusHer·
1027 1069 1116 1142 (toan.
1134 1073 1234 1143 xv111);
1252 1093 1266 1122 s
1292 1089 1403 1143 suum;
1431 1095 1445 1124 u
1461 1073 1571 1142 Amice,
1593 1073 1630 1132 ad
1647 1074 1724 1147 quid
1753 1075 1849 1131 venisti

151 1166 255 1231 iustus,
271 1164 346 1221 sicut
360 1165 503 1222 invenitur
518 1165 548 1222 in
564 1165 679 1223 concilii
692 1173 781 1233 textu,
796 1163 873 1235 quod
893 1165 973 1219 sexto
1027 1159 1134 1230 (llcttb.
1150 1161 1227 1232 xxvi)
1244 1179 1252 1231 ;
1270 1184 1284 1211 b
1304 1178 1361 1234 quo
1376 1163 1487 1230 audito,
1504 1179 1556 1220 nec
1570 1162 1725 1237 lucrymis,
1744 1180 1797 1221 nec
1810 1163 1849 1221 his

149 1271 225 1310 anno
242 1252 394 1310 Willielrni
410 1254 488 1325 regie
505 1270 555 1326 pro
580 1253 705 1326 primatu
723 1255 849 1309 duorum
864 1256 974 1307 metro·
1027 1248 1086 1304 iere
1101 1250 1198 1306 verbis
1210 1250 1350 1308 abstinuit
1363 1267 1370 1307 :
1383 1274 1397 1304 α
1413 1251 1617 1325 llulequidem
1634 1253 1757 1321 intravi,
1768 1253 1849 1311 cond·

150 1342 346 1415 politanorum
366 1344 472 1398 lactum
488 1348 540 1399 cst.
558 1342 610 1407 Qui
627 1359 663 1398 ne
676 1341 748 1398 nihil
776 1341 878 1398 iecisse
892 1339 973 1396 vide·
1028 1342 1102 1408 teor,
1112 1340 1164 1397 sed
1173 1339 1225 1397 Dei
1235 1343 1330 1414 gratia
1353 1347 1490 1414 operante
1509 1342 1583 1400 hene
1594 1344 1746 1416 egrediar.
1761 1365 1776 1395 a
1791 1344 1850 1400 lirul

150 1437 239 1500 retur,
258 1440 286 1489 ut
304 1438 374 1489 sunt
400 1432 559 1488 Normanni
588 1432 670 1487 lame
700 1432 729 1487 in
753 1432 885 1487 loturum
910 1438 971 1485 stu—
1028 1443 1095 1499 ergo
1116 1429 1330 1488 disertitudinis
1346 1437 1374 1488 et
1387 1431 1549 1488 litterarum
1572 1432 1669 1506 copia,
1687 1449 1744 1491 nac
1761 1433 1851 1491 minus

149 1521 320 1591 diosissimi,
333 1521 534 1593 episcopatum
547 1519 764 1576 deHelmaham
777 1518 927 1575 transtulit
937 1518 972 1574 ad
1027 1518 1213 1576 secularium
1229 1536 1326 1577 rerum
1339 1520 1454 1594 peritia,
1470 1521 1605 1578 Romana
1621 1521 1849 1578 celsitudinisu·

148 1609 369 1666 thethfordum.
399 1611 505 1678 Parca,
531 1615 563 1666 ut
587 1609 682 1677 aiunt,
699 1609 806 1665 mentis
821 1609 917 1677 hemo,
945 1611 974 1664 et
1027 1608 1850 1685 spicieudus.MutatusquellerchortusluitlutLucanm

149 1699 290 1755 nonnulla
306 1717 340 1755 ex
358 1706 438 1771 parte
460 1699 566 1755 litteris
592 1699 744 1755 eruditus:
775 1698 882 1772 quique
906 1702 974 1754 ante
989 1676 1011 1742 Β
1027 1695 1063 1752 de
1091 1696 1215 1755 Curione
1241 1698 1323 1771 dicit)
1340 1705 1522 1757 momentum
1539 1705 1569 1757 et
1589 1702 1717 1758 mutatio
1734 1717 1850 1769 rernm3

148 1788 306 1847 adrentum
327 1788 482 1846 Lanlranci
498 1789 528 1843 in
545 1789 753 1846 Ncrmanniam
770 1787 930 1860 probabilis
942 1787 971 1844 in
1027 1787 1104 1842 sicut
1118 1790 1249 1860 tempore
1262 1787 1416 1845 Willielmi
1432 1790 1509 1862 regie
1523 1789 1662 1846 Simonias
1677 1791 1848 1858 causidicus,

147 1877 190 1933 eis
214 1877 341 1935 scientia
370 1877 593 1935 aestimatussit.
611 1879 667 1935 Sed
684 1894 717 1934 eo
746 1879 820 1948 apud
847 1878 970 1934 Beccum
1027 1874 1068 1931 ita
1093 1881 1233 1947 regnante
1247 1878 1371 1934 Henrico
1401 1878 1744 1951 propulsatorinvictus.
1761 1884 1851 1953 Neque

147 1967 334 2036 monachato,
355 1984 422 2024 cum
443 1968 548 2038 ubique
564 1967 713 2025 scholares
738 1967 846 2024 inflatis
871 1967 971 2024 buccis
1026 1964 1850 2043 ahaliiafierivoluit,quodesequoudamprresumptum

147 2056 329 2114 dialecticam
358 2061 519 2124 ructarent,
548 2057 699 2114 llerlastus
730 2058 791 2129 jam
820 2053 970 2114 Willielmi
1021 2053 1144 2125 juvenili
1162 2057 1272 2113 lervorc
1289 2056 1423 2115 indoluit.
1439 2057 1499 2114 Pru
1512 2073 1554 2126 se,
1570 2062 1601 2115 nt
1615 2058 1729 2128 ierunt,
1741 2075 1849 2131 semper

146 2146 261 2202 comitis
276 2154 376 2219 postea
390 2147 658 2220 regiscapelleuus,
675 2147 710 2202 ad
726 2148 872 2203 famosum
887 2160 971 2218 gym·
1025 2145 1121 2201 terens
1149 2144 1316 2219 hieronymi
1344 2147 1454 2203 dictum
1471 2164 1479 2202 :
1497 2169 1511 2198 ι(
1525 2145 1698 2205 Erravimus
1721 2149 1849 2221 juvenes,

146 2235 260 2290 nauium
277 2252 385 2309 magna
411 2236 558 2293 sociorum
573 2240 602 2293 et
620 2251 761 2308 equorum
778 2252 881 2308 pompa
905 2250 972 2308 per·
1025 2235 1217 2292 emendemus
1237 2252 1332 2293 senes.
1351 2259 1364 2285 a
1380 2236 1530 2293 Postremo
1546 2238 1613 2310 quis
1639 2236 1671 2293 in
1686 2236 1771 2294 illius
1786 2236 1849 2294 lacti

145 2323 233 2380 venit.
258 2324 332 2381 Tum
349 2325 531 2383 Lantraucus
546 2341 580 2382 cx
604 2325 698 2398 prima
712 2323 905 2382 collocutione
926 2322 970 2378 in·
1024 2323 1138 2382 laudem
1150 2326 1363 2399 dignenttexat,
1373 2328 1449 2399 quod
1461 2333 1520 2384 tam
1533 2326 1630 2384 nobile
1641 2330 1848 2386 monasterium

143 2411 279 2484 telligens
290 2430 378 2485 quum
390 2431 481 2486 prope
493 2413 566 2471 nihil
577 2415 676 2483 sciret,
691 2412 900 2471 Abscedarium
912 2411 968 2486 ipsi
1023 2414 1178 2487 episcopus
1193 2431 1252 2472 nou
1277 2416 1403 2472 multum
1426 2418 1598 2489 pecuniosus
1620 2418 1735 2488 lecerit,
1749 2420 1781 2476 in
1799 2435 1847 2491 quc

145 2503 360 2575 expediendum
385 2504 531 2576 apposuit,
558 2504 695 2562 lerooiam
718 2503 847 2560 hominis
869 2502 968 2560 Italica
1023 2503 1096 2560 nibil
1114 2505 1221 2562 trustra
1237 2506 1384 2562 desideres
1412 2506 1456 2565 rel
1486 2506 1516 2563 in
1536 2507 1733 2565 edificiorum
1757 2509 1844 2581 spacia

142 2593 249 2649 lacatia
264 2593 398 2650 illudens.
413 2595 474 2660 Quo
490 2594 515 2650 is
532 2593 662 2650 irritatus
678 2610 729 2667 per
746 2594 878 2650 comitem
897 2592 969 2649 etle-
1022 2592 1539 2665 sublimium‚valinornamantorum
1550 2594 1846 2668 pulchritudine,tnn

142 2681 192 2751 cit,
210 2688 243 2737 ut
254 2683 432 2739 lanfrancus
448 2682 538 2739 Becco
553 2683 881 2755 Normanniaquaomni
896 2682 968 2739 sub·
1021 2683 1052 2739 in
1069 2684 1278 2740 monachorum
1295 2684 1444 2757 religione,
1456 2688 1485 2741 et
1499 2684 1648 2741 sedulaad
1660 2702 1769 2744 omnes
1784 2685 1846 2744 cha·

142 2775 316 2828 moveretur.
346 2770 402 2827 Sed
432 2772 629 2828 intercedente
656 2772 707 2828 Dei
736 2771 831 2844 gratia
850 2770 968 2829 animus
1023 2773 1130 2830 ritate?
1153 2772 1374 2830 Hacetvivum
1394 2789 1446 2847 spe
1469 2773 1737 2847 lelicipalpahant,
1755 2778 1847 2833 etde·

141 2856 288 2914 Willialmi
318 2862 437 2930 pacatus
467 2864 521 2928 est,
551 2859 681 2931 alterque
705 2864 836 2916 retentus
858 2873 866 2912 ι
888 2864 968 2916 sata-
1022 2861 1846 2937 iunctum(aincnvanalidespmnitentiaelsuperrethera

139 2961 226 3026 gente
242 2956 368 3011 maxime
384 2955 539 3013 willielmo
551 2957 611 3014 filio
622 2957 753 3013 Oebarni.
780 2957 964 3029 Maximoque
1021 2950 1546 3025 tulerunt.AdepiscopiNorwiccnsis
1557 2953 1845 3027 dioecesinpertincre

138 3043 196 3098 luit
220 3046 422 3117 recuperande
449 3046 549 3119 gratias
569 3047 693 3116 occasio,
709 3047 784 3117 quud
804 3063 872 3103 curn
888 3051 963 3102 Lan·
1022 3043 1207 3115 dignoscitur
1218 3043 1424 3100 monasterium
1435 3044 1533 3100 Sancti
1549 3043 1709 3102 Edmundi.
1727 3044 1769 3103 De
1780 3061 1842 3118 quo,

140 3131 258 3190 francus
273 3134 309 3190 ed
325 3133 434 3190 curiam
451 3143 647 3192 commeatum
664 3135 807 3207 petiturus
822 3136 961 3206 venisset,
1017 3148 1188 3204 quanquam
1205 3131 1277 3189 alias
1292 3133 1425 3203 dixerim,
1441 3132 1557 3189 nuncsi
1573 3133 1703 3191 breuiter
1717 3150 1842 3193 comme·

137 3236 232 3295 equus
254 3223 319 3295 ejus
335 3226 407 3281 l'orte
423 3224 590 3281 claudicans
611 3225 711 3281 comiti
725 3226 900 3282 cachinnum
911 3241 961 3282 ex·
1017 3238 1178 3293 moravero,
1194 3239 1253 3279 non
1268 3227 1352 3280 vacat
1366 3241 1382 3280 a
1398 3224 1520 3280 ratione.
1538 3223 1585 3280 Sic
1599 3224 1678 3280 enim
1693 3229 1726 3281 et
1745 3225 1835 3298 dispo·

137 3313 241 3369 cussit.
1014 3309 1105 3367 situm
1122 3327 1219 3368 meum
1245 3311 1345 3368 ordine
1370 3312 1506 3384 procedet
1526 3328 1584 3384 qno
1609 3313 1752 3385 cogitavit
1776 3316 1835 3386 post

172 3407 241 3457 Post
251 3402 330 3459 hunc
341 3403 963 3480 diahusWillielmiminorisemitepisuopa·
1013 3401 1323 3458 commemorationem
1338 3400 1541 3474 episcoporum
1556 3409 1674 3458 sanctos
1690 3402 1722 3460 in
1739 3418 1833 3460 eornm

137 3495 200 3547 tum
214 3492 432 3547 'tetfordensem
442 3493 617 3550 Herehertus
627 3501 819 3566 cognomento
827 3495 959 3566 bumaga,
1016 3491 1160 3562 parochiis
1174 3490 1389 3563 requiescentes
1408 3508 1466 3548 non
1482 3493 1641 3564 preterire.
1663 3493 1700 3549 ttt
1714 3493 1833 3566 gratiosa

136 3581 214 3654 quod
226 3582 304 3637 ctare
314 3581 670 3656 adulationtsimpcgcrat,
682 3599 717 3640 ox
723 3584 810 3655 priori
823 3584 959 3656 hircanii,
1014 3579 1105 3636 fateor
1120 3581 1235 3648 accidit,
1248 3581 1404 3654 utprimus
1420 3591 1538 3639 sanctus
1554 3582 1833 3641 Edrnundusoccur·

134 3677 164 3728 et
178 3687 212 3727 ex
228 3671 333 3727 abbate
350 3671 509 3728 Rameseiaa
523 3672 614 3730 lactus
629 3674 795 3748 episcopus,
811 3680 892 3746 patre
907 3692 958 3733 suo
1014 3673 1099 3737 reret,
1114 3670 1164 3743 qui
1177 3670 1260 3742 quusi
1276 3687 1326 3727 rex
1341 3676 1370 3727 et
1386 3671 1522 3744 princeps
1538 3673 1640 3743 patria
1660 3673 1833 3744 compatrio-

134 3761 260 3817 Roherto
271 3761 403 3831 ejusdem
412 3762 594 3833 cognominis
605 3763 635 3820 in
646 3763 793 3820 abhatiam
806 3764 958 3822 Wintoniae
1013 3763 1111 3815 tarum
1122 3764 1290 3816 sanctorum
1302 3757 1548 3832 primuspalmum
1560 3759 1657 3816 laudis
1668 3761 1832 3818 vindicaret.

133 3849 258 3906 intruso.
277 3851 341 3905 uuit
356 3865 422 3920 ergo
437 3853 482 3907 vir
496 3850 546 3907 ille
557 3868 681 3922 magnus
696 3852 727 3908 in
740 3853 848 3926 Augila
862 3854 959 3911 Simo·
1013 3850 1150 3924 Regnavit
1167 3850 1216 3908 ille
1239 3853 1268 3907 in
1284 3850 1423 3908 Orientali
1441 3852 1555 3924 buglis,
1572 3851 1612 3907 vir
1628 3852 1690 3909 Deo
1707 3854 1833 3921 deuotus,

131 3938 295 4003 nialomas,
308 3939 549 3996 etiamabbatium
558 3941 818 4014 episcopatumque
827 3944 958 3999 nummis
1011 3945 1040 3998 et
1054 3941 1131 3997 avita
1144 3957 1243 4012 regum
1256 3941 1390 4014 prosapia
1400 3941 1556 3998 excellens.
1572 3941 1640 4008 Qui,
1649 3958 1720 3999 cum
1733 3942 1834 4015 aliquot

133 4031 310 4098 aucupatus,
327 4029 451 4100 pecunia
467 4028 580 4086 scilicet
599 4030 709 4102 regiam
727 4030 957 4089 sollicitudinem
1011 4029 1833 4106 annispacillceprovinciaepraefuisset,inillatempurum

131 4116 289 4183 inviscans,
305 4121 333 4172 et
362 4117 528 4189 principum
554 4120 644 4175 favori
673 4121 884 4192 promissiones
898 4138 956 4179 non
1011 4119 1834 4193 mollitievirtutemeJurarccompulsus:banorumducas

131 4205 209 4262 levas
226 4205 392 4263 assibilans.
418 4210 626 4265 Verumtamen
643 4225 799 4265 erroneum
815 4211 956 4283 impetum
1010 4208 1832 4281 Hinguaretlluhbu,NorthanimhrorumetOrientalium

126 4294 290 4366 juventutis
314 4294 440 4351 abolevit
467 4297 636 4367 poenitentia
659 4297 781 4353 llomam
811 4300 957 4370 protectus
975 4331 996 4396 D
1013 4297 1170 4370 llnglurum
1185 4297 1389 4370 depopulaturi
1404 4299 1568 4372 provincias
1579 4316 1694 4356 venera.
1707 4301 1831 4367 Quorum

130 4382 325 4439 severioribus
338 4384 435 4452 annis,
444 4386 492 4439 uhi
504 4384 705 4442 looihaculum
717 4386 916 4444 simoniacum
927 4393 956 4445 et
1010 4385 1124 4459 primus
1136 4402 1232 4459 regem
1249 4403 1305 4444 non
1323 4389 1518 4459 resistentem,
1529 4388 1579 4445 sed
1591 4389 1684 4445 armis
1699 4388 1832 4462 projectis

130 4473 956 4545 annulumdeponens,indulgentiaclementissimaesedis
1011 4477 1073 4534 solo
1089 4495 1225 4550 pronum,
1250 4483 1422 4536 stornatum
1446 4480 1531 4552 capit,
1558 4484 1669 4552 etpost
1694 4479 1832 4537 nonnulla

129 4563 233 4618 ilerum
249 4563 375 4633 racipere
397 4564 513 4628 meruit,
531 4564 608 4634 quod
635 4563 760 4621 Romani
780 4567 911 4624 sanctius
926 4571 955 4623 et
1008 4570 1151 4623 tormenta
1161 4568 1430 4641 decapitavit.'runc
1442 4574 1471 4626 et
1480 4569 1750 4641 sedesepiecopatis
1759 4567 1830 4642 apud

128 4649 292 4706 ordinatius
304 4655 450 4720 censeant,
468 4655 498 4706 ut
509 4651 696 4708 ecclesiarum
705 4654 836 4711 omniurn
849 4672 955 4729 snmp-
1007 4655 1125 4725 Scham,
1137 4662 1266 4729 utsupra
1278 4657 1383 4727 dixi,ei
1397 4658 1607 4716 monasterium
1618 4657 1758 4717 llelianae
1767 4676 1829 4717 san·

128 4738 723 4814 tussuispotiuseerriantmcrsupiis,qua
755 4744 955 4816 quorumlibet
1008 4743 1224 4803 alimonialihua
1239 4745 1615 4818 effugatisincensaetsolo
1634 4748 1829 4821 complanata.

128 4845 230 4901 regum
249 4828 353 4883 usibus
369 4827 503 4883 militent.
520 4827 562 4884 lta
586 4830 759 4887 llcrehertua
774 4832 894 4888 domum
911 4850 954 4889 re·
1006 4834 1061 4890 Sed
1077 4834 1197 4890 emicuit
1212 4839 1278 4908 pust
1303 4850 1403 4892 ucoem
1426 4836 1502 4893 beati
1517 4836 1572 4893 viai
1587 4840 1747 4895 transacta
1771 4837 1831 4893 vite

127 4932 227 4973 uersus
239 4917 337 4972 sedem
350 4915 754 4988 episcopalemtranspcrtavit
765 4919 952 4993 adinsignem
1007 4922 1120 4994 puritas
1135 4923 1231 4995 dignis
1252 4924 1415 4981 miraculis.
1431 4926 1526 4996 Caput
1548 4940 1702 4998 acorpcre
1727 4923 1831 4984 lictoris

127 5006 325 5063 mercimoniis
335 5013 361 5061 et
373 5006 821 5078 populorumirequentiavicum
834 5010 952 5068 nomine
1007 5009 1117 5066 sevitia
1133 5011 1259 5067 divisum
1276 5012 1396 5069 dumeta
1411 5012 1501 5070 Danis
1516 5013 1744 5085 projicientibus
1756 5029 1833 5072 occu·

128 5094 257 5150 Norwic.
276 5093 314 5148 lbi
333 5092 541 5150 monachorum
561 5095 818 5166 congregationem
831 5114 952 5156 numero
1006 5097 1130 5155 luerent.
1143 5101 1224 5166 Quod
1238 5101 1307 5156 dum
1318 5101 1394 5158 cives
1408 5100 1713 5174 quererent,hostem
1730 5103 1832 5161 abeun-

126 5186 154 5236 et
169 5181 305 5252 religione
321 5181 517 5254 percelebrem
533 5182 671 5253 instituit,
688 5185 788 5242 omnia
801 5184 837 5243 lis
850 5203 952 5246 necea·
1007 5191 1066 5243 tem
1082 5188 1214 5258 vestigiis
1239 5189 1375 5259 insecuti,
1391 5189 1486 5247 funeri
1501 5188 1582 5263 regio
1603 5190 1704 5260 iustas
1719 5190 1833 5249 interius

127 5269 206 5325 saria
216 5276 334 5340 sumptu
346 5271 953 5333 mercetusdomestico.Providensscilicat
1006 5274 1316 5346 absoluturi,lucunda
1327 5277 1378 5334 Dei
1391 5294 1513 5335 munera
1526 5277 1664 5347 hausere,
1673 5277 1831 5337 exanimati

126 5370 330 5412 successorum
359 5360 495 5429 querela,
525 5360 620 5416 nullas
649 5361 685 5417 dc
706 5362 953 5436 episcopaterras
1006 5362 1111 5436 capitis
1126 5379 1225 5420 vocem
1240 5381 1407 5438 expressam
1418 5382 1521 5425 omues
1535 5364 1572 5423 ad
1586 5381 1619 5424 se
1633 5365 1755 5426 lictores
1766 5367 1832 5425 inri-

127 5442 568 5517 monachislargituscst,neilli
584 5448 632 5507 Dei
648 5450 953 5511 tumuloslraudarent
1004 5454 1127 5522 tantem,
1144 5452 1247 5525 lupum
1276 5456 1367 5513 teram
1391 5455 1529 5513 carnibus
1552 5458 1703 5514 assuetam
1719 5455 1831 5515 lacertis

125 5531 312 5602 victualibus,
326 5535 350 5589 sl
367 5534 434 5606 quid
451 5536 650 5609 offendissent,
662 5539 740 5614 qnod
753 5539 816 5598 suls
837 5555 951 5618 compe·
1005 5538 1830 5622 illndcircumplexaminnoxiampretenderecnstudiam:
