3750 6000
148 194 201 283 lif
841 197 933 256 tuctt
954 199 978 254 ll
999 199 1093 256 PXPAE
1741 198 1793 256 928

150 322 256 393 capella
270 321 374 380 Sanettc
397 324 535 381 llildredar
558 324 587 379 in
602 324 718 392 Tbanet;
741 333 767 381 et
785 327 866 382 etiam
881 323 1152 387 medianarum
1177 332 1258 396 atque
1278 324 1450 397 provincias,
1475 339 1537 397 quas
1560 321 1795 395 inpresentiarum
1851 340 1855 347 ·

59 426 63 433 ·
151 410 279 467 dietatem
303 411 477 468 candelarum
502 423 528 469 et
551 429 621 470 corae
643 430 704 485 quar
724 414 821 471 oblatae
845 413 944 468 luerint
998 414 1045 469 tibi
1065 417 1093 471 et
1115 412 1247 471 Ecclesiae
1278 414 1512 486 ierosolymitanae
1542 410 1717 484 patriarchali
1747 426 1796 466 seu

150 501 180 555 iu
211 509 360 555 memorato
391 501 492 556 scilicet
519 500 587 556 festo
611 501 716 559 eosne
749 509 775 557 et
807 503 942 572 Damiaui,
999 503 1200 575 metropolitico
1213 504 1272 573 jure
1288 502 1429 573 subjecte,
1445 516 1613 573 quaecunque
1628 499 1710 556 etiam
1727 506 1796 555 tem·

150 596 369 653 constitutionem
392 596 427 652 ad
453 598 577 653 vestitum
609 603 802 656 munaebomm
828 617 845 657 a
867 602 945 658 vobis
998 586 1796 664 p0f1⁰u⁸¹¹ll'itt⁸t110sstlduiflielFulc⁰⁰issslef⁰³⁰¹5mf·

150 685 289 740 communi
314 685 428 741 consilio
449 694 477 740 et
491 703 600 743 assensu
626 687 706 743 simili
728 689 810 746 modo
833 690 943 754 factam,
999 690 1124 738 fenorum
1148 697 1266 752 regum,
1294 679 1426 737 Ecclesiae
1452 677 1685 750 ierosolymitanae
1709 677 1799 747 gratis

151 773 325 830 nibilominus
357 773 560 831 confirmamus.
596 777 623 833 Si
653 779 711 848 quis
743 785 833 834 autem
867 779 946 850 bujus
998 771 1091 828 divina
1122 770 1275 834 reslilulffl·
1300 777 1328 826 el
1350 784 1399 840 per
1429 766 1585 824 authenti&
1612 766 1798 823 R⁰¹¹¹⁸¹¹⁰ll¹¹¹²

150 870 249 917 nocuae
264 862 476 921 conlinnationis
498 866 625 937 paginam
649 868 751 930 sciens,
767 875 860 923 eontra
884 884 944 924 eam
999 859 1157 933 pontificum
1171 857 1315 930 privilegia
1338 855 1507 914 confirmatae
1531 862 1612 922 sunt,
1631 854 1674 911 uel
1699 853 1721 909 si
1744 867 1799 927 qua

152 959 255 1007 temere
270 953 364 1008 venire
379 955 535 1021 tentaverit,
551 956 669 1012 secuutlu
683 957 799 1012 tertiove
820 973 945 1014 commo·
998 950 1026 1006 in
1043 949 1160 1004 fututum
1175 963 1225 1018 pet·
1239 946 1402 1002 industrium
1423 953 1505 1016 atque
1525 942 1675 1016 potentiam
1689 941 1799 999 cbaris-

149 1039 237 1110 nitus,
262 1040 284 1095 si
308 1058 363 1097 non
387 1051 491 1098 reatum
514 1060 591 1099 suum
616 1061 736 1118 congrua
763 1046 945 1104 satisfactione

151 1129 281 1197 correxit,
298 1130 408 1186 bonoris
421 1131 543 1189 etofflcii
563 1134 603 1188 sui
622 1134 752 1206 dignitate
767 1140 867 1203 careat,
885 1144 940 1193 etc.

474 1255 624 1312 LXXXlll.

152 1352 945 1428 ddrrpcmdoarudum.-llcsuuoppressicnc,s·tipsum

214 1424 249 1480 ed
262 1426 456 1497 patrocinium
471 1426 602 1483 Ecclesiae
616 1429 748 1484 lfomanoe
763 1430 877 1484 inuitat.

449 1526 539 1592 (auno
557 1524 648 1594 titt.)

325 1628 439 1700 litasse,
456 1631 573 1696 concil,
590 1629 765 1703 XX1,6⁰9.}

184 1726 288 1781 Lectus
298 1725 450 1796 episeopus,
462 1742 555 1782 servus
565 1743 704 1783 servorum
716 1728 776 1796 Dei,
787 1727 945 1784 charissimo

149 1812 207 1869 filio
223 1816 355 1871 Cossano
373 1815 555 1872 ltomanomm
580 1817 639 1888 regi
661 1815 768 1884 illustri,
783 1816 898 1872 salutem
920 1824 947 1873 et

148 1911 324 1982 apostolicam
339 1912 567 1970 benedictionem.

184 2000 631 2075 Omacdutumcptimum(fnrob.
645 2002 736 2075 stete.
746 2003 864 2075 Populus
871 2001 945 2059 enim

64 2079 67 2083 ’
148 2089 288 2146 Romanus
311 2089 400 2146 nullas
415 2091 529 2147 insanire
552 2108 608 2147 suae
621 2100 712 2148 metas
724 2108 825 2165 ponere
840 2093 943 2159 voleus,

148 2176 336 2248 senatoribus,
353 2195 422 2250 qrros
446 2188 509 2237 ante
533 2180 704 2247 instituerat,
726 2180 866 2253 patricium
892 2180 939 2236 ad·

145 2267 253 2337 jiciunt,
279 2272 361 2339 atque
384 2269 419 2323 ad
435 2269 503 2324 banc
524 2269 684 2342 dignitatem
708 2268 854 2326 Jordanem
875 2269 945 2325 Petri

150 2356 248 2412 leonis
264 2356 350 2412 fllium
365 2356 510 2430 eligentes,
525 2374 620 2415 omnes
638 2361 662 2415 ei
688 2368 814 2431 tauquam
828 2358 945 2431 principi

149 2444 337 2514 subjiciuntur.
368 2449 400 2502 dt
421 2448 501 2519 infra
520 2468 529 2505 .·
549 2449 655 2504 Deinde
678 2448 836 2520 pontificem
867 2464 945 2504 suum

150 2533 260 2599 adeunt,
276 2549 309 2590 ac
323 2534 413 2590 omnia
430 2535 535 2608 regalia
558 2537 627 2605 ejus,
650 2544 704 2592 tam
725 2537 753 2592 in
777 2537 849 2594 Urbe
864 2552 944 2606 quam

150 2629 225 2677 extra
239 2622 337 2694 posita,
352 2622 385 2676 ad
398 2623 443 2691 jus
458 2624 564 2694 patricii
585 2624 626 2679 sui
649 2631 794 2696 reposcunt
810 2639 945 2694 :eumque

150 2726 226 2767 marc
241 2710 415 2781 antiquorum
430 2713 600 2769 sacerdotum
616 2713 650 2769 de
664 2714 780 2770 decimis
802 2720 904 2770 tantum
919 2720 946 2767 et

149 2798 332 2856 oblationibus
353 2801 498 2857 sustentari
522 2811 645 2873 oportere
667 2802 795 2869 diceutes,
811 2802 844 2856 de
859 2802 904 2857 die
918 2801 946 2856 in

149 2887 222 2944 diem
237 2889 354 2945 animam
365 2890 432 2960 justi
446 2889 568 2963 adfigere
582 2906 636 2947 non
650 2891 805 2948 timuerunt.

473 2987 621 3044 LXXXfV.

155 3085 291 3142 Willelmu
318 3087 490 3160 patriarche
523 3088 775 3159 llicr·orotymiturto
796 3089 948 3161 priuiiept'u

404 3158 533 3230 euredum
553 3159 695 3216 concedit.

452 3249 540 3316 (luno
557 3247 649 3315 llll.)

231 3333 373 3406 iberibus,
391 3333 499 3391 Cartul.
517 3336 555 3392 da
572 3337 817 3409 Sciat-Sepulcre,
831 3337 868 3409 6.]

187 3451 290 3505 Luctus
311 3451 463 3522 episcopus,
490 3468 582 3506 servus
604 3468 741 3507 servomm
758 3453 817 3519 Dei,
832 3469 947 3509 venera·

155 3537 202 3592 bili
226 3538 301 3593 lintri
327 3538 508 3607 Gutnnuauo,
531 3541 755 3612 ierosolymitano
777 3532 945 3612 patriarchae,

154 3627 265 3698 ejusque
296 3628 497 3684 successoribus
529 3630 659 3684 canonice
697 3630 889 3686 substituendis
919 3631 948 3686 in

153 3722 321 3785 perpetuum.

188 3803 295 3873 Quanto
310 3804 471 3875 apostolicae
485 3806 541 3862 sedi
557 3814 583 3862 et
598 3806 678 3863 beato
693 3808 780 3875 l'etm,
806 3810 948 3881 apostolo·

152 3906 211 3947 rum
236 3891 367 3963 principi,
382 3895 416 3949 ab
432 3896 568 3951 universis
583 3895 714 3951 Ecclesiis
736 3896 819 3969 longe
841 3898 948 3972 lateque

152 3979 259 4037 diffusis
273 3985 454 4039 reverentiam
474 3985 600 4041 convenit
622 3985 761 4052 exbiberi,
784 3985 890 4042 dicente
914 3987 947 4043 ad

152 4085 213 4125 eum
229 4070 347 4127 Domino
364 4089 370 4128 :
392 4074 429 4128 Tu
445 4089 473 4129 cs
488 4075 591 4130 Petras
610 4078 638 4130 et
654 4090 738 4146 super
750 4075 824 4130 franc
834 4079 948 4147 petram

152 4158 293 4226 edificabo
312 4160 464 4218 Ecclesiam
480 4179 589 4228 mcum,
616 4170 688 4217 tanto
711 4162 799 4233 magis
814 4162 842 4217 iu
856 4179 949 4219 earum

121 4253 123 4256 '
151 4263 245 4304 curam
259 4248 316 4304 sive
331 4249 472 4305 tuitionem
488 4265 538 4305 nos
554 4258 661 4321 oportet
684 4266 746 4306 esse
770 4250 905 4306 sollicitos
923 4260 950 4306 et

152 4344 250 4392 exacta
264 4336 408 4410 diligentia
422 4338 561 4407 laborare;
578 4353 693 4411 cumque
714 4345 813 4394 cetera
833 4356 948 4395 venera·

151 4424 215 4481 bilia
233 4425 293 4482 loca
307 4435 464 4482 sanctorum
486 4427 625 4482 bonorare
649 4442 820 4498 summopere
844 4398 990 4484 debea-D

151 4528 229 4580 mus,
246 4529 299 4569 non
319 4514 354 4568 ab
369 4530 398 4570 re
412 4515 462 4570 erit
480 4515 502 4568 si
518 4515 653 4571 civitatem
678 4515 755 4587 regis
776 4516 869 4588 magni
883 4533 947 4572 san-

151 4604 241 4674 ctique
255 4612 410 4659 sauctorum
426 4603 594 4673 peculiarem
607 4602 697 4660 locum
713 4619 746 4661 ac
760 4605 947 4660 reuerentissi-

151 4707 224 4747 mam
238 4691 493 4764 ierosolymitanam
516 4691 667 4748 Ecclesiam
693 4692 840 4762 specialius
863 4710 948 4750 vene-

131 4798 251 4861 remur,
267 4781 347 4852 eique
361 4780 521 4853 dignitatem
546 4790 571 4836 et
592 4780 656 4850 jura
672 4796 721 4835 sua
736 4797 945 4841 conservemus.

151 4868 240 4940 Quam
255 4871 326 4927 enim
344 4869 416 4925 idern
430 4870 485 4925 ltux
502 4885 595 4941 regum
612 4878 638 4925 et
650 4870 782 4925 Dominus
802 4870 948 4927 dominan-

151 4959 216 5014 tium
231 4959 367 5032 corporali
382 4963 526 5030 presentia
546 4960 732 5031 dignatusest
749 4959 865 5025 visitare,
880 4974 947 5015 sus·

151 5064 204 5119 qne
218 5049 342 5119 passione
358 5063 389 5103 ae
406 5049 616 5114 resurrectione,
633 5047 793 5103 ascensione
813 5056 838 5101 et
862 5047 949 5104 sancti

153 5135 270 5206 Spiritus
292 5136 421 5193 missione
445 5135 528 5192 voluit
553 5135 699 5199 illustrare,
723 5133 804 5190 debet
827 5135 862 5190 ab
886 5135 949 5189 uni-

152 5222 240 5277 versis
272 5223 398 5278 fidelibus
427 5224 591 5296 propensius
624 5223 766 5290 honorari,
791 5228 818 5278 et
840 5222 867 5277 in
892 5222 949 5278 suis

151 5311 398 5382 opportunitatibus
429 5312 572 5370 efficaciter
606 5312 758 5368 confoveri.
787 5311 949 5380 liujusmudi

152 5398 279 5455 nimirem
300 5400 408 5466 iutuitu,
425 5399 545 5456 fruteria
561 5400 669 5457 Christo
692 5401 851 5456 clarissime
871 5400 949 5455 Guil-

152 5493 234 5551 lelme
249 5495 416 5566 patriarcba,
432 5497 484 5552 tuis
504 5497 584 5564 justis
608 5496 834 5569 postulationibus
857 5496 950 5552 debita

152 5582 319 5657 benignitate
333 5589 439 5656 gratum
462 5583 646 5655 impertientes
666 5600 826 5654 assensum,
851 5585 948 5645 cirita·

1000 1039 1063 1095 simi
1076 1036 1124 1092 filii
1139 1036 1225 1092 nostri
1240 1034 1373 1102 llalduini,
1399 1032 1515 1090 illustris
1537 1040 1564 1088 et
1585 1029 1700 1108 gloriosi
1722 1030 1799 1085 lero

999 1127 1167 1199 solymorum
1193 1124 1280 1198 regis,
1311 1123 1346 1181 ad
1372 1125 1505 1185 honorem
1533 1119 1583 1177 Dei
1620 1127 1647 1176 et
1682 1118 1800 1174 salutern

999 1215 1145 1273 Orientalis
1159 1213 1290 1270 Ecclesiae
1303 1212 1338 1268 de
1353 1211 1404 1268 sub
1422 1211 1493 1286 jugo
1511 1224 1684 1282 paganorum
1708 1207 1799 1263 eidem

998 1303 1231 1376 ierosolymitanae
1247 1301 1388 1366 Ecclesiae,
1405 1300 1521 1358 Domino
1538 1298 1703 1364 auxiliante,
1717 1295 1800 1351 resti·

1000 1403 1055 1452 tuta
1079 1393 1121 1450 rel
1145 1392 1204 1447 aliis
1233 1391 1313 1460 justis
1336 1389 1427 1446 modis
1450 1388 1582 1460 aequisita
1606 1385 1723 1452 luerint,
1751 1384 1799 1441 tibi

999 1484 1113 1554 tuisque
1138 1479 1340 1537 successoribus
1354 1487 1379 1533 et
1393 1476 1464 1551 [per]
1478 1493 1527 1533 vos
1542 1483 1643 1532 sanctas
1657 1473 1783 1544 feroselp

1000 1574 1109 1628 mitanae
1123 1570 1254 1626 Ecclesia
1268 1584 1317 1640 per
1331 1567 1476 1639 praesentis
1485 1565 1579 1638 scripti
1590 1564 1707 1637 paginas
1718 1562 1801 1618 robo-

960 1679 987 1744 Β
1001 1677 1104 1730 ramus,
1117 1667 1145 1715 et
1159 1656 1369 1730 patriarchalem
1392 1658 1435 1711 vet
1461 1653 1689 1725 metropoliticam
1702 1651 1798 1725 digni·

1000 1759 1082 1807 tatem
1109 1765 1140 1805 ac
1163 1745 1342 1804 reverentiam
1367 1743 1394 1799 in
1417 1742 1521 1799 eisdem
1546 1740 1705 1799 civitatibus
1716 1748 1800 1810 atquc

1000 1838 1148 1913 prouinciis
1169 1835 1248 1892 vobis
1272 1836 1433 1891 auctoritate
1458 1833 1532 1888 sedis
1556 1829 1715 1902 apostolicae
1732 1843 1802 1884 con-

1000 1929 1160 1991 firmamus,
1185 1925 1258 1981 salva
1283 1922 1435 1979 reverentia
1458 1928 1485 1977 et
1508 1919 1667 1977 auctoritate
1698 1924 1802 1974 mactra

999 2020 1128 2076 Rornauae
1141 2013 1282 2072 Ecclesiae.

1327 2109 1467 2166 LXXXV.

1018 2215 1057 2272 dd
1071 2212 1303 2282 Sufaburpcrrsrm
1320 2206 1493 2293 arclricpisr.
1512 2209 1541 2262 ef
1555 2204 1591 2261 cd
1608 2204 1785 2276 Gurpcmcm

1312 2294 1487 2351 episcopum.

1302 2375 1394 2443 (duno
1410 2373 1504 2443 llll.)

1175 2483 1297 2557 illaesi,
1314 2481 1433 2546 deurit,
1447 2478 1527 2548 XXl,
1543 2476 1619 2551 ota]

1035 2603 1135 2658 Luctus
1149 2598 1308 2672 episcopua,
1326 2610 1425 2652 seruus
1440 2609 1584 2650 servornm
1600 2591 1661 2660 Dei,
1678 2609 1802 2650 venera-

1000 2691 1099 2747 bilibus
1114 2689 1245 2744 l'ratribus
1261 2688 1437 2742 Guuortatuu
1452 2679 1644 2754 salzburgensi
1659 2679 1804 2755 archiepi-

1000 2795 1093 2852 scopo,
1105 2780 1227 2834 Rostro
1237 2774 1373 2848 Gurgensi
1381 2773 1522 2845 episcopo,
1531 2771 1645 2828 salutem
1656 2777 1801 2843 etaposto·

999 2870 1080 2927 licam
1095 2867 1325 2924 benedictionem.

1038 2956 1200 3015 Venientem
1215 2955 1250 3011 ad
1265 2952 1443 3026 apostolicam
1457 2951 1551 3008 sedem
1566 2952 1694 3010 dilectum
1716 2952 1801 3008 lilium

961 3035 1124 3104 Cnostrurn
1141 3044 1281 3102 Gerboum
1306 3041 1596 3113 llictrerispergeusern
1618 3041 1802 3114 praepositum

1000 3145 1113 3211 paterna
1134 3132 1299 3206 benignitate
1316 3129 1505 3202 suscepimus.
1524 3138 1550 3186 et
1564 3145 1614 3200 pro
1628 3129 1762 3203 religione
1776 3139 1805 3186 et

1000 3225 1144 3282 honestata
1160 3236 1211 3277 sua
1227 3235 1371 3292 personam
1386 3217 1448 3288 ejus
1462 3218 1624 3274 honorantes
1634 3233 1697 3275 cum
1712 3218 1803 3291 gratis

1001 3312 1075 3368 sedis
1091 3309 1248 3383 apostolicae
1263 3307 1297 3363 ad
1314 3306 1423 3380 propria
1433 3306 1595 3362 remisimus.
1607 3308 1701 3378 Ipsum
1710 3305 1803 3378 itaque

1001 3408 1100 3458 vestrae
1131 3397 1292 3454 fraternitati
1326 3395 1454 3452 attentius
1487 3395 1726 3462 commendantes,
1751 3412 1805 3467 per

1001 3487 1148 3563 prasentia
1173 3486 1275 3557 scripta
1290 3500 1438 3559 rogamus,
1454 3493 1604 3556 quatenus,
1620 3484 1692 3540 sicut
1704 3484 1803 3541 bacte-

1002 3595 1056 3635 nus
1075 3578 1188 3634 obtentu
1203 3575 1288 3632 solius
1302 3573 1448 3647 religionis
1472 3580 1498 3627 et
1519 3571 1667 3627 honestatis
1688 3571 1801 3641 fecistis,

1002 3684 1052 3741 pro
1069 3666 1141 3722 beati
1157 3666 1245 3732 Petri,
1269 3670 1295 3719 et
1315 3669 1409 3717 nostra
1424 3661 1575 3717 reverentia
1592 3659 1682 3730 ipsum
1696 3659 1732 3716 de
1746 3678 1802 3718 cae-

1001 3764 1058 3812 tero
1073 3753 1222 3817 honoretis,
1238 3759 1264 3809 et
1279 3750 1408 3824 diligatis,
1421 3758 1448 3806 et
1470 3749 1497 3804 in
1521 3748 1730 3805 necessitatibus
1745 3750 1803 3806 suis

1002 3861 1082 3918 opem
1097 3842 1148 3899 sibi
1164 3852 1190 3898 et
1202 3840 1346 3898 consilium
1362 3839 1496 3895 tribuatis.

1320 3963 1477 4019 LXXXVI.

1002 4063 1044 4120 Ad
1058 4063 1219 4135 episcopum
1232 4061 1404 4130 carpensem
1420 4060 1450 4113 in
1467 4059 1654 4185 illapsam.-
1671 4060 1705 4116 ttt
1715 4059 1802 4115 ecclc·

1038 4136 1110 4190 sium
1126 4132 1159 4187 de
1175 4130 1334 4200 Carudipuc
1348 4128 1489 4200 frutribus
1519 4129 1740 4186 'luciacensibur
1755 4145 1801 4185 rc·

1040 4203 1218 4279 (armandum
1235 4201 1408 4256 committat.

1296 4306 1385 4377 (duno
1401 4307 1498 4374 llll.)

1206 4405 1326 4476 [bullar.
1345 4404 1488 4471 cluniac,
1504 4421 1531 4476 p.
1548 4400 1605 4476 55]

1038 4523 1136 4577 lucius
1152 4519 1307 4591 episcopus,
1320 4517 1801 4583 sersussert·orum1lei,vcnerabili

1002 4610 1090 4666 fratri.
1112 4651 1118 4664 .
1142 4649 1149 4663 .
1172 4650 1179 4664 .
1199 4607 1334 4680 Burgensi
1349 4606 1492 4678 episcopo.

1038 4697 1194 4753 blansinissc
1218 4695 1299 4752 debet
1323 4704 1369 4750 tea
1390 4695 1543 4750 fraternitas
1567 4694 1639 4767 quod
1654 4696 1800 4752 ecclesiam

1003 4788 1038 4844 de
1052 4786 1205 4859 caradigua
1220 4784 1338 4840 dicante
1349 4783 1454 4854 justitia
1468 4783 1516 4838 tibi
1531 4781 1713 4849 restituimus,
1729 4783 1801 4842 facta

1002 4892 1068 4933 vero
1091 4874 1260 4931 restitutione
1281 4872 1473 4930 discretionem
1498 4879 1569 4927 tuam
1593 4871 1716 4930 studiose
1739 4889 1802 4930 rno-

1004 4964 1128 5028 nuimus,
1161 4970 1296 5035 quatenus
1329 4962 1455 5017 eamdem
1487 4960 1640 5017 Ecclesiam
1672 4961 1802 5017 fratribus

1002 5052 1240 5113 cluniacensibus,
1253 5050 1285 5106 ud
1300 5049 1502 5106 reformandam
1518 5048 1618 5105 ibidem
1629 5049 1801 5122 religionem,

1004 5158 1055 5215 pro
1071 5141 1222 5197 reuerentia
1238 5140 1311 5195 lleati
1334 5140 1402 5194 Petri
1427 5146 1452 5194 et
1477 5146 1570 5194 nostra
1598 5139 1797 5197 committeres.

1005 5231 1138 5296 Quoniam
1162 5230 1245 5301 igitur
1270 5246 1318 5300 per
1344 5228 1455 5284 eosdem
1477 5227 1575 5283 fratres
1594 5227 1677 5284 multa
1699 5228 1761 5286 loco
1777 5236 1803 5283 et

1003 5321 1030 5375 in
1054 5318 1186 5391 religione
1212 5316 1365 5382 reformata,
1382 5325 1408 5372 et
1422 5315 1502 5371 bonis
1517 5316 1714 5387 temporalibus
1729 5330 1800 5390 aug-

1002 5415 1144 5474 mentata,
1170 5406 1366 5478 eognovimus,
1392 5405 1460 5460 sieut
1483 5404 1533 5459 tibi
1551 5406 1613 5460 viva
1628 5419 1695 5462 roee
1710 5406 1801 5460 innui-

1003 5512 1075 5560 mus,
1091 5496 1129 5550 ita
1144 5511 1193 5567 per
1207 5493 1353 5566 praesentia
1369 5495 1469 5564 scripta
1485 5494 1658 5563 mandamus,
1668 5501 1802 5567 quatenus

1003 5582 1073 5642 infra
1087 5581 1268 5657 quadraginta
1282 5582 1349 5650 dies,
1366 5590 1509 5655 postquam
1532 5582 1678 5654 presentia
1700 5583 1801 5655 scripta
