3772 6006
115 211 170 270 487
757 208 963 267 INNOCENTH
982 212 1006 266 ii
1031 212 1128 268 PAPAE
1716 222 1766 280 i88

118 338 242 399 secundo
269 337 381 393 tertiove
407 334 581 404 commonita,
620 333 673 390 nisi
700 342 806 390 reatum
834 351 914 390 suum
928 335 956 396 A
968 334 1023 391 iarn
1037 336 1066 392 in
1080 336 1177 394 eodem
1191 337 1252 396 ioco
1266 340 1406 413 perpetuis
1434 342 1601 414 temporibus
1616 344 1768 418 irrefraga-

117 444 238 502 congrue
253 424 444 482 emendatione
458 423 615 492 correxerit,
630 423 775 495 potestatis
788 422 914 479 honoris·
971 424 1061 480 bilitcr
1090 435 1276 496 conservetur,
1303 429 1461 501 adjicientes
1499 431 1581 487 etiam
1607 440 1637 490 nt
1665 436 1768 491 nemini

120 537 174 594 que
188 517 232 575 sui
246 515 379 588 dignitate
394 521 498 583 careat,
513 526 644 584 reamque
668 527 697 568 se
711 511 803 567 divino
814 511 917 583 judicio
971 521 1092 570 restrum
1107 523 1168 587 pust
1181 514 1280 574 iselam
1310 516 1347 573 ibi
1362 517 1571 590 professionem,
1588 528 1615 578 et
1643 520 1767 580 habitum

118 609 236 668 existere
250 605 284 661 de
308 608 468 676 perpetrata
493 600 634 674 iniquitate
657 609 817 674 cognoscet,
846 607 873 656 et
901 615 918 656 e
970 601 1113 675 religionis
1128 615 1307 677 assumptum,
1319 607 1422 680 absque
1436 607 1540 681 prelati
1555 610 1597 666 sui
1611 610 1720 668 licentia
1734 612 1770 669 ad

119 695 308 757 sacratissimo
337 707 455 764 corpore
480 705 512 747 ac
526 689 662 762 sanguine
688 689 739 745 Dei
753 698 779 746 et
806 689 918 746 Domini

119 783 313 858 Redemptoris
342 780 431 838 nostri
457 781 523 836 iesu
537 778 636 836 Christi
650 777 807 843 alienafiat,
837 787 917 849 etque

120 879 148 933 in
176 882 300 932 extremo
330 869 457 926 examine
485 867 613 924 districtae
640 867 783 936 subjaceat
810 866 916 923 ultioni.

119 964 229 1024 Cunctis
244 965 333 1017 autem
349 958 438 1015 eidem
459 957 521 1014 loco
536 971 586 1012 sua
596 957 660 1026 jure
684 955 856 1011 servantibus
883 955 918 1011 sit

117 1072 171 1129 pax
186 1050 296 1109 Domini
320 1047 404 1104 nostri
431 1047 498 1103 iesu
513 1045 626 1111 Christi,
656 1052 790 1116 quatenus
820 1053 847 1100 ct
873 1045 918 1102 hic

59 1142 66 1151 '
120 1145 240 1200 fructum
251 1140 330 1195 bonae
339 1137 456 1194 actionis
465 1134 627 1207 percipiant,
639 1141 664 1190 et
678 1133 751 1204 apud
765 1134 917 1190 districtum

113 1233 233 1306 judicem
262 1226 375 1301 praemia
402 1232 511 1282 reternae
537 1223 614 1295 pecie
637 1221 790 1279 inveniant.
819 1225 915 1292 hmen,

116 1338 207 1392 emen,
222 1335 316 1376 emen.

152 1422 212 1494 Ego
237 1413 415 1473 Innocentius
429 1409 577 1469 Catholicae
605 1409 734 1468 Ecclesiae
762 1410 916 1482 episcopus,

118 1506 279 1579 subscripsi.

152 1609 214 1679 Ego
227 1600 370 1659 Conradus
385 1598 544 1656 sabinensis
569 1597 727 1670 episcopus,
755 1595 916 1668 subscripsi.

972 689 1061 747 iocum
1077 692 1159 748 alium
1173 693 1255 750 liceat
1269 695 1475 770 transmigrare.
1493 697 1676 773 Quaecunque
1696 718 1771 774 prae-

972 786 1046 835 terea
1061 782 1261 852 possessiones,
1288 800 1456 859 quecunque
1470 786 1543 842 bona
1562 787 1634 844 idem
1650 805 1771 847 venera-

973 866 1035 923 bilis
1049 868 1136 939 locus,
1164 870 1402 942 inpresentiarum
1413 874 1488 943 juste
1503 885 1528 931 et
1544 875 1664 947 legitime
1678 879 1773 950 possi-

972 956 1027 1026 det,
1043 965 1089 1014 aut
1103 957 1131 1013 in
1147 957 1265 1016 inturnm
1291 961 1470 1019 concessione
1484 963 1653 1035 pontificum,
1682 967 1771 1042 largi·

972 1045 1045 1102 tione
1059 1062 1157 1121 regum
1171 1048 1215 1105 vei
1229 1049 1392 1122 principum,
1422 1050 1561 1110 oblatione
1575 1053 1706 1124 fidelium,
1722 1074 1771 1114 seu

971 1134 1031 1190 sitis
1055 1135 1135 1204 justis
1150 1137 1250 1207 modis,
1278 1147 1425 1210 praestente
1440 1141 1567 1211 Domino,
1596 1145 1696 1216 poterit
1710 1145 1772 1201 adi·

971 1223 1051 1296 pisci,
1076 1222 1152 1280 firma
1177 1226 1256 1283 uobis
1275 1227 1303 1282 in
1317 1237 1476 1300 perpetuum
1492 1238 1519 1287 et
1542 1231 1646 1289 illibata
1660 1250 1772 1307 perma-

971 1320 1061 1369 ncant.
1090 1314 1269 1371 Decernimns
1283 1332 1351 1389 ergo
1367 1325 1395 1373 ut
1410 1318 1478 1374 nulii
1491 1319 1602 1376 omnino
1629 1322 1770 1381 hominurn

972 1399 1012 1456 ies
1027 1400 1061 1456 sit
1075 1403 1214 1473 prelatum
1228 1412 1347 1461 vestram
1376 1406 1522 1464 ecclesiam
1544 1417 1647 1468 temere
1661 1420 1772 1485 pertur-

971 1489 1046 1558 bare,
1061 1499 1106 1546 aut
1120 1492 1179 1562 ejus
1193 1495 1384 1564 possessiones
1399 1495 1518 1568 auterre,
1535 1497 1578 1555 vel
1592 1499 1771 1559 abiatasreti-

971 1594 1048 1645 nere,
1076 1581 1213 1652 minuero,
1230 1599 1280 1638 seu
1302 1583 1468 1656 quibuslibet
1483 1586 1616 1644 molestiis
1631 1589 1746 1665 fatigare
1762 1611 1769 1656 ;

156 1696 216 1767 Ego
230 1689 433 1748 Theodewinus
447 1689 552 1748 Sancte
566 1685 669 1743 iluimae
683 1686 840 1759 episcopus,
853 1685 920 1742 sub.
933 1691 960 1751 B
975 1667 1024 1724 sed
1038 1668 1128 1725 omnia
1142 1669 1250 1745 integra
1264 1683 1460 1730 conserventur
1473 1691 1578 1746 eorum,
1594 1692 1644 1748 pro
1658 1695 1771 1751 quorum

122 1802 176 1843 sorr
198 1800 231 1838 sr.

151 1801 213 1946 11ξο
230 1870 360 1927 hibertus
375 1865 541 1924 bibonensis
556 1865 712 1938 episcopus,
729 1865 889 1936 subscripsi.

153 1963 214 2034 Ego
229 1958 375 2016 hibericas
389 1955 524 2013 Ostiensis
538 1955 692 2027 episcopus,
704 1953 863 2025 subscripsi.

152 2052 214 2123 Ego
228 2046 372 2105 Gerardus
388 2045 533 2116 presbyter
547 2044 694 2102 cardinatis
708 2044 751 2098 tit.
768 2043 797 2098 8.
822 2041 918 2099 Crucis

116 2143 143 2200 in
158 2138 320 2204 Jerusalem,
337 2134 499 2204 subscripsi.

152 2238 210 2309 Ego
224 2232 368 2290 anselmus
396 2231 541 2303 presbyter
556 2229 633 2287 eard.
661 2230 706 2286 tit.
725 2227 817 2288 Sancti
844 2228 916 2284 Lau-

117 2326 195 2383 rentii
209 2324 236 2379 in
251 2322 361 2388 hucine,
379 2319 541 2392 subscripsi.

153 2424 214 2496 Ego
229 2422 317 2477 Lucus
325 2418 469 2490 presbyter
478 2416 552 2473 card.
565 2417 608 2472 tit.
628 2416 792 2473 Sanc-torum
802 2415 916 2473 loannis

116 2522 143 2571 et
157 2510 243 2578 Pauli,
258 2506 421 2579 subscripsi.

155 2602 214 2673 Ego
238 2597 346 2654 Boetius
359 2595 453 2669 presb.
478 2595 555 2652 card.
574 2595 617 2651 tit.
637 2594 730 2652 Sancti
757 2593 916 2661 Clementis,

115 2688 277 2762 subscripsi.

152 2781 212 2853 Ego
227 2779 274 2833 ivo
302 2774 426 2848 presbyt.
442 2774 519 2830 card.
538 2772 584 2828 tit.
605 2772 698 2831 Sancti
723 2771 860 2830 Laurentii
888 2770 916 2826 in

116 2869 246 2934 Damaso,
262 2863 423 2935 subscripsi.

153 2959 213 3028 Ego
227 2954 291 3012 Otto
303 2953 434 3009 diaconus
445 2951 522 3009 card.
539 2950 633 3008 Sancti
646 2949 760 3024 Georgii
769 2949 803 3007 ad
817 2949 915 3009 velum

113 3051 240 3111 Auream,
257 3040 415 3114 subscripsi.

975 1757 1172 1831 gubernatione
1186 1768 1211 1815 et
1226 1762 1420 1820 sustentatione
1435 1778 1565 1821 concessa
1579 1774 1651 1837 suut,
1677 1769 1771 1827 usibus

972 1846 1136 1903 omnimodis
1153 1848 1308 1920 prolatura.
1337 1851 1366 1907 Si
1393 1868 1447 1923 qne
1474 1852 1557 1925 igitur
1584 1855 1771 1916 ecclesiastica

973 1935 1148 1994 secularisve
1157 1952 1287 2008 persona,
1298 1939 1476 1998 hancnostrae
1486 1943 1686 2001 constitutionis
1695 1948 1773 2021 pagi.

972 2040 1036 2080 narn
1066 2025 1167 2094 sciens,
1196 2035 1290 2084 contra
1305 2044 1366 2085 eam
1388 2036 1490 2087 temere
1504 2033 1598 2089 uenire
1613 2037 1769 2106 tentaverit,

972 2114 1094 2171 secundo
1110 2115 1224 2172 tertiove
1242 2118 1416 2186 commonita,
1431 2119 1483 2174 nisi
1499 2129 1602 2177 reatum
1616 2140 1771 2183 suumcon·

971 2218 1040 2277 grus
1055 2203 1240 2262 satisfactione
1255 2208 1415 2279 correxerit,
1446 2211 1586 2280 potestatis
1600 2213 1769 2287 honorisque

971 2293 1013 2348 sui
1028 2292 1162 2366 dignitate
1178 2302 1279 2362 carcat,
1294 2312 1424 2369 reumque
1440 2314 1470 2354 se
1485 2298 1576 2356 divino
1588 2301 1693 2370 judicio
1707 2304 1769 2360 exi-

971 2386 1045 2438 stere
1059 2382 1093 2438 de
1108 2391 1263 2454 perpetrata
1278 2384 1419 2457 iniquitate
1433 2397 1590 2460 cognoscet,
1604 2395 1632 2446 et
1645 2406 1662 2447 a
1676 2408 1769 2450 secra·

971 2470 1076 2526 tissimo
1091 2486 1209 2541 corpore
1236 2488 1268 2528 ec
1282 2475 1415 2548 sanguine
1438 2475 1489 2532 Dei
1505 2485 1531 2533 et
1545 2479 1654 2535 Domini
1681 2483 1769 2539 nostri

969 2559 1034 2615 lesu
1047 2559 1146 2615 Christi
1161 2559 1252 2617 aliena
1266 2561 1320 2630 frat,
1349 2571 1431 2635 atque
1459 2565 1486 2620 in
1502 2573 1625 2625 extremo
1640 2571 1768 2628 examino

971 2647 1069 2704 divinae
1085 2649 1223 2719 subjaceat
1238 2650 1344 2707 ultioni.
1373 2652 1481 2710 Cunctis
1496 2663 1587 2711 autem
1602 2656 1690 2714 eidem
1705 2660 1767 2717 ioco

971 2753 1022 2793 sua
1040 2738 1097 2806 jura
1113 2739 1288 2794 serventibus
1317 2741 1352 2796 sit
1373 2757 1430 2812 pax
1458 2744 1568 2800 Domini
1591 2747 1677 2802 nostri
1702 2750 1768 2805 iesu

970 2825 1081 2897 Christi,
1100 2836 1232 2899 quatenus
1247 2837 1273 2883 et
1287 2828 1332 2885 hic
1346 2829 1463 2888 fructum
1479 2832 1559 2889 hone
1573 2834 1688 2892 actionis
1701 2852 1769 2909 per·

969 2914 1080 2986 cipiant,
1096 2923 1123 2971 et
1136 2916 1208 2987 apud
1223 2933 1380 2988 supremum
1391 2919 1514 2991 judicem
1528 2923 1641 2994 praemia
1659 2934 1768 2982 aeternae

929 3017 1046 3105 Cpactu
1060 3002 1209 3060 invement.
1224 3006 1322 3073 Arnen,
1339 3022 1427 3063 amen.

150 3138 210 3209 Ego
225 3132 314 3191 Guido
328 3132 458 3188 diaconus
473 3132 547 3189 card·
573 3131 735 3189 Sanctorum
750 3130 857 3186 003¹„ae
885 3134 915 3185 ey
1004 3100 1063 3172 Ego
1079 3101 1251 3158 Innocentius
1265 3102 1412 3160 Catlrolicm
1426 3105 1715 3182 Ecclesiaeepisoopus
1729 3127 1768 3168 sa.

113 3223 249 3292 Damiani,
266 3220 430 3292 subscripsi.

151 3315 213 3388 bigo
228 3311 395 3370 Octavianus
407 3309 479 3366 diac.
490 3308 565 3366 card.
582 3311 611 3365 S.
626 3307 735 3366 Nicolai
748 3307 914 3373 incarcere,

115 3401 279 3473 subscripsi.

149 3503 250 3557 Datum
264 3494 392 3553 Laterani
407 3510 580 3568 permenam
596 3492 730 3550 himerici
737 3493 841 3550 Senem
856 3493 914 3549 Ro-

114 3606 203 3648 manae
226 3584 359 3644 Ecclesiae
385 3584 494 3641 diaconi
522 3583 668 3641 cardinatis
696 3588 724 3640 et
746 3582 912 3650 cancellarii,

114 3698 162 3737 xre
176 3677 237 3735 Kal.
255 3674 424 3741 Decembris,
439 3671 534 3730 indict.
549 3690 589 3742 ιιι,
609 3670 806 3730 incarnationis
821 3672 913 3728 Domi-

113 3769 183 3826 nicae
197 3781 271 3823 anno
292 3765 372 3831 1199,
387 3760 562 3836 pontificatus
585 3760 761 3820 verodomni
774 3760 912 3818 ianoceu·

111 3857 141 3914 tii
155 3859 179 3914 li
192 3871 271 3930 papae
284 3869 357 3911 anno
372 3852 492 3910 decimo.

434 4005 582 4063 CDXXiV.

111 4155 437 4224 Morrosteriiiiicberrtcr
454 4156 631 4240 curistpropc
644 4153 909 4240 Cortoriom'yprutc·

144 4228 410 4373 pgtppppyappscipll,
442 4228 660 4301 isciplmomqoe
674 4244 707 4285 oo
721 4241 909 4299 possessiones

334 4425 424 4495 (Anno
440 4423 519 4491 1139,
532 4423 602 4480 Nor.
618 4423 684 4496 st.)

162 4552 352 4625 liinrnscoruS,
370 4549 466 4621 Antip.
484 4548 603 4618 Coelos,
618 4547 666 4603 lib.
684 4565 713 4616 u,
728 4563 759 4621 p.
780 4548 853 4623 tte]

144 4677 332 4734 Innocentius
345 4673 502 4747 episcopus,
519 4687 614 4730 servus
627 4688 767 4731 servorum
782 4674 841 4743 Dei,
864 4676 907 4732 di·

105 4769 177 4827 lecto
211 4766 266 4822 lilio
304 4765 467 4821 Canniaco
506 4763 755 4838 iiichenhergensis
781 4765 906 4824 ecciesiae

107 4856 268 4932 preposito,
284 4863 311 4912 et
325 4855 385 4924 eius
398 4852 526 4910 iratribus
538 4852 698 4910 canonicam
708 4854 790 4910 vitam
801 4855 907 4928 proies·

107 4946 146 5004 sis
160 4955 215 5003 tem
230 4942 413 5018 presentibus
428 4957 511 5016 quam
524 4941 622 4998 suturis
636 4943 664 4999 in
680 4951 851 5017 perpetuum.

142 5067 289 5141 iieiigiosis
303 5066 449 5124 desideriis
463 5065 543 5123 iaciie
551 5067 763 5125 accommodare
773 5069 906 5128 debemus

108 5172 264 5224 assensum,
279 5165 308 5212 ut
322 5154 411 5211 fidelis
426 5155 535 5212 devotio
549 5152 667 5213 celerem
681 5157 810 5214 sortietur
824 5157 905 5217 eiice-

106 5254 174 5302 tum.
190 5244 275 5315 liujus
289 5244 331 5301 rei
344 5243 443 5316 gratia,
459 5243 550 5301 dilecti
564 5243 591 5300 in
607 5245 725 5302 Domino
735 5246 793 5315 iiiii,
806 5249 903 5307 vestris

105 5333 284 5408 petitionibus
300 5333 452 5389 clementer
464 5330 618 5401 annuimus,
634 5342 661 5391 et
674 5333 904 5413 iiiohenbergen-

105 5439 164 5480 sem
180 5421 336 5493 ecclesiam,
357 5420 384 5475 in
398 5435 452 5491 qus
468 5420 559 5479 divino
574 5424 681 5480 vacatis
695 5425 817 5496 servitio,
833 5445 903 5501 prae·

1004 3189 1065 3262 Ego
1080 3189 1219 3246 Conradus
1235 3191 1412 3248 Fsbianensis
1426 3194 1557 3253 Ecclesiae
1571 3197 1715 3270 episcopus
1730 3216 1769 3257 ss.

1006 3278 1065 3349 Ego
1080 3278 1223 3335 Gerardus
1238 3281 1382 3354 presbyter
1396 3282 1544 3340 cardinalis
1559 3285 1602 3342 tit.
1625 3287 1654 3343 8.
1672 3288 1768 3346 Crucis

968 3367 997 3421 in
1010 3367 1161 3423 ierusalem
1177 3384 1216 3425 ss.

1004 3465 1064 3537 Ego
1079 3464 1236 3522 Goteiridus
1263 3470 1408 3543 presbyter
1431 3472 1577 3530 cardinalis
1591 3476 1633 3532 tit.
1652 3476 1680 3533 8.
1711 3477 1766 3535 Ve-

968 3552 1048 3609 stinae
1061 3569 1101 3610 ss.

1002 3653 1063 3725 ligo
1072 3655 1161 3712 Lucas
1173 3655 1316 3730 presbyter
1330 3657 1478 3717 cardinalis
1493 3662 1533 3718 tit.
1549 3662 1597 3721 SS.
1609 3664 1723 3723 loannis
1739 3675 1766 3724 et

966 3742 1043 3798 Pauli
1057 3759 1094 3801 ss.

1001 3840 1062 3914 Ego
1077 3840 1278 3900 Theodeuinns
1292 3844 1320 3901 S.
1337 3845 1442 3906 liutinae
1457 3849 1601 3923 episcopus
1616 3870 1654 3909 ss.

1000 3937 1060 4010 Ego
1075 3936 1139 3996 Otto
1147 3939 1278 3998 diaconus
1292 3944 1438 4001 cardinalis
1452 3946 1481 4000 S.
1493 3946 1606 4020 Georgii
1615 3948 1651 4006 ad
1662 3951 1761 4009 i'eium

964 4028 1086 4084 Aureum
1101 4046 1140 4088 ss.

1001 4126 1060 4197 Ego
1075 4126 1167 4183 Guido
1178 4127 1310 4185 diaconus
1324 4127 1473 4188 cardinalis
1488 4135 1517 4191 S.
1534 4136 1632 4208 angeli
1647 4154 1685 4195 ss.

999 4213 1060 4289 Ego
1074 4215 1243 4274 Octavianus
1258 4217 1389 4277 diaconus
1409 4222 1554 4280 cardinclis
1569 4225 1597 4282 S.
1614 4226 1719 4284 Nicoiai
1734 4228 1762 4285 in

963 4303 1080 4361 Caruere
1096 4321 1139 4363 ss.

921 4409 949 4471 1]
999 4401 1100 4458 Delum
1115 4403 1238 4462 Laterani
1253 4421 1301 4478 per
1316 4424 1413 4466 manus
1440 4410 1569 4469 himerici
1583 4421 1683 4471 sanctae
1702 4412 1762 4474 iio-

961 4506 1049 4547 manae
1062 4492 1194 4550 Ecclesiae
1208 4495 1316 4552 diaconi
1332 4498 1410 4554 card.
1429 4506 1457 4554 et
1470 4499 1628 4558 cancellarii
1650 4514 1762 4576 aposto·

961 4579 1024 4636 iicae
1046 4580 1130 4649 sodis,
1158 4582 1308 4642 indictione
1323 4602 1363 4654 nr,
1393 4587 1590 4646 iucarnationis
1610 4593 1760 4653 Dominicae

961 4683 1033 4726 anno
1047 4671 1192 4728 millesimo
1207 4675 1354 4732 contesimo
1370 4676 1507 4734 tricesimo
1522 4689 1627 4751 octavo,
1647 4684 1760 4755 pontiti·

960 4768 1036 4816 cetus
1050 4777 1117 4818 vero
1131 4762 1227 4819 domni
1241 4763 1395 4823 Innocentii
1411 4767 1434 4822 11
1449 4783 1521 4826 anno
1536 4786 1572 4827 rx.

1288 4918 1422 4976 CDXXV.

961 5063 1043 5122 Claro
1058 5070 1086 5122 ct
1095 5065 1176 5124 loisis
1185 5065 1310 5126 dicereris
1319 5070 1567 5129 hildesheimensis
1574 5074 1690 5142 scribit,·
1704 5078 1757 5134 uui

976 5138 1760 5211 nulluslaicorcmborrosrolrumcloustroliumoelolio·

975 5225 1041 5266 rura
1051 5210 1221 5266 clericorum
1237 5213 1352 5268 mobilia
1362 5215 1405 5270 vel
1420 5217 1577 5274 immobilis
1588 5217 1621 5273 irs
1632 5219 1692 5275 vito
1706 5234 1757 5277 scer

974 5280 1007 5337 in
1021 5285 1112 5338 morte
1122 5298 1261 5356 usurpare
1269 5291 1435 5356 presumat.
1448 5309 1459 5336 r

1184 5418 1274 5487 (Anno
1291 5419 1368 5487 1139,
1383 5421 1453 5479 Nor.
1469 5424 1526 5495 ii.)

106 5511 190 5569 sentis
219 5510 312 5583 scripti
333 5508 484 5583 patrocinio
515 5513 723 5584 commuuimus,
751 5523 901 5576 statuentes
955 5539 1754 5620 [Jippt‚ssepp⁸ta1>0rrtiy,Rom,‚p,ssp‚exquularjq

103 5609 133 5660 ut
146 5602 216 5661 ordo
230 5599 379 5660 canonicus
393 5597 542 5658 secundum
564 5600 637 5660 beeri
651 5605 795 5678 Augustini
813 5624 900 5682 regu-

1195 5614 1271 5688 regio
1284 5614 1509 5693 hannoverano-i
