3750 6000
136 186 187 251 hii

752 175 958 240 lliNOCllNTll
975 175 1000 235 tl
1020 176 1126 236 Pana.

1737 188 1789 242 ott

132 315 182 384 tttl,
200 311 364 370 venerabilis
379 309 472 365 fratris
486 306 568 365 vestri
579 306 702 379 episcopi
713 304 794 376 iustis
804 302 933 375 precibus
946 299 975 364 Α
990 299 1104 370 Oniaiis,
1120 313 1246 358 mansum
1256 300 1291 357 rle
1300 301 1474 371 cerecesola,
1491 318 1614 360 mansum
1628 303 1663 361 de
1678 304 1788 374 Albino,

132 402 264 468 inclinati,
282 399 354 457 Beati
370 397 531 454 columbani
546 395 702 461 ecclesiam,
731 394 758 448 in
774 408 828 465 qun
843 390 935 447 divino

138 490 283 563 mancipati
299 489 364 545 estis
379 487 522 558 obsequio,
550 486 600 541 sub
615 484 688 540 beati
715 481 786 538 Petri
800 489 827 536 et
841 485 936 534 nostra

135 580 304 654 protectione
314 575 478 647 suscipimus
495 583 521 631 et
536 573 679 646 praesentis
693 568 830 643 privilegii
842 575 936 639 patro-

135 670 206 729 cinio
221 666 430 732 communimus,
446 672 596 719 statuentes
624 669 652 717 ut
667 673 841 732 quascunque
870 670 934 727 pos·

136 759 288 823 sessiones,
318 769 489 827 quaeeunque
506 753 577 808 bona
597 748 829 822 inpraesentiarum
844 742 938 816 possi-

142 849 212 904 detis
225 848 299 918 iuste
316 853 343 900 et
357 842 499 908 canonice,
529 849 574 896 aut
587 843 614 895 iu
629 839 745 895 luturum
760 833 938 893 concessione

140 935 309 1008 pontificum,
325 931 470 1005 largitione
496 946 593 1002 regum
609 929 650 984 vel
665 927 830 1000 principum,
860 920 939 978 obla-

138 1025 213 1081 tione
229 1023 359 1086 fidelium,
386 1036 435 1075 seu
464 1019 525 1074 aliis
549 1020 633 1088 justis
663 1015 763 1083 causis,
793 1016 940 1085 praestante

139 1109 257 1167 Domino
284 1104 408 1177 poteritis
426 1103 554 1174 adipisci,
584 1102 661 1156 lirma
692 1100 768 1155 robis
786 1096 939 1162 vestrisque

141 1195 350 1254 successoribus
365 1202 391 1248 et
405 1192 506 1246 illibata
522 1197 716 1263 permaneant:
727 1189 755 1242 in
769 1185 871 1259 quibus
880 1184 940 1240 haec

141 1285 260 1359 propriis
289 1283 417 1338 duximus
449 1280 627 1351 exprimenda
655 1275 796 1334 vocabulis
814 1291 820 1330 :
836 1281 938 1330 curtem

142 1375 231 1431 Sancti
249 1371 356 1426 llartini
371 1384 433 1425 cum
453 1368 570 1424 ecclesia
586 1376 611 1423 et
626 1373 724 1435 castro,
750 1362 826 1436 qnod
840 1361 940 1417 dicitur

143 1461 379 1525 Petra-Carraria,
395 1474 456 1515 cum
471 1456 596 1513 omnibus
612 1455 670 1510 suis
685 1452 863 1526 pertinentiis.
877 1465 939 1506 cur·

137 1561 193 1607 tern
220 1548 310 1606 Sancti
327 1545 477 1603 Salvatoris
498 1561 558 1602 cum
574 1543 689 1601 ecclesia
716 1550 741 1598 et
767 1539 938 1613 pertinentiis

989 404 1117 445 mansum
1131 387 1166 444 de
1180 388 1273 458 Curta,
1289 405 1414 446 mansum
1430 391 1464 447 de
1479 391 1590 463 Buchia,
1612 408 1737 451 mansum
1754 394 1791 451 dc

990 477 1126 536 llerconis
1139 477 1174 534 de
1187 476 1460 550 Canneto,irnansum
1474 479 1509 535 de
1522 479 1620 537 Sancto
1635 481 1794 550 Desiderio,

991 581 1116 622 mansum
1130 566 1164 631 tle
1179 566 1318 633 Gnercho,
1334 566 1470 623 decimam
1486 568 1633 642 sigisberti
1647 569 1682 626 de
1697 569 1789 638 Guita,

992 670 1116 709 mansum
1130 654 1166 710 de
1192 655 1389 727 Ponziproudo,
1417 672 1541 712 mansum
1557 657 1660 714 Rustici
1674 659 1709 715 de
1728 659 1792 717 Sta-

993 743 1065 807 vela,
1081 758 1205 798 mansum
1221 744 1333 799 loannis
1347 744 1487 801 Benedicti
1501 744 1535 801 dc
1550 745 1791 815 Caulo,decimam

993 831 1136 887 lantranci
1149 833 1184 888 de
1199 832 1299 899 Otono,
1328 848 1453 888 mansum
1481 833 1633 902 Saronmii,
1664 851 1790 892 mansum

993 920 1099 994 Ugonis
1112 921 1215 976 hiberti
1230 922 1380 994 Dagatarii,
1392 939 1515 979 mansum
1530 923 1614 979 Vallis
1629 925 1791 993 Lauriculae,

994 1025 1117 1065 mansum
1146 1010 1180 1066 de
1195 1009 1331 1079 l‘radello,
1360 1027 1485 1067 mansum
1510 1012 1610 1068 Borclli
1637 1013 1673 1070 de
1701 1014 1791 1082 Serto,

993 1114 1117 1154 mansum
1133 1099 1311 1167 somenzarii,
1340 1115 1465 1155 mosum
1478 1100 1513 1156 de
1528 1100 1635 1170 Sclavo,
1665 1117 1792 1158 mansum

993 1185 1029 1242 de
1041 1186 1166 1256 llaliolis,
1182 1203 1306 1244 mansum
1335 1188 1520 1261 Quoquotum,
1535 1204 1662 1245 mansum
1679 1188 1791 1261 Petroli,

994 1284 1020 1332 et
1038 1276 1151 1331 ioannis
1170 1277 1204 1333 de
1219 1277 1342 1343 Caniolo,
1363 1285 1466 1334 sortem
1480 1294 1562 1335 unam
1578 1279 1604 1333 in
1634 1279 1710 1346 Labi,
1727 1295 1793 1335 sor·

992 1371 1047 1420 tem
1063 1381 1144 1420 unam
1159 1365 1186 1420 in
1199 1365 1312 1432 Palatio,
1333 1374 1360 1421 et
1374 1382 1488 1424 censam
1502 1368 1537 1423 de
1550 1367 1697 1436 Corinello,
1717 1367 1794 1423 brai-

993 1453 1057 1510 dam
1071 1455 1106 1511 dc
1121 1455 1215 1521 Ponte,
1236 1455 1361 1511 braidam
1373 1456 1450 1525 iuxta
1465 1457 1604 1512 Fossatum
1619 1457 1655 1512 de
1673 1455 1792 1524 Batalia,

993 1541 1118 1599 braidam
1132 1543 1160 1598 in
1174 1559 1273 1615 campo
1285 1542 1385 1610 Tutini,
1414 1545 1539 1600 braidam
1559 1544 1587 1600 in
1604 1545 1700 1617 Pigno,
1717 1546 1794 1601 brai·

140 1640 206 1707 suia,
222 1647 326 1694 curtem
341 1637 376 1691 de
391 1636 476 1690 Cruce
506 1649 567 1689 curn
580 1631 695 1688 ecclesia
711 1639 738 1686 et
765 1627 975 1709 pertinentiisss
991 1630 1096 1685 damin
1117 1632 1292 1699 llarzelasco,
1313 1641 1419 1704 pratum
1437 1633 1509 1705 qnod
1527 1632 1628 1689 dicitur
1641 1633 1793 1707 Codogna-

136 1745 203 1794 surs,
220 1734 324 1782 curtem
339 1723 373 1778 de
387 1723 479 1778 Garda
493 1737 556 1778 cum
566 1719 698 1784 ecclesiis,
722 1718 857 1784 districtu,
873 1732 935 1771 om·
989 1719 1068 1789 rium,
1085 1735 1147 1776 cnm
1174 1721 1262 1777 vineis
1277 1721 1329 1777 sibi
1344 1721 1490 1790 adiunctis,
1513 1721 1623 1778 vineam
1639 1722 1708 1777 iutra
1722 1723 1794 1779 civi-

136 1810 457 1886 nibusquepertiuentiis
472 1809 538 1876 sois,
565 1816 669 1866 curtem
685 1808 719 1864 de
735 1806 935 1863 Graviliacum
988 1814 1077 1877 tatem,
1104 1817 1131 1864 et
1165 1809 1320 1865 molendina
1343 1826 1518 1882 quaecunque
1548 1809 1628 1866 etiam
1663 1810 1794 1881 prelatus

139 1904 255 1962 ecclesia
270 1900 495 1974 pertinentiisque
523 1899 589 1967 suis,
618 1906 720 1954 curtem
748 1912 809 1968 quse
837 1894 935 1951 dicitnr
989 1895 1085 1952 Simon
1100 1896 1246 1968 episcopus
1261 1898 1304 1954 vel
1319 1906 1508 1954 antecessores
1523 1899 1593 1968 eius,
1618 1899 1679 1955 sive
1694 1899 1797 1956 aluiso

138 1995 276 2064 Gomorga
290 2006 352 2047 cum
367 1989 482 2046 ecclesia
496 1987 720 2060 pertinentiisque
735 1985 802 2050 suis,
832 1993 936 2040 curtem
989 1999 1062 2039 uxor
1080 1985 1246 2042 marchionis
1264 1986 1385 2044 Marcelli
1400 2002 1462 2043 curn
1479 1985 1542 2042 liliis
1558 1987 1626 2054 suis,
1654 1986 1733 2044 vobis
1746 2003 1796 2043 ra-

138 2081 264 2155 Vignalis
278 2096 339 2137 cum
368 2077 485 2135 ecclesia
500 2084 527 2133 ct
541 2076 713 2148 pertinentiis
732 2074 798 2140 suis,
831 2079 937 2129 curtem
990 2072 1153 2130 tionabiliter
1162 2075 1340 2143 concesserit,
1361 2075 1485 2131 similiter
1497 2074 1705 2133 confirmamus.
1721 2076 1794 2134 sane

137 2170 237 2227 Carelii
264 2167 461 2225 cumecclesia
476 2173 503 2221 et
532 2163 701 2236 pertinentiis
730 2163 799 2231 suis,
828 2160 938 2233 plebem
990 2160 1114 2219 laborum
1129 2171 1290 2231 vestrorum,
1307 2181 1376 2237 quos
1393 2165 1514 2236 propriis
1530 2165 1657 2221 manibus
1674 2174 1700 2223 et
1715 2182 1796 2222 surn-

136 2259 229 2316 Sancti
243 2257 342 2313 Albani
357 2257 385 2310 in
411 2255 567 2310 Candubrio
595 2269 657 2310 cum
673 2251 842 2324 pertinentiis
870 2250 940 2319 suis,
992 2251 1086 2323 ptibus
1101 2252 1200 2320 colitis,
1216 2254 1274 2309 sive
1288 2253 1322 2308 de
1336 2254 1508 2309 nutrimentis
1523 2253 1681 2310 animalium
1692 2262 1798 2312 vestro·

137 2347 283 2405 ecclesiam
300 2344 393 2401 Sancti
409 2343 545 2413 Evasiiin
579 2340 755 2411 Quintiniano
770 2356 831 2397 oum
858 2338 942 2411 perti·
995 2355 1063 2407 rum,
1093 2340 1182 2397 nullus
1201 2342 1311 2398 omnino
1331 2342 1457 2410 clericus,
1486 2343 1529 2400 rel
1544 2343 1799 2400 laicusdecimasa

137 2436 237 2493 nentiis
257 2430 325 2498 suis,
342 2432 489 2488 ecclesiam
504 2431 598 2486 Sancti
616 2428 730 2501 Georgii
745 2445 807 2501 quae
821 2435 863 2483 est
891 2425 944 2482 sita
995 2429 1074 2485 vobis
1089 2430 1204 2503 exigere
1218 2438 1376 2500 proesumnt.
1394 2431 1423 2487 si
1438 2447 1504 2488 vero
1518 2432 1615 2488 eadem
1629 2431 1797 2504 episcopalis

139 2527 168 2583 in
183 2522 389 2588 lllonte-Curto,
419 2535 480 2576 cum
510 2517 680 2590 pertinentiis
708 2517 774 2586 suis,
799 2516 944 2573 ecclesiam
998 2518 1078 2573 sedes
1104 2519 1252 2585 vacaverit,
1286 2520 1329 2575 vel
1358 2519 1525 2576 catholicum
1553 2521 1711 2592 episcopam
1739 2536 1798 2576 non

143 2610 323 2670 deCcresola
340 2606 667 2678 cumpertinentiissuis,
692 2605 840 2662 ecclesiam
854 2604 945 2661 Sancti
995 2605 1131 2675 habuerit,
1147 2608 1274 2674 chrisma,
1303 2608 1544 2677 oleumsanctum,
1573 2610 1798 2667 consecrationes

139 2692 253 2758 antonii
267 2699 301 2753 de
317 2697 417 2753 Bruida
433 2712 495 2752 cum
509 2694 624 2751 decimis
649 2702 676 2751 et
690 2692 861 2765 pertinentiis
875 2692 942 2751 suis,
993 2693 1128 2764 altarium,
1144 2711 1192 2750 seu
1211 2696 1382 2752 basilicarum
1392 2697 1578 2754 ordinationes
1593 2698 1798 2755 ecclesiasticas

140 2789 286 2847 ecclesiam
303 2785 333 2840 S.
354 2784 517 2840 Columbini
535 2784 570 2839 de
585 2784 678 2839 ltlonte
693 2783 768 2838 claro
782 2797 842 2838 cnm
857 2780 945 2852 perti·
995 2797 1189 2856 aquocunque
1212 2784 1361 2841 malueritis
1380 2786 1519 2858 episcopo,
1549 2786 1627 2843 vobis
1654 2785 1797 2858 suscipere

139 2873 239 2932 nentiis
256 2869 323 2936 suis,
354 2868 498 2925 ecclesiam
515 2867 608 2923 Sancti
634 2866 748 2939 Georgii
764 2866 798 2921 de
826 2864 944 2921 ltlontale
993 2869 1086 2927 hceat.
1108 2872 1287 2928 Decernimus
1301 2889 1370 2947 ergo
1390 2880 1422 2930 ut
1435 2875 1502 2930 nulli
1523 2875 1634 2931 omnino
1654 2873 1797 2931 hominum

139 2975 200 3016 cum
217 2957 392 3030 pertinentiis
408 2956 475 3023 suis,
504 2956 649 3012 ecclesiam
665 2955 757 3011 Sancti
772 2954 887 3010 hadreae
907 2952 953 3012 de.
995 2957 1075 3015 liccat
1099 2961 1243 3033 praelatum
1271 2963 1469 3019 monasterium
1497 2971 1601 3020 temere
1623 2969 1796 3035 perturbare,

138 3048 264 3104 Traiano
277 3061 338 3102 cum
354 3045 469 3102 decimis
485 3051 511 3100 et
524 3043 695 3116 pertinentiis
709 3043 776 3110 suis,
792 3042 936 3099 ecclesiam
995 3056 1042 3104 ant
1061 3048 1120 3120 ejus
1138 3050 1330 3123 possessiones
1349 3053 1468 3121 auferre,
1485 3051 1528 3108 vel
1544 3053 1652 3109 ablatas
1668 3051 1798 3115 retinere,

140 3139 247 3195 sanctae
273 3134 408 3191 llariaein
436 3133 567 3206 spelunca
594 3132 842 3204 compertinentiis
868 3131 935 3199 suis,
990 3137 1123 3207 minuere,
1158 3155 1207 3195 seu
1243 3140 1449 3213 quomodolibet
1482 3140 1598 3214 latigare
1631 3141 1680 3197 sed
1709 3139 1801 3198 omnia

140 3227 286 3284 ecclesiam
302 3223 473 3280 infirmorum
487 3237 548 3280 cum
564 3221 736 3294 pertinentiis
750 3221 817 3287 suis,
848 3219 938 3276 eccle·
990 3226 1100 3301 integra
1114 3237 1312 3286 conserventur
1326 3245 1433 3298 eorum,
1459 3245 1510 3301 pro
1525 3247 1639 3304 quorum
1655 3236 1799 3286 sustenta·

140 3315 207 3371 siam
222 3316 330 3370 Novam
344 3328 407 3370 tum
423 3311 592 3383 pertinentiis
606 3310 673 3377 ⁵⁰18,
687 3310 832 3367 ecclesiam
846 3306 939 3368 Sancti
990 3315 1068 3373 tione
1084 3324 1111 3372 et
1125 3316 1327 3389 gubernatione
1342 3333 1474 3375 concessa
1493 3326 1566 3386 suut,
1586 3318 1687 3375 usibus
1710 3317 1800 3374 omni·

140 3403 278 3459 Laurentii
298 3418 361 3458 cum
388 3400 559 3472 pertinentiis
575 3400 641 3466 suis,
672 3398 816 3456 ecclesiam
845 3399 940 3457 Sancti
994 3403 1083 3481 modis
1111 3405 1262 3477 prolatura,
1282 3406 1358 3463 salva
1372 3407 1472 3462 summi
1490 3405 1628 3478 pontilicis
1659 3405 1796 3464 canonica

140 3489 331 3547 Bartholomaei
346 3489 373 3543 in
389 3489 463 3544 Saxo
478 3503 538 3544 curn
563 3487 735 3558 pertinentiis
749 3486 815 3554 suis,
832 3496 859 3544 et
878 3505 940 3545 me·
993 3493 1112 3564 justitia,
1133 3495 1161 3552 si
1175 3513 1235 3570 quae
1249 3495 1333 3568 igitur
1359 3494 1519 3551 infuturum
1546 3495 1733 3553 0001051332102
1746 3511 1801 3552 με.

142 3580 270 3636 dietatem
286 3578 413 3643 mercati,
442 3584 592 3633 mercatum
607 3577 698 3633 Sancti
715 3576 884 3644 Columbani,
915 3584 942 3634 ei
996 3587 1134 3645 cularisve
1148 3601 1273 3659 persona,
1295 3584 1363 3641 hanc
1377 3592 1478 3641 nostrae
1501 3585 1701 3642 constitutionis
1714 3587 1798 3660 pagi.

140 3668 377 3724 tliudmercalum
392 3666 427 3722 de
443 3664 532 3732 Oliva,
562 3665 777 3722 centumdecem
793 3666 942 3723 solidorum
996 3693 1058 3732 narn
1079 3675 1180 3744 sciens,
1209 3681 1305 3733 contra
1320 3690 1380 3730 eam
1403 3681 1505 3730 temere
1518 3673 1613 3731 venire
1641 3676 1798 3745 tentaverit,

141 3759 269 3829 Papieus.
282 3759 311 3811 ln
325 3764 401 3812 curte
414 3755 576 3811 huraemalae
593 3772 600 3809 ι
616 3755 682 3810 villa
697 3755 731 3811 de
747 3755 870 3822 stabulo,
880 3755 942 3812 villa
997 3766 1117 3822 secundo
1132 3764 1250 3821 ieiijove
1264 3762 1438 3830 commonita,
1469 3762 1492 3818 si
1509 3778 1565 3819 nou
1583 3771 1689 3820 renium
1717 3780 1798 3822 guum

142 3847 176 3902 de
190 3845 286 3913 Conio,
302 3844 754 3912 VillssdssC³V³⁰³¹10V82d005fflfl
769 3845 803 3900 de
819 3843 943 3900 pradello
997 3866 1117 3929 congrae
1132 3852 1326 3909 satisfaciendo
1341 3851 1506 3918 correxerit,
1521 3852 1664 3923 potestatis
1673 3852 1799 3909 honoris·

141 3935 289 4002 Αὓῑθῠῑῡῡι
303 3933 368 3990 Villi
379 3933 412 3989 de
423 3933 583 4006 busbagno,
598 3933 662 3989 Villi
672 3933 706 3989 de
717 3933 806 4000 58180,
819 3949 943 3989 mansum
997 3961 1050 4017 que
1062 3943 1103 3999 sui
1117 3943 1248 4015 dignitate
1260 3948 1361 4009 careat,
1389 3956 1520 4012 reamque
1544 3955 1574 3996 se
1588 3940 1682 3997 divino
1693 3941 1798 4011 iudicio

143 4031 506 4103 Guasconi,possessionem
521 4031 667 4086 Theodosii
679 4031 712 4086 de
723 4030 864 4104 Cigoguis,
878 4030 944 4086 uilla
998 4032 1115 4089 existere
1131 4031 1166 4086 de
1181 4038 1337 4103 perpetrata
1351 4028 1493 4102 iniquitate
1505 4038 1664 4102 cognoscat,
1684 4038 1711 4086 et
1725 4046 1740 4085 a
1754 4047 1798 4087 sa·

141 4121 278 4189 lliuturni,
306 4120 491 4192 Broidamque
519 4127 546 4176 et
573 4128 682 4192 pratum
709 4119 890 4176 Donnicatum
915 4119 943 4175 in
997 4121 1152 4180 cratissimo
1167 4135 1280 4191 corpore
1295 4126 1322 4175 et
1349 4117 1482 4190 sanguine
1505 4118 1613 4173 Domini
1642 4119 1725 4175 nostri
1740 4121 1797 4176 lie-

141 4220 233 4268 monte
248 4210 390 4277 Penuicis,
405 4218 497 4265 monte
514 4208 548 4264 de
565 4209 721 4282 bienniugo,
746 4208 810 4263 silla
825 4209 859 4264 de
875 4210 943 4264 Cer-
996 4209 1145 4282 demptoris
1158 4210 1225 4265 Jesu
1240 4206 1340 4264 Christi
1354 4207 1445 4263 aliena
1460 4206 1516 4273 liat,
1536 4215 1615 4280 atque
1629 4207 1658 4262 in
1674 4216 1797 4264 extremo

142 4309 211 4367 reto,
226 4298 292 4356 uilla
307 4299 342 4356 de
356 4298 466 4354 Cavana
480 4313 542 4354 cum
553 4297 649 4352 Braida
661 4297 793 4364 Donnica,
810 4296 938 4369 sapateli,
997 4287 1121 4356 examine
1134 4298 1263 4354 districta
1275 4296 1372 4353 ultioni
1387 4295 1540 4368 subiaceat.
1566 4295 1675 4353 Cunctis
1704 4305 1797 4353 autem

143 4395 170 4445 et
183 4390 360 4455 Reueretum,
389 4395 513 4442 montem
528 4386 562 4441 de
578 4387 678 4452 Lenno,
701 4385 793 4441 uillam
810 4386 844 4442 de
864 4350 1082 4444 lion-Deidem
1096 4388 1157 4445 loco
1185 4403 1232 4442 sua
1254 4386 1316 4455 iura
1344 4385 1516 4441 servantibus
1543 4383 1578 4440 sit
1604 4400 1659 4457 pax
1687 4384 1797 4442 Doniini

143 4493 224 4544 core,
253 4476 349 4532 villam
378 4474 503 4540 laidelli,
534 4475 784 4548 Pratum-longum,
812 4491 939 4530 mansum
992 4476 1156 4534 nostrilesu
1172 4475 1285 4543 Christi,
1315 4480 1491 4546 quatenuset
1512 4473 1653 4530 hicbonae
1678 4474 1797 4531 actionis

142 4573 251 4647 liugeli,
267 4571 438 4639 Gambalatn,
462 4573 603 4627 linnchum
622 4572 657 4628 de
672 4570 769 4639 Grillo,
784 4574 936 4641 Frarctum,
992 4563 1109 4623 fructum
1134 4564 1296 4637 percipiant,
1325 4572 1352 4619 et
1396 4562 1469 4634 apud
1496 4561 1649 4617 districtum
1673 4562 1794 4631 jndicem

142 4661 286 4720 liunchum
302 4660 479 4728 dePradilia,
508 4677 636 4717 mansum
664 4661 784 4729 Barbati,
814 4678 937 4719 mausum
991 4654 1103 4728 praemia
1128 4661 1238 4710 aeternae
1270 4652 1345 4725 pacis
1380 4651 1533 4708 inveniant.
1570 4655 1666 4718 Arnen,
1702 4667 1793 4720 amen,

143 4752 178 4808 de
192 4753 274 4808 Petra
294 4749 435 4817 Columba,
451 4765 575 4805 mansum
589 4750 623 4806 tle
637 4749 798 4819 vaccaritia,
814 4766 940 4807 mansum
994 4758 1075 4801 amen
1089 4743 1175 4815 (tto).

143 4852 177 4908 de
192 4853 275 4922 silva,
304 4867 431 4908 mansum
445 4851 480 4908 de
494 4852 622 4918 buzochi,
651 4866 776 4908 mansum
790 4853 824 4909 tle
839 4853 940 4910 (losta-
1349 4838 1437 4895 DXX-

142 4940 208 5009 alta,
237 4957 365 4997 mansum
391 4942 426 4997 de
455 4940 598 5009 Coussenti,
627 4957 756 4998 mansum
779 4943 814 4998 de
837 4943 939 5011 Gauda,
996 4937 1425 5027 honoslerinrnntierbncenseial.
1436 4935 1647 5021 Inperiuratae]
1656 4935 1793 4994 tuertdom

144 5045 269 5085 mansum
283 5029 468 5086 bonisenioris
492 5030 527 5086 de
541 5029 660 5097 Cavello,
690 5045 802 5087 mansos
816 5031 850 5087 tle
864 5030 942 5088 Uzoli
1100 5014 1220 5085 ‘wilm
1229 5015 1326 5083 mim
1337 5009 1407 5066 ‘’⁰7¹“
1416 5023 1522 5074 ΜΝ
1534 5009 1696 5078 C‘mfil‘mssl·

146 5117 291 5186 Gazsritia,
312 5134 438 5174 mansum
464 5118 594 5191 lisignoli
609 5118 680 5174 inter
694 5118 806 5175 Bobium
823 5127 850 5175 et
863 5121 940 5176 Trae-
1214 5108 1306 5179 (3⁰⁰⁰
1321 5107 1400 5174 ¹¹⁴2,
1415 5106 1497 5161 Mlti·
1518 5105 1573 5176 ¹1·)

145 5205 229 5270 biam,
249 5221 374 5262 mansum
389 5207 423 5263 de
438 5208 531 5275 blotio,
545 5223 669 5263 mansum
684 5207 719 5263 de
735 5206 850 5278 Gosino,
867 5224 940 5264 man·
1117 5207 1308 5277 [Monumento
1323 5205 1405 5260 Boion
1417 5210 1484 5258 tom.
1497 5204 1534 5273 X,
1548 5220 1575 5275 p.
1592 5203 1668 5277 sis]

145 5309 204 5349 sum
233 5293 268 5348 de
291 5295 383 5362 Asino,
412 5309 537 5353 mansum
565 5296 599 5353 de
627 5295 719 5365 Niblo,
748 5312 874 5353 mansum
906 5296 942 5354 de
1027 5298 1218 5352 lunocnnrrns
1231 5293 1487 5367 episcopusservus
1499 5307 1641 5350 servorum
1652 5292 1712 5360 Dei,
1728 5291 1795 5351 dile·

182 5471 257 5544 (ira)
273 5472 471 5547 chronologica
485 5481 551 5529 nota
569 5472 655 5529 nulla.
688 5471 861 5549 ltlargarinus
888 5488 956 5533 uero
974 5471 1072 5533 asserit
1085 5472 1177 5528 datum
1208 5468 1329 5544 diploma
1342 5470 1417 5528 diet
1442 5469 1530 5527 llartli
1551 5468 1616 5526 suni
1631 5469 1718 5538 tlta;
1734 5482 1784 5529 ac·

144 5551 237 5601 curate
251 5544 420 5617 praersiseque
435 5546 544 5618 qnidam
557 5544 652 5601 nimis.
