3750 6000
144 207 219 267 itit
596 205 797 268 WlLLEle
819 200 1185 267 uatuussutttuttsts
1207 202 1391 264 MONAGHI
1771 197 1845 258 {tit

143 335 235 406 luere,
246 334 276 391 in
290 343 463 409 perpetuum
474 336 504 393 in
516 337 579 410 ipsa
591 342 641 395 tua
656 336 882 410 metropolitana
896 338 965 394 sads
980 339 1006 406 Α
1023 351 1091 405 cnm
1111 333 1234 406 quilibet
1258 333 1443 392 sacerdotnm
1467 347 1503 389 ex
1515 331 1572 389 hac
1586 331 1647 388 vita
1670 328 1847 403 migraverit,

144 441 196 498 per
206 426 395 497 subjectionis
406 427 603 499 cognitionem
620 427 813 500 irrefragabili
823 431 888 498 jure
899 443 966 483 con·
1022 427 1073 483 scd
1085 443 1153 483 mox
1164 431 1196 481 ut
1207 424 1266 495 ille,
1275 427 1324 496 qui
1337 423 1436 497 prime
1448 424 1527 480 sadis
1538 423 1734 495 principatum
1747 437 1849 494 gerens

144 516 273 572 cedimus
288 517 472 573 obtinendas.
489 519 519 574 Si
535 518 599 590 quis
615 534 692 583 vero,
709 519 787 588 quod
809 535 865 573 non
882 523 969 588 opta·
1022 517 1159 572 intervos
1170 517 1281 571 ceteris
1297 513 1441 586 episcopis
1452 529 1576 586 praeesse
1587 512 1780 579 dignoscitur,
1795 512 1847 567 ira·

145 620 218 673 mus,
235 612 336 662 contra
350 606 426 663 hanc
441 608 621 664 definitionis
637 613 742 663 nostre
757 606 801 662 vel
817 604 967 676 apostolici
1022 605 1075 661 tris
1090 606 1187 661 ohitns
1202 606 1288 660 luerit
1302 603 1503 669 denuntiatus,
1516 603 1591 658 iacta
1605 600 1750 657 electione
1765 616 1848 655 cano·

146 694 289 767 privilegii
303 697 506 753 auctoritatem
518 699 615 754 venire
628 696 791 763 tentaverit,
803 713 836 752 ex
848 700 970 769 aposto·
1022 693 1089 750 nica
1114 695 1189 751 alter
1213 697 1399 751 consecratus
1414 692 1562 760 succedat,
1578 691 1645 763 quis
1659 697 1758 747 autem
1774 689 1847 745 inter

143 781 198 839 lica
214 784 385 841 auctoritate
402 786 570 855 statuimus,
584 792 615 843 ut
626 787 651 843 si
667 785 907 857 archiepiscopus
923 786 968 842 val
1022 799 1075 840 vos
1090 784 1286 855 principatum
1299 788 1398 839 tenere
1408 783 1523 851 debeat,
1534 797 1634 852 quaeve
1645 780 1732 836 sedes
1742 781 1847 852 episce

143 871 298 945 episcopus
312 874 408 943 inerit,
419 891 454 931 ex
468 876 570 933 ordine
587 875 761 948 presulatus
776 875 813 931 sit
826 876 968 946 dejectus:
1023 872 1098 944 palis
1109 873 1221 929 caetcris
1233 870 1402 944 praepolleat
1412 870 1751 943 habeatqueprimatum
1762 869 1846 925 aholi·

144 960 279 1020 similiter
300 965 449 1038 presbyter
463 965 508 1021 vel
523 968 676 1032 diaconus,
693 969 735 1025 vel
751 969 826 1025 alius
849 968 970 1040 quilibet
1023 963 1102 1018 tanis
1113 963 1297 1033 temporibus
1309 960 1639 1017 notissimomest.ltam
1651 959 1845 1029 utexscriplis

144 1051 281 1107 minister
302 1056 377 1109 saort
402 1055 555 1112 ministerii
581 1058 604 1112 ai
630 1059 727 1123 tuerit,
748 1059 785 1114 ab
807 1058 909 1115 ordine
931 1058 971 1114 sit
1025 1049 1100 1106 beati
1117 1049 1250 1122 Gregorii
1277 1051 1398 1121 eiusque
1423 1064 1629 1105 successorum
1654 1053 1802 1115 tenemus,
1819 1048 1844 1103 in

144 1140 305 1210 depositus.
319 1143 346 1198 Si
358 1150 456 1201 autem
469 1162 503 1201 ex
515 1163 635 1202 numero
649 1148 787 1203 laicorum
801 1147 899 1215 luerit,
911 1153 968 1203 tarn
1023 1140 1203 1197 Dorobernia
1218 1140 1334 1196 civitate
1350 1139 1537 1211 metropolim
1549 1139 1712 1209 sedemque
1728 1138 1845 1208 primam

146 1246 206 1297 rex,
222 1247 310 1302 qaam
328 1235 473 1306 princeps,
490 1240 540 1290 aut
560 1237 697 1307 qualibet
713 1238 773 1293 sivo
791 1237 969 1309 magnesiae
1024 1229 1217 1302 episcopalem
1230 1234 1422 1285 constatesae
1433 1227 1513 1300 regni
1525 1226 1845 1299 anglorummuivenc·

146 1335 231 1390 parva
248 1339 372 1394 persona
387 1326 433 1392 sit,
451 1342 568 1381 asacre
582 1327 797 1383 communionis
812 1328 968 1399 participu-
1024 1318 1523 1376 rabilisfraternosterl’leimundus
1533 1318 1847 1388 nuncpraeaesedigno

147 1409 226 1465 tione
241 1426 272 1466 se
288 1414 399 1468 noverit
413 1414 553 1470 alienum.
568 1414 649 1472 Hanc
664 1416 805 1488 privilegii
832 1417 968 1490 pogicam
1023 1409 1124 1479 ⁸05th
1144 1409 1229 1481 cujus
1251 1408 1392 1464 honorem
1417 1405 1570 1479 dissssiitlls
1590 1422 1643 1462 11⁰8
1663 1404 1749 1460 nullO
1771 1407 1848 1476 iiiiii

146 1500 317 1556 auctoritate
330 1501 406 1556 beati
422 1504 497 1559 Petri
510 1503 709 1574 apostolorum
723 1506 872 1577 principis,
884 1508 970 1578 cujus
1023 1498 1162 1554 imminui
1179 1499 1386 1570 permittimus,
1403 1499 1453 1552 sed
1469 1495 1495 1551 ei
1510 1497 1588 1552 vices
1606 1494 1788 1567 apostolicas
1804 1509 1849 1565 per

41 1604 44 1609 ·
147 1587 310 1644 ministerio
322 1589 542 1661 fungimur,tihi
554 1592 715 1649 lidbelardu
727 1595 844 1667 tuisque
855 1612 968 1652 succes·
1024 1592 1121 1648 omnia
1137 1607 1233 1660 gerere
1248 1591 1434 1646 mandamus.
1446 1590 1478 1645 Et
1490 1588 1567 1644 sicut
1579 1588 1684 1645 heatus
1696 1586 1849 1657 Gregorius

146 1675 262 1732 scribas
277 1677 307 1731 in
325 1684 497 1751 perpetuum
509 1683 699 1739 concedimus
714 1684 913 1742 obtinendam.
925 1687 969 1743 Ad
1024 1697 1099 1753 papa
1113 1680 1208 1752 primo
1219 1686 1321 1736 vestrae
1330 1679 1424 1752 gentis
1434 1679 1568 1750 episcopo
1576 1676 1742 1748 Augustino
1753 1692 1849 1733 omnes

147 1766 232 1837 cujus
249 1767 414 1824 llrmitatem
436 1768 572 1825 menibus
595 1770 702 1826 nostris
726 1773 967 1845 subscripsimus,
1024 1770 1184 1839 anglorum
1211 1771 1362 1842 episcopos
1378 1785 1443 1825 esse
1457 1768 1603 1836 subiectos
1620 1765 1796 1834 constituit;
1812 1765 1850 1822 sie

146 1853 275 1928 illudque
286 1857 404 1913 nomine
415 1863 515 1914 nostro
528 1859 636 1927 signari
648 1860 863 1918 mandavimus.
875 1861 967 1926 Quum
1026 1876 1078 1915 nos
1094 1859 1305 1932 praenominato
1320 1857 1402 1913 fratri
1418 1856 1599 1914 Dorcbcrnie
1615 1855 1676 1912 sive
1692 1855 1848 1913 cantorbe-

147 1944 238 2002 etiam
253 1963 269 2001 a
284 1947 385 2019 Sergio
405 1947 546 2005 scrinario
562 1957 659 2006 nostro
675 1951 762 2007 scribi
779 1954 968 2023 precepimus
1025 1949 1073 2005 rie
1097 1949 1317 2021 archiepiscopo
1331 1949 1454 2019 ejusque
1470 1945 1692 2003 successoribus
1713 1944 1848 2017 legitimis

148 2049 250 2090 mense
263 2034 413 2105 ianuario,
425 2037 494 2092 data
506 2054 541 2094 xv
557 2037 675 2094 Kalend.
689 2040 770 2096 Febr.
784 2056 833 2110 per
850 2058 967 2098 inanum
1023 2039 1152 2096 eamdem
1178 2038 1352 2110 dignitatem
1376 2037 1596 2103 confirmamus,
1619 2036 1848 2101 mandantes,et

147 2123 303 2194 primicerii
320 2125 461 2181 llustathii
478 2127 556 2183 sedis
568 2137 675 2185 sanctae
691 2129 855 2200 apostolice
870 2130 968 2201 impe·
1023 2131 1193 2185 auctoritate
1204 2127 1267 2192 liei,
1279 2136 1305 2182 et
1316 2126 1391 2182 beati
1404 2126 1481 2182 Petri
1493 2125 1692 2196 apostolorum
1707 2122 1845 2196 principia

146 2217 228 2267 rante
252 2214 372 2269 dominc
387 2214 486 2271 Carolo
503 2217 635 2287 piissimo
659 2217 778 2274 consule
800 2221 967 2290 Augustos
1023 2214 1845 2291 precipientca,ntejuscanonicisdispositionibusomnet

145 2297 203 2354 Deo
218 2307 354 2359 coronato
370 2318 475 2376 magno
492 2303 669 2377 pacificoque
685 2306 871 2377 imperatore,
888 2325 966 2364 anno
1022 2310 1169 2374 obediant,
1185 2315 1214 2362 et
1230 2306 1330 2362 nultus
1345 2320 1458 2369 corum,
1474 2320 1538 2376 que
1554 2303 1580 2358 ei
1596 2303 1718 2375 suisque
1733 2319 1842 2359 succes·

143 2390 273 2446 meando
297 2398 363 2463 post
387 2392 571 2450 consulatum
596 2397 729 2465 ejusdem
752 2397 871 2463 domini,
887 2397 968 2454 indi·
1022 2393 1842 2469 sorihnsapostolicaeuctoritateconccssasunt,violator

142 2478 239 2535 ctione
253 2496 280 2535 x.
298 2505 310 2534 s
1020 2489 1135 2544 existat.
1152 2488 1180 2543 st
1196 2492 1292 2543 autem
1310 2486 1405 2559 quivis
1421 2484 1574 2540 hominum
1589 2487 1691 2538 contra
1717 2482 1779 2539 hec
1792 2481 1839 2538 all·

179 2589 194 2618 «
210 2568 360 2627 Fratribus
374 2575 403 2628 et
419 2571 486 2629 liliis
498 2573 526 2629 in
537 2574 651 2632 Christo
667 2576 805 2633 omnibus
819 2578 965 2652 episcopis
1020 2578 1138 2650 quanda
1164 2577 1216 2632 niti
1233 2592 1266 2633 ac
1281 2572 1455 2631 imminuere
1470 2574 1527 2629 ista
1540 2571 1710 2642 tentaverit,
1727 2571 1801 2628 sciat
1814 2586 1840 2627 se

142 2657 252 2730 Angli&
269 2659 436 2719 FORMOSUS·
1019 2668 1121 2741 procul
1147 2669 1237 2723 dubio
1252 2665 1453 2722 mulctandum
1471 2664 1529 2719 lore
1552 2662 1631 2734 greai
1648 2661 1838 2730 anathemate,

180 2768 192 2799 ι
208 2748 313 2805 Audito
328 2752 470 2809 nefandos
491 2753 563 2811 ritus
583 2772 762 2827 paganorum
780 2759 913 2830 pertibus
934 2760 964 2817 in
1018 2763 1048 2815 et
1062 2775 1079 2813 a
1094 2773 1213 2829 corpore
1225 2761 1334 2812 sanctae
1344 2753 1489 2821 Ecclesie,
1503 2767 1590 2825 quam
1603 2750 1772 2824 inquietare
1783 2766 1839 2806 mo·

141 2836 246 2892 vestris
271 2837 473 2910 repullulasse,
490 2851 517 2898 ct
531 2859 582 2900 vos
604 2847 732 2902 tenuisse
756 2847 914 2916 silentium,
931 2854 964 2906 ut
1018 2845 1098 2911 litur,
1116 2851 1264 2917 perpetuo,
1281 2845 1338 2900 nisi
1356 2842 1520 2914 resipuerit,
1537 2840 1749 2910 separandum.
1767 2861 1781 2891 n

142 2938 228 2980 canes
252 2927 462 2986 consulentes
486 2930 603 2999 latrare,
619 2933 715 3001 gladio
739 2937 963 3008 separationisa
1052 2927 1838 3007 loannesepiscopus,servusservorumDei‚coolratri

41 3060 44 3065 .
143 3027 262 3084 corpore
274 3015 323 3070 Dei
340 3016 466 3074 llcclesia
482 3036 533 3076 vos
553 3021 636 3076 lerire
655 3023 889 3082 deliberavimus.
906 3027 961 3083 Sed
1019 3017 1839 3089 Duasraacllorohernensisocclesiearchiepiscopcvits

141 3101 220 3173 quia,
232 3107 264 3159 ut
280 3104 363 3161 nohis
378 3106 500 3164 dilectus
512 3110 600 3166 irater
610 3117 708 3168 noster
719 3113 905 3171 pleimundus
917 3099 999 3172 ira-C
1019 3123 1164 3187 perpetue
1180 3113 1409 3185 permanendam
1427 3110 1456 3165 io
1472 3109 1586 3165 Christo
1601 3107 1741 3165 salutem.

141 3191 265 3256 limavit,
278 3199 394 3252 tandem
405 3197 610 3270 evigilastis,et
620 3202 734 3258 semina
743 3204 821 3260 verbi
832 3205 882 3261 Dei
894 3206 963 3263 olim
1054 3226 1069 3254 «
1085 3204 1113 3260 Si
1128 3209 1257 3273 pastores
1272 3205 1370 3258 ovium
1382 3198 1475 3256 solem
1488 3197 1613 3271 geluque
1624 3213 1676 3270 prc
1688 3197 1786 3269 gregis
1796 3195 1838 3252 sui

140 3283 428 3355 venerahilitcrjaata
439 3286 470 3344 in
481 3292 557 3344 terra
571 3289 730 3362 auglorum
743 3294 966 3363 cmpistisreno-
1016 3295 1149 3350 custodia
1164 3295 1211 3348 die
1226 3309 1258 3348 ac
1273 3297 1357 3347 nocte
1374 3292 1446 3346 lerre
1461 3287 1592 3345 contenti
1608 3291 1689 3351 sunt,
1706 3291 1735 3342 et
1749 3285 1837 3342 oculis

140 3385 219 3432 vare,
230 3375 601 3434 mucronemdevotationis
613 3381 804 3452 retrahentes,
815 3384 860 3439 liei
872 3387 965 3440 omni·
1016 3387 1207 3454 conspectant
1230 3380 1432 3453 vigilantibus,
1454 3394 1491 3434 ne
1507 3376 1606 3449 aliqua
1621 3391 1655 3432 ex
1671 3375 1777 3432 ovibus
1793 3377 1837 3431 aut

141 3459 270 3529 potentis
280 3464 309 3516 et
319 3461 393 3517 beati
404 3462 479 3518 Petri
490 3465 685 3535 apostolorum
698 3469 837 3542 principis
848 3471 964 3529 benedi·
1016 3471 1141 3530 errando
1149 3476 1310 3546 parentent
1319 3469 1418 3525 ferinis
1426 3468 1536 3524 laniata
1544 3466 1691 3521 morsibus
1700 3465 1835 3536 rapiatur,

142 3546 265 3604 ctionem
282 3549 363 3605 vobis
379 3551 524 3609 mittimus
541 3566 666 3624 orantes,
679 3563 711 3613 nt
725 3561 754 3614 in
768 3559 840 3616 bene
851 3563 963 3634 coaptis,
1016 3567 1127 3634 quanta
1142 3577 1211 3618 cura
1222 3565 1391 3633 quantoque
1404 3558 1510 3614 sudore
1521 3556 1663 3612 debemus
1675 3569 1741 3611 esse
1753 3553 1837 3626 perri·

138 3639 383 3706 perseverantiam
400 3641 543 3699 habeatis.
556 3648 614 3701 Vos
630 3648 706 3703 enim
720 3650 791 3705 estis
808 3651 911 3707 iratres
927 3653 963 3708 de
1016 3652 1089 3725 giles
1104 3653 1141 3708 oh
1157 3650 1282 3707 salutem
1298 3650 1477 3715 animarum,
1495 3644 1545 3718 qui
1567 3644 1698 3701 dicimur
1713 3649 1836 3714 pastores

140 3726 247 3797 quihus
262 3726 385 3800 loquens
401 3730 543 3790 Dominus
557 3733 634 3791 inter
645 3736 701 3792 alia
712 3737 826 3810 inquit:
841 3740 963 3797 Voaertia
1015 3757 1080 3797 esse
1095 3756 1207 3797 earum.
1224 3740 1412 3795 Attendamus
1428 3737 1519 3809 igitur
1533 3751 1586 3791 nos
1606 3733 1738 3790 cilicium
1761 3733 1837 3788 exhi·

139 3816 962 3900 sattarrmetstaateaanaertt,taqaorattemrrsttaut.v.)
1015 3828 1084 3885 here
1106 3845 1174 3900 erga
1198 3828 1361 3884 custodiam
1386 3825 1482 3881 ovium
1499 3821 1734 3888 flaminicarum,
1753 3826 1783 3877 ct
1804 3835 1835 3877 nt

137 3902 174 3959 itt
197 3903 323 3961 iterum:
343 3909 389 3964 Vos
407 3909 474 3966 estis
488 3914 537 3967 tax
550 3913 658 3984 maadi,
675 3915 839 3986 significare
863 3917 961 3974 volens
1014 3919 1097 3989 quasi
1109 3917 1177 3990 lupo
1190 3919 1331 3986 veniente,
1339 3915 1430 3972 territi
1443 3908 1834 3987 fugiamusznctndiedtvtni

138 4006 188 4062 per
203 3994 282 4049 verbi
305 3996 481 4070 sapientiam
507 4002 617 4057 condiri
643 4009 754 4061 urentes
777 4005 962 4064 hominumn
1014 4005 1677 4079 examinisprodesidiauostraantesummum
1687 4002 1832 4056 Pastorem

137 4081 218 4137 vobis
232 4083 336 4141 dehere
349 4103 355 4142 :
370 4092 399 4144 ct
413 4088 442 4143 in
460 4090 590 4147 moribus
605 4097 634 4146 et
649 4092 678 4148 in
693 4094 753 4150 vita
768 4101 863 4150 vestra
879 4099 961 4153 honac
1013 4105 1041 4152 ct
1055 4096 1233 4169 negligentia
1247 4102 1344 4151 vestra
1358 4096 1569 4161 excruciemur,
1586 4092 1663 4147 unde
1684 4090 1771 4145 modo
1786 4089 1833 4144 ho·

137 4170 262 4229 actionis
277 4175 405 4230 studium
422 4179 506 4249 quasi
532 4179 630 4237 lumen
654 4198 793 4253 apparere
816 4184 892 4253 fidei,
909 4202 960 4257 per
1013 4189 1093 4242 noris
1107 4187 1268 4243 reverentia
1285 4187 1314 4241 in
1331 4183 1504 4241 sublimiore
1519 4197 1583 4237 arce
1598 4179 1710 4236 ceteris
1727 4177 1833 4249 dijudi-

137 4262 214 4332 qaod
224 4265 401 4336 gradientes,
410 4271 444 4322 ad
453 4269 694 4341 vitamquomodo
704 4278 787 4329 caute
796 4274 960 4344 ambulent,
1012 4290 1124 4332 camur.
1138 4276 1299 4330 Primatum
1316 4275 1412 4345 itaque
1427 4277 1510 4328 tuum
1522 4271 1551 4326 in
1564 4286 1620 4341 quo
1638 4269 1690 4324 tibi
1706 4285 1741 4323 ex
1757 4281 1832 4324 mors

134 4347 263 4416 rideant,
275 4356 308 4408 ut
321 4353 358 4410 ad
373 4356 599 4427 promissionem
616 4366 753 4416 eternam
771 4362 958 4419 beatitudinis
1012 4370 1228 4421 autecessorum
1253 4369 1370 4420 tuorum
1391 4363 1468 4419 vices
1483 4359 1648 4433 apostolicae
1664 4358 1745 4414 sedis
1760 4373 1833 4413 exer

135 4436 200 4494 sine
214 4440 324 4497 offensa
338 4455 501 4514 currentes,
513 4447 627 4504 valeant
642 4450 801 4521 pervenire.
815 4451 897 4510 Nunc
910 4470 959 4508 ae·
973 4465 998 4531 D
1014 4470 1079 4511 cere
1089 4454 1233 4521 convenit,
1248 4454 1287 4510 ita
1301 4452 1396 4509 tibiad
1406 4447 1833 4525 plenumcoullrmamus,sicnt

134 4527 288 4600 cingimini
304 4548 372 4604 ergo
387 4539 416 4590 et
430 4536 548 4607 vigilate
569 4549 670 4595 contra
693 4539 817 4608 leonem,
834 4542 883 4611 uui
903 4544 959 4599 cir·
1013 4547 1132 4602 beatum
1148 4546 1357 4618 augustinum,
1369 4543 1492 4614 ejusque
1508 4554 1696 4597 successores
1712 4536 1832 4609 prelata

135 4617 196 4674 cuit
210 4633 344 4690 querens
359 4639 447 4694 quem
464 4624 590 4695 devoret,
603 4632 632 4684 et
644 4644 701 4685 non
713 4629 867 4701 patiamini
884 4633 961 4689 ulte·
1012 4635 1140 4692 ecclesie
1162 4633 1312 4706 pontifices
1336 4631 1475 4690 hahuisse
1499 4627 1693 4702 dignoscitur.
1709 4624 1831 4682 Palliun

134 4705 197 4763 rius
205 4706 235 4762 in
246 4708 362 4778 regione
370 4717 466 4769 vestra
474 4716 596 4786 penuria
606 4721 754 4789 pastorum
763 4720 958 4778 Christianam
1011 4742 1079 4782 vero
1090 4728 1261 4784 fraternitati
1270 4732 1325 4784 tuae
1337 4743 1371 4783 ex
1381 4740 1462 4781 mors
1473 4723 1508 4780 ad
1521 4722 1681 4778 missarum
1694 4717 1832 4775 solemnia

133 4795 221 4852 fldem
233 4797 344 4867 violari,
354 4816 471 4875 gregem
484 4804 534 4859 Dei
548 4805 958 4881 vagari,dispergi,dissipari.
1011 4813 1185 4871 celebranda
1200 4815 1451 4882 commendamus,
1467 4827 1526 4883 quo
1541 4807 1594 4865 tihi
1611 4823 1668 4864 non
1690 4806 1777 4863 aliter
1791 4803 1829 4860 uti

132 4884 188 4943 Sed
200 4902 267 4944 cum
277 4904 353 4946 unus
363 4892 561 4957 obierit,alter
571 4895 619 4965 qui
629 4896 752 4952 idoneus
764 4898 860 4962 luerit,
870 4916 959 4956 canc·
1010 4906 1209 4974 concedimus,
1218 4921 1305 4976 quam
1316 4919 1349 4960 ec
1361 4916 1520 4973 usn,quem
1533 4904 1733 4955 antecessores
1744 4891 1829 4951 nostri

131 4974 196 5034 nice
220 4980 355 5050 protinus
378 4982 561 5054 subrogetur.
577 4982 650 5041 Nam
677 4989 840 5043 secundum
868 4988 958 5060 legem
1010 4994 1210 5064 prodiderunt,
1226 4993 1355 5050 ecclesie
1380 4996 1435 5047 tus
1460 4988 1616 5063 privilegiis
1631 4986 1731 5041 insuo
1755 4987 1829 5040 stata

131 5063 229 5135 plures
249 5069 314 5124 lacti
337 5075 410 5127 eunt
433 5074 598 5130 sacerdotes
611 5089 644 5130 eo
659 5076 736 5147 quod
754 5083 846 5134 morte
860 5079 957 5150 probi·
1010 5086 1210 5140 manentibus.
1226 5083 1326 5155 Neque
1339 5087 1392 5139 tua
1407 5080 1561 5155 prudentia
1577 5078 1632 5134 hoo
1647 5075 1828 5149 incognitum

130 5154 271 5213 herentur
286 5175 465 5231 permonere.
477 5164 556 5230 Quod
570 5163 661 5220 David
677 5167 875 5234 considerans,
887 5175 915 5225 ct
927 5171 955 5226 in
1009 5172 1098 5229 habet
1110 5173 1155 5229 vel
1170 5174 1384 5245 cujuscunque,
1395 5176 1539 5243 quantum
1555 5166 1722 5224 indumenti
1740 5165 1829 5220 honor

129 5243 232 5315 spiritu
241 5247 346 5305 Christi
357 5251 513 5309 Ecclesiam
524 5255 811 5325 lorepcrmansuram
823 5258 858 5313 ad
868 5259 955 5316 linem
1008 5264 1207 5320 moderatione
1218 5274 1336 5321 actuum
1348 5262 1519 5318 tremendus
1529 5259 1594 5316 erit.
1605 5255 1760 5313 honestati
1773 5269 1832 5309 mo·

127 5333 226 5389 seculi
243 5339 433 5409 prospiciens,
445 5344 503 5400 ait:
521 5344 573 5400 Pro
586 5345 720 5416 putridas
733 5346 791 5403 teia
805 5356 956 5405 nascentur
1006 5366 1072 5407 rum
1088 5358 1204 5409 tuorum
1222 5352 1280 5408 hec
1293 5355 1466 5409 ornamenta
1477 5347 1657 5407 conveniunt
1669 5351 1829 5417 quatenns,

127 5422 178 5479 titi
191 5422 256 5494 filii,
270 5432 420 5488 constitues
430 5447 476 5489 eos
484 5433 626 5508 principes
635 5451 720 5508 caper
730 5453 840 5494 amnem
850 5447 953 5496 terrum
1005 5438 1064 5500 Deo
1079 5447 1209 5512 auctore,
1220 5444 1318 5515 possis
1333 5458 1398 5500 esse
1412 5439 1601 5513 conspicuus,
1613 5437 1653 5495 ita
1665 5443 1697 5490 ut
1711 5434 1772 5489 rita
1781 5437 1831 5488 tna

126 5511 211 5583 (Paul.
223 5513 508 5591 xnuatuttaitaqm
518 5538 602 5581 mora
611 5523 650 5581 ait
660 5524 839 5599 subrogandi
848 5526 952 5599 alium,
1003 5529 1072 5590 liliis
1088 5531 1147 5590 tuis
1161 5533 1197 5590 sit
1211 5532 1321 5607 regula.
1337 5530 1371 5588 ut
1386 5530 1417 5590 in
1431 5529 1492 5600 illa,
1503 5527 1529 5587 si
1540 5544 1597 5602 qua
1612 5523 1755 5584 tortitudo
1769 5521 1827 5580 illis
