3772 6006
47 181 126 245 1613
526 174 577 235 ns
598 169 733 235 eusrrs
754 168 909 233 renutu.
931 171 1048 233 auen.
1070 205 1110 218 -
1131 171 1204 235 um.
1228 175 1266 235 v.
1624 138 1627 145 ’
1668 186 1748 250 1014

45 319 184 377 dantibus
208 315 301 376 comis
323 313 422 372 oculos
447 310 579 378 advocat,
604 307 790 366 currentibus
819 320 870 380 per
884 306 912 375 Α
926 304 952 363 si
967 320 1065 364 sorum
1081 308 1219 380 predicee
1235 311 1347 381 merita,
1363 329 1488 386 quornm
1514 317 1594 377 nulla
1612 318 1745 383 invenias

10 395 871 483 ,eampumnullusoffensionidsturlocus.Nullelbivel
927 396 1078 465 miracula,
1099 397 1189 469 igitur
1216 401 1296 457 omni
1320 406 1476 461 reverentia
1502 408 1648 468 custodita
1675 428 1747 484 pace
1868 420 1871 427 '

10 498 251 571 ,exiguaterra
267 485 872 569 portiovacat,bicinpomilemsarbores
926 484 1022 543 solum
1041 486 1230 545 benedictum
1247 491 1342 547 susim
1358 493 1746 569 propalare‚quiBedssnu·
1866 562 1869 567 ,

13 583 389 661 ,terresesubigit3hio
412 578 579 654 praetexitur
602 575 871 649 agervineis,qute
925 574 1746 664 tritiusetabbaluit.lliceraamnisutrasqusripss
1875 574 1881 585 ¹

10 712 19 751 ,
47 675 91 735 vel
107 692 160 749 per
174 678 283 731 terram
295 675 414 744 repunt,
425 668 469 726 vel
483 685 534 741 per
547 664 661 738 bajulos
676 664 755 737 palos
770 665 800 721 in
816 663 871 722 cel·
925 664 988 737 (qui
1000 665 1077 736 apud
1088 664 1300 724 Nerthumbros
1313 687 1367 726 nun
1380 671 1536 731 incelebris
1551 675 1637 735 lama
1656 678 1744 738 babe-

10 804 20 843 ι
47 783 115 824 sum
127 768 261 836 surgunt.
279 762 412 819 llutuum
428 765 574 816 certamen
591 760 703 812 naturas
718 759 747 812 et
761 754 870 824 cultus,
925 757 984 824 tur)
1001 756 1185 813 monasteriis
1200 761 1351 829 praetexuit
1379 763 1434 819 sub
1456 764 1653 836 apostolorum
1670 770 1746 826 Petri

10 894 20 934 Ι
48 855 169 927 utquod
181 850 363 910 obliviscitur
372 848 431 920 illa,
443 848 585 922 producat
595 845 660 902 iste.
672 845 747 911 Quid
759 842 873 901 dicetur
925 849 955 901 et
969 843 1052 901 Pauli
1079 844 1209 918 nomine,
1226 847 1378 906 charitatis
1402 856 1429 907 et
1445 853 1551 925 regula
1568 856 1675 914 unione
1689 872 1747 915 non

10 985 20 1027 p
48 944 85 1001 de
99 942 289 1001 edificiorum
304 941 417 1009 decore,
433 954 497 1011 qus
512 935 608 993 solum
627 933 761 991 mirabile
776 947 872 1006 qusn-
926 934 1170 1007 discrepantibus,
1183 935 1458 1007 bujueindustriam
1472 943 1749 1019 mlrabitur,quils·

10 1077 16 1115 Ι
46 1038 112 1091 tum
128 1033 205 1091 inter
217 1031 286 1089 illas
301 1029 420 1104 paludes
433 1026 559 1085 solidum
572 1024 758 1082 inconcussis
769 1023 874 1080 lunda·
926 1029 971 1095 get
986 1022 1204 1096 librum,quem
1216 1025 1290 1082 idern
1304 1028 1379 1085 Beda
1390 1033 1555 1103 composuit
1569 1035 1604 1091 de
1619 1036 1675 1093 vita
1685 1038 1749 1109 ejus

10 1166 19 1205 5
48 1123 159 1181 mentis
174 1121 301 1179 sustinet
316 1121 332 1176 ‘l
346 1117 475 1177 Solitudo
490 1115 594 1190 ingens
613 1114 649 1173 ad
664 1113 790 1186 quietem
806 1113 875 1171 dela
927 1121 954 1170 et
965 1117 1135 1170 ceterorum
1147 1115 1289 1171 abbatum
1303 1134 1423 1175 suorum
1442 1137 1449 1186 ;
1466 1120 1652 1192 industriam,
1669 1125 1748 1198 quud

10 1272 13 1293 Ι
48 1211 214 1281 monacbis,
231 1214 264 1266 ut
291 1225 326 1266 eo
351 1208 483 1265 tenacius
507 1204 637 1262 hereum
660 1203 785 1277 superis,
814 1218 873 1275 quo
928 1202 1040 1274 copiam
1065 1202 1202 1261 librorum
1231 1207 1387 1278 advexerit,
1403 1209 1623 1280 quodartitlces
1641 1214 1749 1272 sedium

46 1300 218 1372 castigatius
243 1298 381 1356 mortales
405 1295 625 1369 conspicentur.
650 1291 769 1350 Femina
783 1291 824 1349 ibi
848 1291 874 1348 si
928 1292 1112 1366 lapidearum
1126 1298 1155 1351 et
1170 1294 1324 1352 vitrearum
1345 1297 1538 1356 fenestrarum
1555 1302 1669 1375 primus
1684 1319 1751 1361 om·

46 1391 155 1448 uisitur
180 1398 310 1447 monstro
336 1388 471 1455 babetur,
494 1385 623 1442 maribus
651 1381 874 1441 advenientibus
921 1384 1013 1442 ,nium
1024 1383 1159 1458 angliam
1175 1385 1309 1443 asciverit
1327 1391 1440 1446 :totum
1455 1407 1549 1448 avum
1564 1409 1647 1464 pene,
1658 1397 1753 1455 trans·

51 1480 140 1554 quasi
166 1479 280 1553 angelis
294 1477 453 1550 plauditur.
477 1477 616 1533 Ceterum
636 1472 677 1529 ibi
698 1471 798 1529 nullus
817 1471 875 1529 nisi
929 1476 1035 1548 igendo
1049 1475 1350 1548 taltaperegrtnetns.
1362 1479 1475 1552 Quippe
1483 1482 1578 1539 studio
1589 1482 1752 1542 advehendi

45 1574 253 1628 momentanee
276 1570 475 1631 conversatur,
492 1563 595 1622 famuli
617 1563 825 1620 monachorum
846 1564 875 1620 et
929 1564 1061 1638 cognatis
1077 1564 1188 1637 aliquid
1200 1565 1352 1624 insolitum
1367 1583 1449 1624 amor
1464 1570 1564 1640 pateis
1579 1575 1608 1628 et
1619 1571 1753 1645 voluptas
1847 1614 1849 1619 -

46 1659 107 1734 lpei
128 1661 238 1716 leriatia
253 1658 357 1715 diebus
373 1656 492 1714 abeunt.
517 1659 589 1710 Vere
608 1653 731 1711 dixerim
746 1627 914 1709 insulemB
931 1654 1755 1733 elegantiaasperoslsllebantleboree,necenimlspidsi

49 1748 134 1805 illam
158 1765 224 1806 esee
245 1746 390 1804 castitatis
406 1743 611 1811 diversorium,
626 1742 791 1800 honestatis
805 1757 875 1798 oon·
931 1743 1082 1802 tabulatus
1098 1743 1128 1799 in
1148 1742 1251 1815 anglia
1270 1749 1338 1802 ante
1355 1744 1543 1805 benedictum
1565 1748 1622 1807 nisi
1638 1765 1755 1823 perraro

48 1839 232 1910 tubernium,
243 1836 407 1896 divinorum
422 1835 663 1908 philosophorum
679 1833 875 1907 gymnasium.
933 1833 1114 1901 videbantur,
1126 1848 1179 1890 neo
1193 1832 1402 1907 perspicuitate
1414 1836 1480 1892 vitri
1495 1844 1645 1910 penetrata
1659 1838 1755 1897 lucem

49 1928 198 1986 Tbornela
214 1933 332 2001 propter
347 1925 579 1984 condensitatem
594 1925 752 1981 dumorum
762 1928 875 1979 vocata.
931 1921 1172 1994 solariejaciebal
1184 1921 1283 1978 radius
1295 1939 1302 1979 :
1315 1923 1500 1996 patientiam,
1510 1926 1587 1997 quod
1599 1927 1628 1982 in
1640 1942 1756 1999 posses·

88 2021 213 2075 nevero
237 2016 439 2075 ethelwoldus
463 2030 566 2089 vepres
585 2012 750 2086 exstirpari,
776 2012 877 2084 spinas
931 2013 1013 2068 sione
1028 2009 1151 2067 eoenobii
1171 2011 1269 2067 Sancti
1294 2012 1449 2084 Augustini
1474 2015 1552 2086 apud
1569 2014 1756 2073 cantuariam

52 2107 157 2164 sarciri
185 2107 234 2179 [ot.
251 2106 360 2179 sarriri]
381 2104 485 2177 jussit,
498 2105 559 2176 jam
576 2121 593 2159 a
608 2100 750 2174 principio
766 2101 878 2173 episoo·
932 2099 1057 2156 libenter
1070 2098 1197 2156 venienti
1225 2099 1354 2157 Adriano
1383 2102 1511 2172 cesserit,
1528 2119 1587 2161 non
1615 2103 1755 2162 reveritus

51 2200 139 2268 patus
151 2197 308 2253 meditatus
318 2191 687 2252 omnibusmundiomiseis
698 2188 877 2247 eremiticam
933 2188 1077 2246 Theodori
1092 2187 1304 2262 archiepiscopi
1320 2189 1521 2262 supercilium,
1537 2194 1587 2250 sed
1601 2199 1756 2252 veneratus

50 2301 185 2343 exercere
199 2286 241 2342 ibi
263 2287 364 2342 vitam.
383 2283 561 2355 bibebatque
583 2289 614 2338 ut
635 2283 757 2352 poterat,
773 2280 877 2336 lutura
934 2279 1157 2351 magisterium
1174 2278 1268 2336 luerat
1284 2278 1363 2336 enim
1378 2279 1459 2338 illius
1474 2281 1599 2338 coenobii
1613 2282 1705 2341 abbas
1719 2283 1757 2340 ab

54 2374 163 2448 quietis
180 2374 325 2448 primitias
350 2374 453 2431 diebus
476 2371 672 2445 quadraginta
700 2372 729 2427 in
749 2368 880 2427 remotis·
932 2368 1057 2439 egberto
1072 2384 1139 2441 rege
1167 2370 1356 2439 constitutus,
1372 2370 1422 2426 sed
1449 2374 1482 2426 ut
1501 2370 1572 2441 dixi,
1589 2371 1757 2430 reverentius
1793 2368 1797 2375 '

53 2463 140 2536 sima,
159 2480 248 2538 quem
263 2464 326 2537 ipse
343 2466 554 2528 construxerat,
575 2461 707 2529 ecelesia,
722 2460 804 2518 solue
819 2459 878 2516 Deo
934 2457 1077 2514 Theodori
1095 2457 1194 2528 cessit,
1209 2457 1255 2514 cui
1267 2463 1443 2531 praeceperat
1456 2459 1622 2518 Vitalianus
1633 2478 1718 2535 papa,
1727 2466 1759 2519 ut

55 2569 171 2623 vacans,
202 2553 369 2626 idcircoque
402 2568 460 2609 non
487 2556 601 2608 tantum
631 2553 773 2607 terrarum
798 2547 877 2617 illuc,
934 2546 1756 2623 AdrianumJ'nxtaselooaretspecnlaturumnequidin
1834 2598 1838 2609 .

53 2648 200 2717 quantum
214 2641 295 2713 alibi,
311 2642 480 2715 congessit;
497 2641 546 2698 ssd
563 2643 706 2711 quantum
722 2638 819 2696 sibiet
838 2653 879 2693 sn
934 2637 1057 2695 ecclesia
1072 2652 1153 2693 more
1167 2639 1333 2694 Graecorum
1353 2642 1473 2696 novaret
1489 2655 1497 2694 ι
1526 2640 1605 2711 quod
1619 2639 1691 2697 dum
1706 2656 1757 2714 per

54 2731 206 2789 monacbis
230 2731 302 2789 satis
317 2735 391 2787 esset
407 2747 415 2799 ;
441 2745 526 2786 omne
541 2744 618 2796 sero,
647 2727 790 2800 quidquid
814 2725 878 2783 loeo
933 2727 1045 2785 alienas
1058 2730 1151 2782 terras
1166 2727 1299 2796 cursitat,
1317 2727 1364 2784 din
1380 2729 1486 2787 absens
1501 2728 1756 2788 subintroductum

54 2821 190 2891 contulit,
200 2818 419 2878 sbomnibusin
432 2822 605 2892 perpetuum
620 2816 743 2889 publicis
754 2816 877 2873 iunctio·
932 2834 948 2873 a
963 2815 1115 2873 monacbis
1127 2815 1189 2873 suis
1200 2815 1385 2875 ereneibus
1396 2834 1426 2876 se
1436 2818 1604 2877 inconsulto
1618 2819 1753 2877 abbatem

53 2911 140 2966 nibus
156 2909 280 2968 liberum
295 2910 362 2967 feeit
373 2910 450 2981 regie
466 2909 561 2965 edicto
576 2915 748 2963 cunctorum
762 2905 875 2978 episoo·
890 2950 911 3018 c
931 2905 1134 2980 equanimiter
1144 2906 1203 2964 lmo
1216 2908 1444 2980 magnanimiter
1454 2909 1563 2981 tulerit,
1575 2910 1757 2983 domumque

52 3016 156 3073 porum
185 3004 214 3057 et
242 3000 416 3073 optimatum
440 3014 564 3055 assensu
594 2998 718 3053 firmato.
750 2994 875 3066 corpora
931 3013 1064 3056 reversus
1081 2997 1203 3069 parilem
1218 2995 1261 3052 illi
1279 2997 1418 3055 honorem
1431 2997 1460 3053 in
1476 2999 1756 3065 consessu,inomni

51 3094 231 3159 sanctorum,
260 3088 311 3162 qui
326 3087 396 3146 olim
411 3089 440 3144 in
456 3086 506 3144 ille
532 3104 630 3144 eremo
650 3083 786 3142 diversati
803 3085 874 3140 luis·
932 3106 1017 3161 porro
1033 3091 1175 3160 potestate
1189 3087 1558 3159 communicaverlt3quin
1573 3091 1603 3144 et
1617 3088 1757 3161 iotuepa·
1828 3086 1833 3096 ’

53 3182 128 3242 sent,
145 3193 257 3234 necnon
269 3181 297 3234 et
307 3176 431 3234 aliorum
443 3193 493 3248 per
507 3177 643 3249 angliam
655 3179 697 3231 tot
706 3174 831 3244 advexit,
844 3176 877 3230 ut
931 3177 1020 3250 ralvsi
1035 3183 1095 3233 tum
1112 3175 1219 3242 valide,
1236 3179 1268 3231 ut
1279 3176 1351 3231 nibil
1364 3179 1481 3233 artuum
1493 3177 1519 3232 el
1531 3179 1609 3234 esset
1619 3174 1756 3244 flexibile,

52 3282 237 3339 omnespene
251 3265 349 3338 anguli
362 3266 490 3322 ecclesis
501 3264 578 3337 pleni
595 3268 674 3332 sunt,
691 3280 817 3336 quorum
828 3279 878 3320 no·
930 3266 1048 3324 tertium
1064 3264 1258 3333 constituerit,
1274 3264 1352 3337 quod
1383 3265 1466 3334 alter,
1493 3264 1528 3322 de
1543 3281 1601 3337 quo
1616 3263 1757 3331 diximus,

54 3356 137 3412 mina
150 3356 277 3412 scribere
297 3355 375 3411 ultro
390 3355 512 3426 refugio,
529 3354 598 3426 quia
614 3354 771 3410 barbarum
786 3353 877 3426 quid·
931 3357 1031 3414 eedem
1045 3357 1256 3427 decoqueretur
1282 3352 1449 3411 valetudine
1465 3369 1524 3411 nnn
1551 3352 1652 3410 mitius
1668 3368 1757 3426 quam

54 3444 121 3500 dam
136 3443 274 3514 stridunt,
290 3460 348 3500 non
365 3443 443 3515 quod
458 3459 508 3500 eos
523 3448 641 3500 sanctos
656 3441 699 3500 vel
716 3444 876 3501 discredam
931 3446 1005 3518 ipse.
1021 3448 1154 3516 cumque
1172 3444 1290 3500 morbus
1303 3443 1363 3514 jam
1383 3458 1519 3500 crescens
1534 3445 1668 3514 quateret
1682 3442 1757 3499 vtta·

53 3533 96 3589 vel
113 3533 248 3603 dillitear,
264 3533 351 3605 cujus
376 3533 453 3590 enlm
469 3531 650 3589 auctoritatis
666 3547 718 3604 ego
734 3549 809 3601 sum,
826 3533 876 3605 qui
932 3534 981 3603 lia,
996 3533 1075 3591 socio
1089 3534 1124 3588 sd
1141 3548 1171 3588 se
1186 3533 1280 3590 accito
1296 3530 1358 3589 eolo
1372 3535 1446 3588 nutu
1461 3530 1619 3602 valedixlt3
1635 3531 1685 3589 sed
1703 3545 1757 3588 nee

53 3622 84 3677 in
99 3621 340 3693 disceptationem
369 3635 480 3688 vocem,
503 3637 566 3692 quo
597 3621 671 3677 laeta
697 3622 879 3678 consecravit
930 3618 1757 3695 illeprastantiusvsluitredbibercollioium,utpolequl

54 3711 216 3784 antiquitas
227 3712 242 3766 ⁴?
255 3712 306 3768 sed
327 3711 406 3783 quia,
424 3715 456 3767 ut
470 3711 539 3780 dixi,
567 3711 706 3768 vocabula
721 3727 821 3768 eorum
836 3711 879 3768 in·
932 3711 1170 3785 propinquiorem
1185 3709 1322 3767 tendebat
1337 3710 1373 3767 ad
1389 3708 1512 3765 exitum.
1527 3708 1601 3765 Nam
1621 3712 1690 3765 ante
1705 3707 1760 3764 Be·

53 3802 206 3858 eonditum
223 3803 341 3872 sonant,
358 3799 509 3858 borridum
526 3799 615 3869 olent,
634 3801 721 3857 istuis
737 3801 881 3858 duntaxat
933 3801 1082 3859 dedictum
1099 3798 1254 3856 defunctus
1269 3802 1323 3855 est.
1340 3797 1435 3869 Hujus
1450 3813 1517 3869 ergo
1528 3813 1634 3869 corpus
1649 3810 1757 3870 magne

55 3889 227 3947 bominibus
243 3890 345 3962 quales
362 3889 470 3947 multos
485 3894 587 3947 nostra
614 3889 689 3962 parit
716 3893 796 3959 stas,
813 3889 880 3948 nolo
936 3891 1106 3962 coemptum
1126 3888 1218 3961 pretio
1239 3886 1430 3945 Adelvvoldus
1445 3886 1619 3944 Thorneiam
1635 3885 1760 3956 advexit,

58 3983 178 4036 sanetus
190 3993 334 4051 exponere
348 3979 477 4037 ludibrio
494 3995 501 4036 :
518 3979 681 4050 prasertim
696 3995 764 4037 cum
779 3995 882 4037 eorum
937 3986 966 4039 et
978 3978 1197 4038 obscurioribus
1212 3977 1322 4036 sanetis
1337 3976 1488 4034 luoilluum
1502 3976 1591 4050 juber
1606 3974 1724 4033 invexit.

55 4069 132 4126 vitas
147 4083 200 4126 nec
215 4068 393 4127 habitatores
407 4069 518 4144 legant,
529 4068 725 4143 frivolumque
739 4068 884 4142 videatur,

548 4336 811 4477 trena
864 4336 1278 4519 Quintus,

296 4740 428 4831 Vthl
458 4743 755 4835 ALDHELMI
784 4746 1252 4837 SClllEBURNENSIS
1283 4742 1541 4838 EPISCOPI

587 4912 690 4985 (Henr.
712 4914 874 4986 Wusarou,
889 4916 989 4989 duplic
1004 4933 1093 4986 suero,
1110 4917 1145 4989 ll,
1160 4933 1190 4991 p.
1207 4917 1246 4990 t.)

774 5151 1060 5244 Mottlutttt·

102 5312 179 5395 Inter
200 5312 258 5394 alla
281 5314 436 5376 historiam
460 5319 499 5377 De
518 5321 700 5393 pontificibus
719 5324 902 5395 Arrploruma
937 5324 1009 5381 rima
1025 5324 1092 5382 ildei
1107 5326 1295 5399 susceptione
1309 5327 1343 5384 ad
1365 5340 1473 5384 annum
1493 5317 1606 5382 circiter
1621 5318 1691 5378 1125
1705 5332 1775 5377 con·

67 5388 160 5441 tenuit
175 5383 343 5472 Wutlelmus
358 5389 642 5461 blalmesburiensis,
657 5399 686 5450 et
701 5394 731 5451 ln
749 5397 879 5468 quinque
898 5343 990 5453 libros
1005 5413 1079 5469 opus
1095 5398 1255 5457 distribuit.
1266 5404 1306 5456 Ex
1319 5400 1363 5456 bis
1379 5398 1620 5471 quatuorprlores
1633 5394 1665 5450 in
1675 5390 1776 5449 multis

66 5455 144 5529 apud
170 5471 225 5513 nos
241 5458 390 5518 codicibus
407 5479 475 5520 mss.
504 5466 702 5538 reperiuntur,
720 5468 814 5540 quinti
831 5480 930 5527 eutem
958 5468 1107 5526 rarissima
1132 5475 1202 5527 sunt
1229 5471 1416 5546 exemplaria.
1440 5469 1530 5528 Hodie
1543 5468 1620 5526 enlm
1634 5466 1681 5522 vix
1697 5461 1776 5522 sllud
