3750 6000
63 219 118 274 7119

363 250 366 254 -
471 211 1037 270 111101111111111111111111810111
1057 213 1099 268 ET
1116 212 1312 268 ratvttaota

1658 214 1710 270 110

64 340 102 397 tia
121 355 171 398 ros
185 338 283 395 litteris
300 338 421 407 visitare,
443 349 469 394 et
486 339 569 393 dehis
585 339 727 409 quorcirca
740 353 788 393 nos
799 346 864 392 saint
878 341 906 401 Α
921 337 1032 392 omnino
1047 336 1144 392 rationi
1160 344 1186 391 et
1204 336 1315 406 iustitiae
1327 336 1712 407 adversatur)apertiusintel·

64 429 268 485 fraternitatem
282 437 353 484 tuam
383 429 497 484 radcere
516 428 677 484 certiorem.
703 427 761 482 Nos
780 428 866 499 siqui·
919 425 1027 497 ligaret,
1043 426 1138 481 sedern
1153 425 1333 496 apostolicam
1346 425 1504 497 appellarit,
1520 436 1546 480 et
1557 427 1712 492 terminum,

64 517 288 591 dem,larqiente
304 518 430 584 Domino,
448 516 507 572 sani
522 526 549 571 et
572 517 696 588 prosperi
716 533 820 583 sumus,
841 525 868 571 et

64 606 215 663 Catholicae
230 607 364 664 licclesiae
381 606 503 661 hostibus
522 605 613 677 dignis
630 606 867 677 redargutionibus

63 694 222 760 confutatis,
240 712 301 767 quae
320 696 356 750 ad
375 702 500 750 nostrum
515 695 640 749 ridentur
654 692 771 749 officium
805 709 867 765 per-

62 783 161 850 tinere,
184 783 285 855 ubique
300 782 326 837 in
341 783 425 850 Urbe,
450 783 523 837 intus
543 799 574 836 ex
600 790 690 849 extra,
723 780 869 836 efficaciter

66 886 227 944 operamur.
248 871 358 927 Fratres
374 872 458 927 nostri
475 870 631 927 cardinales
656 878 682 925 et
701 870 792 925 clerus
819 871 868 926 llo·

61 974 166 1016 manus
186 960 329 1017 indiuidua
359 970 422 1016 suut
453 960 531 1015 nobis
563 959 692 1016 charitate
719 958 866 1029 conjuncti.

72 1056 128 1111 Leo
154 1055 309 1126 Frajapane
328 1070 390 1110 cum
406 1055 461 1110 lilio
476 1063 503 1111 et
522 1055 633 1110 Gentius
652 1053 735 1109 irater
748 1043 868 1123 eiusuiri

71 1144 228 1210 clarissimi,
248 1143 393 1215 praeiectus
413 1151 439 1199 ot
454 1159 548 1199 omnes
577 1142 693 1210 nobiles,
725 1151 752 1198 et
769 1151 869 1199 cuncta

68 1232 151 1304 plebs
181 1233 331 1288 hominium
368 1232 447 1287 nobis
484 1231 700 1303 fidelitatemque
736 1231 867 1287 lecerunt.

921 522 1040 594 quesibi
1058 538 1151 578 coram
1167 521 1294 593 pontitice
1309 522 1430 579 llomano
1438 522 1582 590 justitiam,
1600 525 1712 594 iaceret,

921 611 1087 666 nominavit.
1107 613 1171 668 Post
1190 610 1261 668 hanc
1279 619 1372 667 autem
1399 610 1619 683 appeliationem,
1649 613 1716 670 sicul

921 699 980 770 ipse
1001 699 1107 767 asserit,
1123 708 1236 771 accepta
1250 701 1393 756 occasione
1407 701 1441 755 de
1455 699 1716 772 obitupraedecesso·

921 787 960 842 ris
992 786 1080 843 nostri
1116 787 1195 845 boaae
1225 787 1365 845 anemoriae
1378 804 1457 860 papae
1470 788 1589 856 Honorii,
1605 805 1668 846 eum
1683 791 1719 847 ed
1749 834 1754 845 .

922 891 981 945 nos,
997 877 1066 932 sicut
1084 875 1228 944 obtulerat,
1240 877 1404 946 venientem,
1413 876 1551 933 beneficiis
1565 879 1718 937 suisecole-

921 967 1037 1020 siasttcis
1052 974 1079 1020 et
1102 965 1162 1022 aliis
1178 966 1258 1022 rebus
1285 965 1452 1037 exspoliasti.
1480 966 1632 1037 Perpendat
1651 984 1719 1041 ergo

923 1053 1101 1109 fraternitatis
1120 1063 1174 1111 tuae
1184 1055 1338 1126 prudentia,
1359 1071 1440 1127 quam
1466 1071 1553 1126 grase
1577 1073 1713 1130 quamque

925 1141 1120 1198 inconveniens
1132 1143 1177 1209 sit,
1191 1144 1295 1199 utillud
1308 1143 1367 1200 sedi
1378 1144 1535 1214 apostolice
1545 1144 1718 1218 privilegium

924 1231 1030 1287 coneris
1045 1231 1163 1300 auferre,
1184 1232 1258 1304 quod
1272 1249 1305 1289 ex
1320 1233 1412 1288 divino
1426 1248 1538 1288 munere
1551 1241 1633 1305 atque
1646 1234 1721 1291 eati·

72 1321 193 1377 Proinde
207 1321 231 1376 si
250 1337 311 1393 quae
329 1320 364 1377 ad
383 1336 432 1377 vos
447 1319 868 1376 schismaticorumdeliramenta

68 1410 256 1482 pervenerint,
273 1410 296 1465 si
311 1425 404 1466 eoram
428 1410 515 1465 aniles
543 1409 643 1464 fabulae
671 1417 698 1464 et
725 1410 870 1465 mendacia

64 1498 242 1554 fraudulenta
271 1499 451 1571 quorumlibet
475 1501 627 1553 assertione
660 1497 803 1564 illuserint,
827 1500 869 1552 in·
923 1497 1055 1568 principis
1069 1498 1165 1554 merita
1185 1500 1217 1555 B.
1235 1499 1305 1554 Petri
1320 1514 1368 1570 pro
1384 1514 1438 1570 quo
1466 1515 1500 1555 ne
1528 1502 1587 1569 eius
1611 1500 1721 1559 dabeiat

64 1588 151 1643 stanti
169 1588 282 1644 solertia
301 1591 448 1653 confutate,
463 1604 516 1643 non
536 1587 713 1658 respicientes
741 1587 768 1642 in
796 1586 869 1642 vani·
923 1584 1003 1652 fides,
1024 1587 1084 1657 ipse
1097 1588 1220 1643 Christus
1232 1589 1330 1654 orarit,
1345 1588 1478 1660 usquead
1493 1586 1575 1645 finem
1599 1590 1719 1647 inviola-

65 1684 139 1734 tates
155 1685 183 1733 et
193 1677 417 1743 insaniasialsas,
433 1684 460 1732 et
478 1677 562 1732 nolite
581 1676 782 1732 communicare
792 1676 869 1745 juxta
884 1700 910 1762 B
925 1673 1016 1730 biliter
1033 1674 1177 1731 obtinebit.
1196 1677 1349 1747 Eupropter
1360 1677 1525 1733 lrateraitati
1545 1686 1597 1735 tuae
1609 1680 1722 1735 mande·

68 1774 238 1846 Apostolum
252 1775 381 1847 operibus
395 1768 577 1843 infructuosis,
599 1775 687 1847 magis
714 1783 801 1829 autem
832 1791 873 1829 re.
924 1764 1203 1834 1ΠΠ5,818Ρο81011081
1217 1764 1657 1842 8θ1115811610111818β13301ρ1111118]
1687 1776 1717 1824 ui

75 1864 214 1938 darguite.
235 1864 303 1929 Quae
325 1865 395 1920 enim
411 1864 437 1919 iu
453 1865 557 1919 occulto
576 1872 702 1936 aguntur,
726 1871 806 1933 turpe
829 1871 872 1918 est
924 1852 1013 1908 eidem
1028 1853 1219 1909 archidiacono
1235 1870 1297 1925 quae
1312 1854 1447 1910 obstulisti
1474 1870 1538 1910 cum
1566 1855 1720 1929 integritate

69 1960 97 2008 et
111 1953 218 2009 dicere.
234 1953 267 2007 lli
285 1961 357 2016 sunt,
373 1953 429 2025 qui,
455 1953 525 2009 sicut
538 1953 671 2023 propheta
692 1959 814 2020 testatur,
843 1952 871 2006 in
924 1941 1065 2008 restituas,
1082 1949 1110 1997 et
1124 1941 1450 2014 quietedeincepsomnia
1460 1951 1553 1999 tenere
1563 1945 1718 2016 permittas:

64 2040 198 2097 mercede
213 2041 305 2096 aliena
317 2042 393 2113 quasi
408 2041 702 2104 dit·inebant,etnostri
712 2041 873 2111 (ichihmise-
923 2030 1057 2100 hmilimiss
1070 2038 1160 2085 &ulem
1175 2030 1208 2084 B·
1225 2029 1330 2084 Μῦῐῑῑῦῑ
1345 2030 1450 2086 00l³vi⁸
1464 2038 1557 2088 1108110
1569 2039 1595 2089 le
1605 2048 1721 2106 conspe·

65 2138 119 2195 „im
136 2140 164 2194 ρ,
181 2139 305 2195 hmo„
325 2154 430 2205 eorum,
458 2135 763 2210 quippiamfflnfflffiam
787 2152 871 2210 supe„
924 2118 1177 2189 ctuirepruesentes,
1194 2119 1303 2189 plenam
1317 2119 1352 2175 de
1366 2119 1543 2191 adjustitiam
1568 2121 1597 2176 in
1627 2131 1721 2178 nostra

73 2242 121 2283 eos
141 2227 254 2282 bellurn.
276 2227 554 2284 Saaealtarecontra
574 2227 661 2281 altare
680 2226 869 2282 inDciEccle·
924 2215 951 2263 θῑ
973 2205 1088 2262 smum
1115 2208 1262 2279 prae⁸0¹¹²i⁸
1296 2218 1466 2280 receptum&
1496 2210 1550 2265 Pel
1575 2213 1719 2281 Pfae⁸0ssll³

66 2316 109 2372 sie
123 2317 257 2372 canonice
272 2323 334 2371 sunt
362 2316 519 2388 rhomphea
534 2316 664 2371 desecati.
683 2316 739 2370 Hor
753 2315 823 2371 idem
844 2322 871 2370 et
924 2296 1002 2350 emm
1018 2296 1067 2350 ilbi
1086 2297 1189 2367 80Γί1111
1203 2296 1365 2352 m³⁰d⁸¹n⁰⁵
1384 2297 1625 2370 (quefflffimlldum
1640 2307 1719 2357 ³⁰²0·

65 2404 102 2460 (ρο
117 2405 215 2460 „phare
226 2404 345 2460 {tarsensi
366 2405 497 2461 noveritis
513 2409 625 2470 tactum,
653 2406 699 2476 qur
714 2408 776 2476 poss
798 2420 871 2460 mor.
924 2400 1019 2441 cessar
1032 2394 1126 2441 noster
1141 2385 1228 2441 beatae
1243 2386 1440 2442 reeordationis
1455 2386 1503 2441 tibi
1515 2386 1662 2459 mandarit)
1690 2396 1721 2445 ut

68 2501 123 2549 tem
140 2494 228 2549 bem
242 2494 383 2550 memoria.
397 2509 475 2565 βψω
490 2493 776 2565 Honoqqcomemppo
792 2493 870 2564 jum,
925 2470 997 2528 filios
1017 2482 1125 2529 nostros
1139 2473 1269 2530 ecclesie
1279 2474 1522 2548 ltaqdeburqeuais
1532 2476 1721 2534 canonicosad

923 1336 974 1391 qua
988 1328 1142 1376 maclarum
1159 1321 1266 1376 Petrum
1294 1321 1439 1378 traditione
1463 1337 1551 1395 usque
1578 1339 1649 1380 nuuc
1667 1338 1720 1388 pet·

923 1408 973 1463 Dei
988 1409 1107 1477 gratiam
1122 1410 1221 1466 meruit
1246 1409 1381 1477 obtinere,
1414 1417 1441 1467 et
1463 1426 1512 1480 per
1536 1411 1720 1483 apostolorum

63 2575 250 2655 moneoquod
268 2584 397 2639 Romanae
413 2582 545 2638 Ecclesia.
565 2581 677 2650 fecerat,
698 2583 770 2638 bem
800 2581 870 2637 peffi
924 2561 1224 2619 nosueairevolentes
1245 2562 1520 2634 prohibereulterius
1539 2580 1593 2620 aon
1614 2581 1721 2637 praesa·

66 2680 170 2750 regalia
185 2680 337 2752 impudenti
360 2680 511 2735 temeritate
530 2680 640 2747 inuasit,
670 2689 696 2735 et
720 2695 792 2736 nnnc
820 2681 870 2744 Dei

64 2768 220 2825 Ecclesiam
249 2768 387 2840 persequi,
407 2777 434 2824 et
463 2769 489 2823 iu
517 2769 617 2840 quibus
644 2777 735 2840 potest
762 2770 870 2836 iuratus

65 2856 135 2912 iuria
147 2857 281 2914 infestare
299 2874 357 2913 uon
373 2865 473 2913 cessat.
494 2858 626 2913 Retrusus
642 2867 742 2926 tamen,
759 2866 786 2912 et
813 2858 869 2913 Ec-

64 2945 158 3002 clesiae
174 2944 259 3001 lunda
273 2963 431 3017 percussus,
452 2955 477 3001 et
494 2946 781 3003 excommunicationis
809 2961 870 3002 sen·

63 3034 150 3090 teuhe
169 3035 376 3102 condemnatus,
395 3036 545 3106 iniquitatis
564 3052 621 3090 suae
650 3035 800 3106 complices
811 3035 869 3104 jam
886 3060 911 3122 C

63 3132 236 3189 baberenou
265 3142 365 3204 potest.
399 3134 563 3187 Mandemus
591 3134 682 3205 itaque
710 3131 873 3188 fraternitati

67 3222 266 3291 vestraein
286 3222 403 3277 Domino
440 3238 654 3280 commonemus.
684 3231 712 3276 ut
736 3223 763 3276 in
793 3220 871 3276 beati

71 3312 107 3367 Pe
115 3310 150 3366 tri
165 3309 295 3367 fidelitate
316 3320 340 3367 et
355 3307 448 3365 nostra
460 3311 676 3367 corastantissinre
687 3311 874 3382 persistentes,

77 3399 240 3473 praedictum
253 3399 411 3456 Fariensem
426 3400 552 3455 abbatem
566 3399 728 3455 antichristi
744 3398 873 3471 plantam,

74 3497 104 3544 ot
122 3496 268 3546 cruentam
287 3489 577 3545 bestiamomnimodis
597 3487 706 3561 insequi
732 3488 875 3544 sollicitius

74 3578 237 3651 procuretis,
259 3586 285 3633 et
298 3593 398 3633 cornua
418 3579 516 3650 quibus
544 3578 692 3634 Romanam
723 3577 878 3634 Ecclesiam

74 3668 202 3733 ventilat,
218 3667 247 3722 in
267 3666 379 3738 bipenni
401 3676 428 3723 et
447 3666 518 3722 ascia
530 3667 683 3723 succidatis.

109 3767 209 3823 Datum
242 3765 336 3822 llomae
360 3766 432 3839 apud
466 3766 593 3823 Sanctum
640 3766 748 3822 Petrum
783 3765 877 3823 idibus

74 3854 148 3910 atati.

448 4000 511 4054 XX.

79 4151 212 4209 h'orlcrlo
222 4151 429 4224 archiepiscopo
445 4150 672 4234 :liaqdeborpensi
691 4151 821 4223 praecipit
844 4155 876 4208 ut

117 4223 387 4293 queat-rhidiacoao
406 4223 511 4293 injuste
521 4222 681 4286 abstulerat,
694 4223 831 4278 restituat
846 4225 874 4278 cl

113 4295 288 4423 ίἑιθὲιὲίιῄῗειιιιιί
299 4295 328 4350 Β.
338 4295 454 4349 llortirti
464 4295 570 4349 octonis
583 4313 593 4343 a
607 4293 741 4364 (18Nor.)
751 4294 788 4349 orl
817 4308 877 4350 scae

302 4482 395 4553 (Anno
410 4481 490 4548 ttae,
505 4480 567 4536 Maii
585 4481 647 4553 18.)

202 4588 433 4661 {Baaoa.,dnnol
459 4588 493 4644 ad
504 4603 549 4643 an.
563 4587 641 4657 atet,
655 4602 686 4642 a.
704 4587 760 4660 vt]

116 4698 197 4753 Lator
216 4695 387 4767 praesentium
403 4695 518 4761 Atticus,
534 4694 665 4751 Ecclesiae
679 4698 733 4749 tuae
744 4692 878 4750 archidia-

83 4800 176 4853 conus,
193 4785 228 4840 ad
244 4785 434 4855 apostolorum
446 4783 538 4838 limina
554 4783 676 4847 veniens,
686 4797 702 4837 a
712 4781 879 4838 fraternitate

84 4882 126 4930 tua
144 4889 175 4930 se
191 4873 379 4929 vehementius
390 4881 588 4946 praegravatum
614 4871 641 4927 in
658 4879 750 4927 nostra
779 4879 803 4926 et
824 4869 879 4926 ira·

83 4961 471 5038 trumpraeseutiaintimavit.
498 4960 600 5017 Retulit
622 4959 756 5030 siqnidem
788 4967 814 5016 tc
844 4958 878 5016 de

82 5052 232 5121 proditione
246 5050 335 5122 ipsura
350 5065 443 5107 coram
459 5050 588 5105 fratribus
611 5050 763 5121 impetisse,
793 5064 878 5120 seque

80 5154 211 5213 aegeam
235 5149 263 5197 et
277 5139 325 5195 tibi
357 5140 491 5197 canonice
511 5138 679 5194 satisfactum
701 5138 729 5192 in
756 5137 878 5208 capitulo

79 5229 269 5302 reapondisse.
290 5229 357 5286 Cum
372 5229 562 5299 igiturstatuta
578 5228 622 5283 die
633 5227 667 5283 ad
683 5226 878 5299 agendumpro

80 5318 176 5374 eadem
185 5332 269 5375 musa
286 5317 313 5372 in
328 5325 439 5374 tuamet
459 5317 570 5388 capituli
588 5317 762 5388 praesentiam
791 5314 877 5371 dere-

79 5408 163 5464 nisset
182 5416 265 5479 teque
283 5416 469 5464 accusatorem
491 5405 573 5462 simul
592 5413 618 5462 el
645 5406 764 5474 judicem
792 5403 878 5477 (quod

112 5609 190 5687 (tot)
199 5610 250 5670 Hie
263 5610 351 5669 oratio
364 5618 406 5668 cst
430 5608 535 5665 mutila.

923 2666 992 2718 mas,
1008 2650 1030 2706 si
1042 2651 1073 2706 B.
1095 2651 1165 2706 Petri
1180 2650 1329 2724 gratiarnet
1341 2651 1514 2708 dilectionem
1523 2652 1654 2709 uolueris.
1662 2654 1720 2712 No

923 2739 996 2796 enim
1012 2739 1058 2794 tibi
1075 2748 1122 2794 aut
1134 2740 1231 2795 honori
1260 2749 1306 2797 tuo
1328 2739 1394 2796 nihil
1408 2739 1580 2796 detrahimus
1597 2761 1604 2798 :
1625 2742 1675 2799 sed
1698 2740 1722 2799 si

924 2826 951 2883 in
965 2836 992 2882 te
1008 2844 1061 2884 aon
1077 2829 1251 2895 remanserit,
1268 2828 1352 2900 pleno
1365 2828 1448 2885 totius
1458 2829 1597 2886 clraritatis
1611 2829 1720 2900 affectu,

924 2925 980 2972 tam
997 2925 1113 2988 tequam
1128 2917 1285 2989 Ecclesiam
1300 2917 1349 2973 tibi
1362 2917 1540 2974 commissam
1553 2919 1677 2993 diligere,
1689 2935 1722 2978 ac

924 3015 1070 3079 prestante
1088 3006 1211 3074 Domino,
1228 3006 1351 3077 cupimus
1363 3007 1507 3064 honorare.

962 3109 1059 3164 Datum
1073 3108 1168 3165 Romae
1182 3109 1255 3182 apud
1271 3109 1300 3165 S.
1318 3110 1427 3165 Petrum
1441 3126 1478 3168 xv
1492 3109 1553 3165 Kal.
1564 3111 1646 3168 lunii.

1285 3235 1362 3291 xxi.

982 3355 1028 3411 Ad
1040 3356 1174 3429 quosdam
1185 3358 1301 3415 amicos.
1311 3389 1345 3399 -
1356 3359 1395 3414 De
1404 3372 1456 3414 rao
1470 3361 1659 3432 pronuntians.

1221 3446 1312 3515 (Auito
1326 3447 1423 3521 atto.)

966 3559 1121 3633 [Maurarum
1135 3560 1371 3633 A·mpl.Collecl.,
1391 3562 1518 3629 l,699‚ex
1526 3578 1577 3618 ms.
1586 3564 1687 3639 casin}

965 3675 1008 3730 ab
1021 3675 1081 3746 ipso
1095 3676 1272 3748 promotionis
1287 3685 1389 3733 nostrae
1398 3677 1534 3750 principio
1566 3695 1601 3736 ex
1629 3680 1725 3738 debito

930 3764 1045 3821 Romani
1059 3763 1232 3835 pontificatus
1244 3763 1333 3821 officio
1352 3765 1456 3822 litteras
1479 3776 1589 3823 nostras
1608 3769 1643 3825 ad
1672 3786 1724 3827 voe

930 3854 1103 3926 tanquamad
1117 3853 1252 3924 spiritales
1280 3854 1378 3909 fratres
1405 3862 1431 3909 et
1462 3855 1536 3911 beati
1562 3857 1631 3913 Petri
1657 3856 1727 3917 lilios

930 3944 1037 3998 mittere
1052 3941 1246 4014 disposuimus.
1263 3942 1398 3999 Caeterum
1413 3942 1494 3998 nobis
1523 3961 1588 4018 erga
1609 3945 1728 4017 plurime

931 4043 1082 4114 occupatis,
1099 4042 1317 4114 vosapostolicae
1331 4040 1527 4098 benedictionis
1554 4044 1651 4100 litteris
1678 4045 1723 4102 vi-

931 4133 1014 4188 sitare
1032 4132 1232 4203 disposuimus.
1252 4131 1325 4188 Saue
1339 4130 1542 4202 opportunitate
1558 4132 1648 4189 habita
1673 4151 1724 4208 per

931 4223 1025 4277 barura
1061 4220 1213 4277 litterarum
1247 4220 1418 4292 portitorem,
1448 4219 1603 4278 dilectionis
1622 4232 1725 4282 nostrae

931 4309 1034 4366 litteras
1049 4311 1082 4366 ad
1096 4325 1145 4366 vos
1159 4308 1281 4380 dirigere
1294 4311 1458 4376 curavimus,
1486 4308 1513 4364 iu
1540 4311 1641 4383 quibus
1663 4330 1727 4385 pro·

892 4419 918 4481 D
932 4400 1078 4456 motionem
1093 4407 1213 4455 nostram
1228 4404 1256 4455 et
1269 4399 1400 4456 Romanae
1414 4398 1544 4456 Ecclesiae
1554 4408 1653 4457 statum
1665 4401 1729 4474 ple-

931 4489 993 4544 nius
1011 4504 1176 4561 cognoscere
1204 4487 1328 4544 valeatia.
1349 4486 1473 4544 Obeunte
1493 4488 1627 4562 siquidem
1656 4506 1729 4564 papa

932 4577 1053 4633 Honorio
1068 4577 1149 4633 bonae
1163 4578 1303 4633 memoriae
1311 4575 1519 4647 praedecessore
1542 4587 1648 4646 nostro,
1665 4579 1727 4635 Ro-

932 4681 1023 4722 manae
1037 4665 1168 4722 Ecclesiae
1182 4666 1282 4721 iratres
1295 4664 1382 4721 nostri
1396 4664 1553 4722 cardinales
1570 4668 1723 4740 presbyteri

932 4762 961 4810 et
975 4753 1269 4828 diaconiauffrageaei
1283 4753 1408 4826 episcopi
1431 4769 1493 4811 caru
1514 4753 1672 4826 primicerio
1699 4765 1727 4814 et

932 4844 1059 4901 omnibus
1073 4843 1166 4915 palatii
1190 4842 1342 4910 ordinibus,
1370 4857 1433 4899 cum
1456 4843 1608 4910 abbatibus,
1631 4846 1725 4903 archi·

932 4933 1109 5006 presbyteris,
1126 4941 1152 4989 et
1166 4940 1263 4990 cuncto
1280 4930 1361 4988 Urbis
1373 4932 1450 4988 clero
1471 4938 1499 4987 et
1525 4932 1640 5005 populo,
1671 4935 1726 4992 stab

932 5033 1014 5086 totitas
1038 5031 1167 5088 Ecclesiae
1195 5028 1359 5101 obedientia,
1386 5029 1421 5084 ad
1445 5029 1530 5085 altare
1548 5029 1622 5086 beati
1653 5032 1727 5090 Petri

932 5121 1122 5192 gravissimum
1136 5119 1237 5176 summi
1250 5109 1397 5174 sacerdotii
1407 5132 1487 5184 onus,
1503 5117 1578 5188 mihi,
1594 5118 1659 5176 licet
1681 5120 1725 5177 in·

931 5211 1026 5283 digno,
1042 5210 1239 5281 imposuerunt.
1255 5204 1439 5277 omnipotenti
1452 5213 1544 5262 autern
1558 5207 1617 5264 Deo
1626 5209 1729 5283 gratias

929 5312 1045 5381 aqimus,
1054 5311 1118 5383 quia
1132 5315 1233 5367 extunc
1249 5307 1353 5380 ubique
1379 5305 1451 5362 intus
1474 5313 1501 5362 et
1523 5315 1598 5364 extra
1625 5308 1729 5368 orben

932 5400 1060 5458 Ecclesia
1073 5399 1211 5457 seruitium
1218 5398 1302 5470 pleae
1311 5393 1486 5469 exsequimur
1499 5394 1632 5456 libertate.
