3750 6000
1678 212 1760 272 ttttt·

96 230 165 286 ιιιι
576 223 689 282 essm
707 224 832 282 nuauu
849 221 1055 283 succentu.
1075 222 1194 280 -tm
1213 220 1252 295 ιι.

91 352 206 413 suanus.
232 367 281 424 per
306 350 456 409 orientales
484 350 590 424 Anglos
613 351 750 422 prolectas
776 350 804 405 in
818 351 891 406 Nor·
904 347 934 409 A
947 348 1046 421 Anglis
1061 363 1093 404 eo
1111 346 1211 421 magis,
1226 347 1298 419 quod
1313 349 1413 412 deserti
1425 354 1501 412 ducis
1514 353 1667 426 exemplum
1681 367 1750 424 pro-

89 441 289 509 thsuhimbros,
313 441 408 497 ditioni
424 457 472 496 eos
486 457 545 497 suae
563 440 620 494 sine
635 455 728 512 pugna
748 438 890 508 subdidit;
944 453 1082 495 cessurum
1106 437 1140 492 sit
1166 437 1195 492 in
1221 440 1318 497 orbem
1331 449 1474 501 terrarum.
1504 445 1568 500 lllos
1587 457 1680 500 amore
1703 439 1746 498 sui

89 544 142 585 non
162 530 234 600 quod
257 530 283 584 in
304 530 412 586 illorum
436 529 570 585 mentibus
593 529 727 601 genuinus
747 527 793 584 ille
807 527 891 595 calor,
945 527 1003 584 siue
1027 526 1179 597 sumptibus
1202 528 1384 590 uoluntariam
1412 534 1558 590 subeuntes
1574 531 1677 605 lugam.
1693 529 1746 587 do-

89 626 115 674 et
127 618 301 674 dominorum
318 618 471 688 impatiens,
486 617 649 689 refriguerit,
664 616 712 671 sed
727 616 800 686 quod
816 616 891 686 prin·
945 632 1006 670 mos
1028 622 1055 670 et
1077 615 1217 672 facultates
1246 635 1308 675 suas
1337 623 1512 693 praedonibus
1534 618 1748 690 exposuissent

93 722 265 775 cepseomm
285 709 365 774 290
390 705 595 771 (tltb'htredus
619 705 723 776 primus
736 703 892 775 exemplum
945 711 1019 759 arcto
1047 703 1218 762 essevictum
1247 709 1523 779 omnibns,vestitum
1552 707 1747 779 deesseplnri·

88 796 376 852 delectionisdedevit.
406 796 462 850 illis
486 796 536 850 sub
557 795 656 868 jugum
679 794 777 859 missis,
801 791 892 848 caeteri
944 791 1148 865 bus:probare
1169 811 1201 850 se
1216 797 1323 866 quidem
1344 799 1425 856 [idem
1440 801 1556 868 illorum,
1572 797 1619 853 scd
1633 812 1688 852 non
1702 810 1750 851 re·

88 902 195 957 quoque
209 901 307 942 ornnes
318 885 411 957 populi
426 885 471 956 qui
486 884 610 956 angliam
627 884 661 939 ab
672 883 799 954 aquilone
814 882 892 937 inha-

88 974 175 1031 bilant
188 975 305 1048 vectigal
334 982 360 1030 et
378 974 486 1030 obsides
500 973 641 1028 dederunt.
659 972 721 1028 hlox
735 971 769 1027 ad
784 979 891 1026 austra·

88 1062 127 1118 les
154 1064 279 1135 regiones
303 1063 424 1118 veniens.
461 1061 696 1119 Oxeuelordenses
726 1068 753 1116 et
780 1060 891 1115 Winte-

945 881 1033 953 perire
1050 882 1163 938 salutem
1179 900 1186 948 ;
1200 885 1270 942 adeo
1281 887 1340 957 jum
1364 889 1512 961 subjugata
1540 893 1624 955 terra,
1648 885 1746 941 obser·

945 971 1002 1026 vari
1030 971 1119 1027 littora
1141 980 1169 1027 ut
1198 990 1331 1046 nusquam
1355 977 1414 1034 siue
1440 976 1562 1048 periculo
1589 975 1624 1031 sit
1647 973 1745 1039 exitus,

944 1057 1114 1132 Quapropter
1140 1062 1311 1119 consulerent
1329 1064 1359 1120 in
1386 1065 1505 1122 medium
1524 1063 1589 1136 quid
1606 1069 1748 1120 censerent

944 1148 1112 1206 laciendum.
1137 1151 1165 1205 Si
1189 1164 1324 1216 maneant.
1349 1155 1501 1211 cavendnm
1527 1154 1620 1225 plusa
1643 1150 1748 1207 civibus

944 1253 1025 1306 quam
1048 1238 1084 1293 ab
1102 1239 1236 1296 hostibus.
1271 1243 1373 1299 Famae
1394 1243 1457 1300 enin
1472 1241 1597 1299 crucibus
1615 1240 1671 1296 suis
1684 1238 1748 1295 novi

87 1152 194 1208 nienses
213 1153 286 1225 leges
299 1169 361 1207 suas
379 1152 493 1207 adorare
507 1151 596 1223 coegit
611 1167 619 1220 ;
639 1150 690 1206 soli
705 1151 762 1219 (83)
777 1148 890 1205 Londo-

88 1242 205 1308 uieuses,
238 1258 332 1314 regem
360 1242 510 1313 legitimum
538 1241 607 1296 intra
634 1239 734 1295 moenia
761 1245 889 1307 tutantes,

87 1331 372 1401 portasoccluserunt.
393 1331 462 1385 Daui
478 1337 573 1385 eontra
588 1329 704 1384 ferocius
723 1327 889 1391 assistentes,
943 1326 1046 1381 domini
1073 1327 1192 1399 gratiam
1222 1340 1405 1387 mercarentur
1419 1351 1428 1401 ;
1443 1340 1471 1387 et
1497 1338 1570 1388 certe
1596 1328 1684 1386 occidi
1712 1326 1747 1383 ab

87 1436 135 1490 spe
148 1418 244 1491 gloriae
273 1419 398 1474 virtutem
413 1418 544 1474 alebant:
565 1416 694 1489 oppidani
717 1416 745 1470 in
773 1423 889 1471 mortem
942 1414 1019 1470 hoste
1038 1415 1159 1472 titulatur
1183 1419 1239 1487 (33)
1262 1418 1386 1488 fortunae,
1410 1421 1521 1492 prodia
1542 1420 1600 1476 cive
1615 1417 1747 1487 addicitur

87 1523 137 1578 pro
153 1508 275 1563 libertate
294 1509 419 1572 ruebant,
444 1508 545 1562 nullam
570 1507 620 1561 sibi
637 1506 744 1560 veniam
773 1504 890 1559 futuram
943 1503 1069 1576 ignaviae.
1091 1505 1120 1560 Si
1139 1506 1174 1560 ad
1190 1515 1298 1564 exteras
1318 1516 1414 1581 gentes
1433 1508 1548 1582 fugiant,
1574 1507 1670 1582 gloriae
1689 1504 1747 1561 lore

86 1596 247 1652 arbitrantes
262 1597 283 1650 si
307 1612 400 1668 regern
430 1596 594 1660 desererent,
611 1595 708 1666 quibus
733 1594 790 1665 ipse
805 1592 887 1649 vitam
902 1607 930 1666 Β
944 1592 1117 1661 dispendium
1134 1607 1141 1662 ;
1169 1594 1193 1649 si
1220 1596 1255 1651 sd
1270 1605 1357 1666 nous,
1373 1598 1547 1653 metuendum
1562 1613 1596 1651 ue
1610 1611 1673 1653 cum
1687 1594 1746 1651 lor-

86 1701 163 1741 suam
177 1685 360 1741 commiserat.
391 1687 430 1740 lta
456 1702 517 1740 cum
537 1685 662 1754 utrinque
677 1682 773 1739 acriter
798 1690 887 1737 certa·
945 1687 1008 1737 tuna
1021 1682 1144 1738 colorent
1169 1683 1225 1753 (35)
1240 1684 1371 1742 animum.
1398 1687 1543 1758 Plerosque
1557 1686 1630 1742 enim
1650 1682 1750 1756 probos

84 1781 168 1840 retur,
201 1775 298 1844 justior
337 1790 417 1829 causa
457 1773 596 1829 victoriam
633 1772 754 1838 habuit,·
783 1770 889 1826 civibus
942 1771 1094 1826 stillustres
1113 1771 1254 1830 viroshec
1269 1775 1413 1831 occasione
1428 1791 1536 1832 caesos:
1553 1773 1748 1846 experiendam

83 1878 183 1936 magna
208 1878 261 1932 ope
288 1863 456 1929 conantibus,
486 1861 549 1916 dum
569 1861 750 1931 unusquisque
777 1858 888 1914 sudores
941 1866 1035 1915 buren
1061 1868 1171 1927 sortem,
1200 1863 1397 1919 ettentnndum
1418 1872 1515 1936 peetus
1539 1863 1648 1920 lticardi
1673 1862 1749 1918 Nor-

82 1968 145 2008 suos
164 1951 277 2022 principi
293 1959 435 2019 ostentare,
457 1958 485 2006 et
510 1966 559 2022 pro
578 1965 611 2005 eo
626 1950 766 2021 pulchrum
782 1952 889 2019 putaret
941 1958 1101 2000 maurorum
1130 1945 1225 2014 ducis;
1255 1947 1339 2017 quisi
1365 1963 1488 2005 sororem
1517 1954 1544 2003 et
1563 1954 1676 2019 nepotes
1691 1962 1748 2003 non

82 2041 179 2097 emori.
212 2041 334 2097 Hostium
364 2057 426 2112 pars
453 2047 594 2111 prostrata,
622 2054 684 2108 pars
720 2036 748 2091 iu
776 2036 887 2092 humine
941 2031 1049 2105 ingrato
1080 2034 1175 2090 auimo
1204 2036 1362 2107 susceperit,
1394 2039 1476 2106 292
1504 2053 1533 2092 so
1553 2052 1660 2108 quoque
1689 2049 1747 2093 non

81 2129 208 2186 Tameusi
224 2137 328 2195 necata,
343 2129 416 2200 quod
443 2128 576 2199 praecipiti
600 2128 689 2183 lurore
703 2133 812 2196 pontem
828 2141 888 2181 nnn
940 2130 1116 2193 aspernanter
1128 2131 1325 2195 protecturum.
1347 2147 1358 2172 ι
1378 2125 1527 2181 vadabitur
1545 2125 1632 2190 euim,
1648 2122 1745 2194 inquit,

81 2219 322 2288 exspectavissent.
351 2218 452 2273 lacero
480 2217 589 2289 agmine
614 2215 682 2287 petit
704 2214 809 2271 Suanus
832 2214 888 2270 Ba·
940 2209 1006 2265 mibi
1034 2226 1122 2265 meam
1150 2213 1265 2267 salutem
1292 2213 1406 2286 conjugi
1431 2223 1456 2269 et
1486 2213 1580 2271 liberis
1607 2213 1747 2282 impensus

83 2307 230 2370 thoniam;
272 2306 310 2361 ibi
346 2306 523 2371 Ethelmerus,
562 2304 737 2361 occidentalis
765 2302 886 2375 regionis
940 2297 1030 2354 lavor.
1048 2298 1127 2367 Quod
1155 2299 1179 2355 si
1193 2301 1238 2356 ille
1253 2301 1396 2357 adversum
1407 2303 1505 2375 pedem
1518 2300 1671 2368 contulerit,
1691 2315 1765 2357 non·

83 2411 184 2458 comes,
200 2410 261 2450 curn
275 2395 330 2449 suis
340 2395 467 2450 omuibus
477 2410 572 2450 manus
587 2395 611 2450 ci
626 2392 709 2448 dedit.
726 2393 783 2447 Nec
798 2391 887 2449 adhuc
941 2386 1027 2443 deerit
1055 2387 1122 2443 mihi
1137 2389 1253 2456 animus,
1278 2389 1359 2463 plane
1383 2407 1438 2446 non
1462 2391 1560 2456 deerit,
1573 2391 1637 2465 quin
1652 2387 1746 2447 malim

83 2484 254 2541 llecterentur
274 2483 484 2546 londonienses.
504 2491 559 2539 tcta
571 2483 630 2553 jam
644 2481 748 2554 Anglia
762 2480 789 2535 in
803 2480 886 2536 elien·
940 2475 983 2531 hic
998 2475 1116 2544 gloriose
1130 2479 1292 2535 occumbere
1320 2496 1402 2552 quam
1420 2479 1476 2536 illic
1491 2480 1674 2554 ignominiose
1700 2478 1746 2535 vi·

85 2573 406 2637 telamilliusinclinate,
424 2571 649 2627 nisiEthelrcdus
672 2569 814 2643 presentia
840 2585 887 2625 eos
940 2580 1014 2620 vere.
1031 2564 1231 2634 Quocircaboc
1251 2567 1359 2623 iuterim
1385 2585 1480 2626 mense
1507 2571 1650 2642 Augusto,
1679 2567 1746 2623 duur

83 2661 237 2717 destitueret
263 2678 311 2717 suu
333 2661 456 2732 ;quippe
477 2662 560 2717 homo
587 2659 690 2715 inertie
715 2658 831 2725 deditus,
861 2663 888 2713 et
941 2652 1099 2710 clementior
1126 2670 1190 2710 aura
1211 2656 1352 2726 componit
1382 2657 1507 2731 pelagus,
1523 2659 1620 2713 limma
1635 2655 1746 2715 adira·

83 2750 228 2806 lormidine
248 2751 404 2806 meritorum
437 2750 540 2805 nullum
564 2748 616 2804 sibi
636 2746 745 2803 fidelem
774 2746 887 2803 metiens
940 2749 1011 2796 trem
1026 2742 1145 2816 naviget,
1165 2744 1324 2801 oommunia
1339 2744 1457 2819 pignora
1482 2745 1555 2816 opud
1568 2761 1631 2803 eum
1656 2744 1745 2817 depo·

84 2840 151 2910 (33),
167 2839 285 2909 bellique
312 2847 339 2895 et
361 2838 514 2895 obsidionis
536 2837 724 2893 necessitatem
748 2834 886 2892 subterlu·
941 2835 1048 2897 situra;
1074 2831 1129 2886 sint
1154 2833 1268 2889 comites
1282 2849 1376 2890 eorum
1398 2834 1456 2904 (36)
1478 2834 1624 2907 episcopus
1637 2832 1746 2892 dellu-

81 2928 168 3000 giens,
193 2928 254 2984 illos
272 2928 338 3000 luge
361 2945 409 2982 sua
436 2927 544 2998 reliquit
558 2927 585 2981 in
600 2926 691 2982 medio
711 2941 719 2991 ς
750 2925 886 2997 quocirca,
902 2965 927 3028 C
943 2922 1034 2978 nelmo
1049 2928 1077 2977 et
1091 2921 1176 2977 abbas
1190 2922 1225 2977 de
1239 2922 1342 2995 Burgo.
1362 2922 1420 2996 Ego
1435 2921 1480 2979 hie
1500 2922 1635 2995 usquead
1648 2920 1745 2979 Natele

79 3014 161 3070 rebus
193 3013 320 3069 extremis
347 3013 495 3080 medentes,
524 3010 762 3082 compatriotarum
791 3025 884 3064 exorn-
941 3009 1050 3067 Domini
1079 3010 1196 3067 manebo
1211 3029 1219 3079 3
1235 3010 1258 3065 si
1281 3011 1353 3067 bona
1367 3010 1566 3082 nunciaverint,
1588 3010 1744 3085 subsequu-
1840 3082 1843 3087 Ι

79 3104 125 3172 plo
153 3118 182 3158 se
209 3101 352 3157 dedidere.
385 3100 525 3156 Laudandi
539 3115 649 3173 prorsus
673 3097 733 3165 viri,
760 3105 787 3153 et
814 3113 882 3168 quos
940 3108 1013 3156 turus
1028 3098 1198 3156 continuo.»

79 3193 151 3247 llars
179 3189 237 3262 ipse
264 3189 362 3245 collata
390 3206 445 3244 non
473 3198 612 3260 sperneret
631 3190 708 3243 hasta
735 3186 757 3241 si
785 3185 881 3242 ducem
975 3187 991 3262 ἕ
1027 3191 1092 3246 tls.
1115 3188 1210 3246 Soluto
1238 3196 1375 3245 conventu
1400 3195 1512 3262 paretur
1530 3189 1566 3245 ab
1591 3188 1739 3247 omnibus:

79 3278 235 3336 habuissent
249 3293 256 3347 ;
273 3277 349 3347 cujus
369 3279 432 3333 dum
448 3280 490 3334 vel
509 3279 568 3334 sola
591 3275 688 3332 umbra
703 3282 879 3348 protegeren-

80 3366 131 3434 tur,
161 3366 242 3423 totius
259 3382 359 3438 puguae
400 3367 497 3431 aleam,
527 3367 615 3435 ipsam
649 3364 733 3418 etiam
760 3362 884 3418 obsidio·

80 3472 155 3519 nem,
181 3457 259 3523 29(
278 3469 333 3509 uon
346 3454 439 3526 paucis
454 3454 591 3509 mensibus
614 3454 745 3508 luserant.
772 3450 819 3505 llle
837 3449 883 3504 in-

79 3553 163 3609 terea,
186 3541 315 3600 naturalis
338 3543 448 3599 desidiae
476 3542 666 3599 conscientiam
696 3538 824 3605 excitans,
847 3538 883 3595 ab

79 3633 146 3690 urbe
165 3632 285 3706 profugit
301 3651 308 3695 ;
330 3648 444 3703 cumque
458 3631 630 3688 clandestinis
649 3627 788 3685 itineribus
803 3628 883 3683 llam-

80 3730 171 3778 tunam
185 3722 312 3790 venisset,
328 3722 391 3777 inde
407 3722 538 3777 Wehtam
553 3718 718 3792 enavigavit.
735 3715 776 3771 lbi
795 3715 881 3771 abba·

79 3819 164 3868 teser
187 3810 340 3882 episcopos,
364 3811 408 3880 qui
424 3826 474 3866 nec
489 3810 517 3864 iu
541 3810 587 3865 tali
607 3815 766 3866 necessitate
788 3804 882 3861 domi-

76 3916 141 3956 num
156 3916 234 3955 suum
255 3899 435 3954 deserendum
452 3907 587 3970 putarent,
602 3899 630 3953 in
654 3900 725 3954 hane
754 3894 881 3954 convenit

74 3982 244 4044 s'enteutiam.
275 3986 401 4041 Viderent
425 4003 505 4057 quarn
531 3987 558 4041 in
580 3996 694 4060 angusto
717 4002 763 4043 res
790 3987 881 4041 essent

74 4093 130 4133 suae
152 4083 179 4133 et
199 4092 309 4132 suorum
327 4094 332 4130 :
353 4091 384 4130 se
401 4074 514 4146 persidis
528 4077 626 4131 ducum
645 4076 719 4131 avito
742 4083 880 4131 extorrem

938 3278 1068 3350 navigant
1082 3276 1120 3331 illi
1133 3277 1342 3346 Normanuiam,
1359 3279 1417 3352 ipse
1431 3295 1535 3336 serene
1551 3278 1630 3335 lamae
1644 3278 1741 3335 avidus

938 3365 1046 3421 iuterim
1061 3365 1176 3423 residet.
1194 3368 1256 3423 lior
1271 3383 1287 3421 a
1305 3368 1491 3424 transmarinis
1507 3368 1662 3424 nunciatum
1676 3382 1743 3440 pur·

939 3455 1018 3523 tibus,
1039 3454 1186 3512 Ricardum
1211 3457 1364 3529 suscepisse
1384 3473 1505 3514 sororem
1520 3473 1623 3531 magua
1640 3455 1743 3515 alacri·

938 3551 991 3599 tate
1007 3558 1014 3613 ;
1031 3559 1125 3616 regem
1140 3560 1249 3616 quoque
1264 3544 1387 3612 invitare,
1403 3555 1432 3602 ut
1456 3562 1522 3603 suos
1549 3545 1678 3619 dignetur
1701 3546 1741 3602 la·

936 3644 992 3684 res.
1025 3630 1065 3683 lta
1092 3628 1334 3698 (anthiochenus,
1356 3646 1451 3686 mense
1462 3630 1589 3687 ianuario
1601 3631 1742 3687 Norman-

935 3717 1008 3771 niam
1044 3717 1167 3779 veniens,
1197 3716 1319 3773 miserias
1347 3734 1409 3774 suas
1446 3719 1587 3775 sedulitate
1621 3718 1739 3789 hospitis

936 3806 1093 3862 consolatus
1112 3813 1162 3861 est.
1179 3805 1245 3860 Erat
1256 3805 1302 3861 ille
1327 3805 1384 3876 (38)
1401 3806 1534 3864 Ricardus
1547 3805 1618 3862 filius
1632 3805 1741 3865 Ricardi

934 3893 1025 3967 primi,
1042 3892 1087 3964 qui
1106 3892 1232 3949 felicitate
1247 3902 1272 3948 et
1300 3894 1435 3965 probitate
1452 3910 1501 3950 sua
1517 3903 1621 3967 patrem
1642 3900 1738 3966 aequtt-

934 3983 970 4038 rit
987 3997 994 4037 :
1009 3989 1080 4038 certe
1100 3981 1129 4037 iu
1146 3982 1196 4037 Dei
1212 3981 1295 4039 rebus
1308 3982 1406 4052 maior.
1437 3984 1596 4043 coenobium
1625 3984 1740 4042 eisetu-

935 4089 1028 4140 nense,
1058 4069 1131 4143 quod
1150 4078 1227 4143 pater
1251 4071 1436 4142 inchoaverat,
1464 4072 1499 4127 ad
1514 4089 1648 4129 summam
1674 4089 1737 4130 ma·

73 4164 191 4232 solio,et
206 4166 267 4235 opis
281 4173 405 4237 egentem
435 4163 539 4230 alienae,
560 4165 588 4218 in
602 4166 679 4234 cujus
702 4180 784 4220 manu
807 4161 880 4217 alio·
935 4176 1002 4216 num
1026 4159 1129 4216 evexit.
1162 4158 1336 4216 Orationibus
1349 4167 1376 4215 et
1404 4160 1552 4233 frugalitati
1566 4161 1635 4217 adeo
1648 4161 1737 4218 inten-

72 4270 133 4309 rum
160 4252 263 4309 solebat
282 4253 354 4308 salus
374 4252 515 4323 pendere,
540 4254 678 4323 quondam
703 4252 878 4310 monarcham
935 4256 986 4313 tus,
1014 4256 1044 4304 ut
1072 4247 1175 4305 nullum
1189 4251 1368 4314 monachum,
1388 4247 1496 4306 nullum
1510 4250 1668 4306 heremitam
1686 4249 1738 4307 de·

73 4351 101 4399 et
115 4350 263 4414 potentem,
284 4341 366 4397 modo
395 4340 522 4396 miscmm
547 4349 573 4396 et
590 4343 705 4398 exulem.
728 4339 880 4399 Dolondam
893 4322 919 4383 D
934 4337 1079 4395 siderares.
1103 4338 1260 4394 Humilitate
1273 4353 1400 4404 cernuus,
1416 4346 1446 4396 ut
1469 4338 1661 4396 lacescentium
1674 4355 1737 4397 eer-

72 4431 125 4485 sibi
140 4432 210 4486 banc
224 4429 475 4496 commutationem,
491 4431 553 4499 quia
572 4430 681 4488 facilius
696 4433 795 4488 toleres
808 4448 877 4504 opes
929 4427 1084 4483 vicositstes
1098 4427 1227 4497 patientia
1253 4427 1391 4497 298⁸lbi
1404 4427 1597 4484 substemoret.
1614 4427 1737 4502 Denique

72 4535 127 4575 non
155 4518 291 4588 hahuisse,
315 4534 396 4592 quam
421 4517 527 4573 habitas
551 4520 694 4591 amisisse;
718 4521 874 4594 pudendam
930 4511 1016 4572 lertur
1029 4516 1103 4588 quod
1123 4515 1255 4584 noctibus,
1284 4514 1421 4573 custodias
1447 4515 1609 4574 famulorum
1624 4515 1734 4585 fallens.

108 4835 163 4900 (31)
182 4833 319 4893 llbtredur
331 4837 442 4908 primur
456 4837 621 4907 exemplam
636 4833 804 4907 desectionis
824 4837 877 4894 de·
930 4837 1056 4908 duosque
1083 4836 1141 4906 ejus
1167 4835 1248 4902 lilios,
1276 4834 1443 4893 Edwarduur
1455 4896 1458 4901 ,
1471 4844 1498 4895 et
1523 4836 1676 4906 AEllridum
1702 4839 1731 4897 in

71 4903 305 5031 ¹‹lllelrtfoaluredus
320 4906 563 4963 etNerthauimbri
583 4907 682 4964 Sueuo
698 4907 876 4976 sesubjeeero
928 4908 1129 5038 Ιὲιῦξὲιιέιὲιίιὸιι
1145 4905 1272 5035 1ιὸιίιὲξιιῑί
1307 4915 1380 4964 sunt.
1410 4907 1480 4965 Vide
1518 4909 1600 4966 etism
1625 4909 1729 4969 Ssxou.

105 5047 162 5118 (33)
173 5045 422 5107 Londonienser...
437 5051 627 5106 occluserunt.
640 5049 792 5104 Swenume
802 5048 875 5105 Lou-
965 5053 1022 5121 (st)
1039 5051 1215 5111 Etlaelredur.
1231 5064 1329 5106 messe
1356 5050 1496 5109 leneurto
1523 5052 1731 5114 Nemausiens

70 5116 155 5244 ‹113on
182 5118 354 5191 repulseruut
385 5121 555 5177 AEthelredus
578 5127 605 5176 et
633 5119 801 5192 Turcytellus
829 5137 874 5179 sn.

105 5259 161 5325 (33)
177 5261 301 5317 dictione.
320 5278 343 5318 c.
360 5262 387 5316 d.
405 5278 432 5318 e.
448 5260 470 5316 l.
492 5277 499 5329 ;
516 5266 656 5331 meluens,
672 5277 700 5317 a.

102 5331 161 5401 (at)
185 5332 340 5389 Titulotor.
355 5349 380 5389 c.
401 5339 428 5390 d.
450 5350 477 5388 e.
499 5336 669 5399 titulantur,
685 5349 711 5388 a.
727 5349 749 5388 s.

101 5403 158 5470 (35)
176 5404 315 5458 delerent.
333 5421 360 5457 e.
381 5405 410 5467 l..
427 5407 564 5473 colerent,
587 5421 611 5459 a.
624 5423 646 5461 s.
664 5403 691 5458 d.
703 5404 872 5460 tollerentc.

78 5474 158 5550 ,(36)
176 5475 196 5527 8
215 5474 324 5545 ircopur
347 5474 381 5530 de
405 5477 555 5542 dunelmo,
584 5485 636 5532 etc.
662 5476 740 5530 Juxta
755 5476 873 5530 l'loreu·

65 5546 132 5596 tium
203 5545 397 5616 tgorniensem.
419 5548 579 5617 AElphunus,
605 5547 750 5619 episcopus
768 5545 872 5601 Londi-

66 5614 159 5669 ncnsis
184 5615 362 5682 etlEllsinus,
386 5617 602 5687 petriburgensis
620 5617 714 5684 abbas,
744 5616 870 5689 Emmatn

930 5122 1059 5180 ventem.
1077 5121 1150 5176 Dici
1166 5119 1228 5177 lan.
1240 5135 1265 5175 a.
1279 5120 1316 5175 b.
1342 5120 1420 5176 tots.

964 5194 1021 5263 (38)
1035 5192 1173 5250 -ltt‘cardus
1186 5192 1266 5262 filius
1278 5190 1398 5272 Resccrdt’
1406 5193 1509 5263 primi.
1526 5194 1679 5277 Ricbsrdus
1691 5199 1728 5265 ll,

928 5263 1223 5414 tttttehhttss·
1234 5263 1730 5414 sthttatttttttfftaltit

970 5405 1087 5460 illelmus
1102 5404 1299 5460 Gemetrcencrs
1313 5419 1375 5473 eJus
1388 5413 1503 5462 mortem
1518 5423 1562 5464 an.
1579 5410 1658 5477 lbet,
1675 5425 1729 5466 non

928 5490 1053 5531 secusne
1074 5475 1184 5544 quidam
1210 5473 1347 5531 vetustior
1374 5484 1478 5549 auctor,
1507 5479 1620 5536 ascribit
1646 5482 1728 5552 (lota

926 5545 977 5603 SS.
994 5547 1099 5604 bened.
1118 5562 1181 5603 saec.
1196 5562 1235 5617 n,
1248 5562 1276 5619 p.
1287 5547 1349 5604 570.
