<?xml version="1.0" encoding="UTF-8"?>
<!DOCTYPE html PUBLIC "-//W3C//DTD XHTML 1.0 Transitional//EN"
    "http://www.w3.org/TR/xhtml1/DTD/xhtml1-transitional.dtd">
<html xmlns="http://www.w3.org/1999/xhtml" xml:lang="en" lang="en">
 <head>
  <title>
</title>
<meta http-equiv="Content-Type" content="text/html;charset=utf-8" />
  <meta name='ocr-system' content='tesseract 3.04.00' />
  <meta name='ocr-capabilities' content='ocr_page ocr_carea ocr_par ocr_line ocrx_word'/>
</head>
<body>
  <div class='ocr_page' id='page_1' title='image "./patrologiaecurs25unkngoog_0840.png"; bbox 0 0 3772 6006; ppageno 0'>
   <div class='ocr_carea' id='block_1_1' title="bbox 61 189 1775 267">
    <p class='ocr_par' dir='ltr' id='par_1_1' title="bbox 61 189 1775 267">
     <span class='ocr_line' id='line_1_1' title="bbox 61 189 1775 267; baseline 0.001 -4"><span class='ocrx_word' id='word_1_1' title='bbox 61 201 143 263; x_wconf 87' lang='grc'>1681</span> <span class='ocrx_word' id='word_1_2' title='bbox 345 196 398 258; x_wconf 79' lang='lat' dir='ltr'><strong>ult</strong></span> <span class='ocrx_word' id='word_1_3' title='bbox 419 191 685 267; x_wconf 78' lang='lat' dir='ltr'><strong>AN&#39;l&#39;IOUleTii</strong></span> <span class='ocrx_word' id='word_1_4' title='bbox 706 189 1012 255; x_wconf 70' lang='lat' dir='ltr'><strong>onasnoatnuffls</strong></span> <span class='ocrx_word' id='word_1_5' title='bbox 1035 190 1243 256; x_wconf 72' lang='lat' dir='ltr'><strong>ECCLESIAE.</strong></span> <span class='ocrx_word' id='word_1_6' title='bbox 1259 225 1299 241; x_wconf 86' lang='lat'><strong>·-</strong></span> <span class='ocrx_word' id='word_1_7' title='bbox 1319 195 1490 261; x_wconf 78' lang='lat' dir='ltr'><strong>Peouou.</strong></span> <span class='ocrx_word' id='word_1_8' title='bbox 1695 203 1775 265; x_wconf 80' lang='lat' dir='ltr'><strong>tosa</strong></span> 
     </span>
    </p>
   </div>
   <div class='ocr_carea' id='block_1_2' title="bbox 133 489 1691 932">
    <p class='ocr_par' dir='ltr' id='par_1_2' title="bbox 10 384 1691 932">
     <span class='ocr_line' id='line_1_2' title="bbox 133 489 1691 665; baseline 0.009 -12.902"><span class='ocrx_word' id='word_1_9' title='bbox 133 491 664 659; x_wconf 71' lang='lat' dir='ltr'><strong>uniuntur</strong></span> <span class='ocrx_word' id='word_1_10' title='bbox 733 489 1691 665; x_wconf 77' lang='lat' dir='ltr'><strong>nnunnsssnumusrs</strong></span> 
     </span>
     <span class='ocr_line' id='line_1_3' title="bbox 789 804 1027 932; baseline 0.017 -3"><span class='ocrx_word' id='word_1_11' title='bbox 789 804 1027 932; x_wconf 81' lang='lat' dir='ltr'>LIBER</span> 
     </span>
    </p>
   </div>
   <div class='ocr_carea' id='block_1_3' title="bbox 304 1078 1522 1255">
    <p class='ocr_par' dir='ltr' id='par_1_3' title="bbox 304 1078 1522 1255">
     <span class='ocr_line' id='line_1_4' title="bbox 304 1078 1522 1255; baseline -0.002 -24"><span class='ocrx_word' id='word_1_12' title='bbox 304 1085 368 1231; x_wconf 82' lang='lat' dir='ltr'><strong>tt</strong></span> <span class='ocrx_word' id='word_1_13' title='bbox 410 1080 758 1255; x_wconf 76' lang='lat' dir='ltr'><strong>ttttttttttt</strong></span> <span class='ocrx_word' id='word_1_14' title='bbox 797 1078 1203 1228; x_wconf 79' lang='lat' dir='ltr'><strong>tltttttttlttt</strong></span> <span class='ocrx_word' id='word_1_15' title='bbox 1243 1078 1522 1228; x_wconf 80' lang='lat' dir='ltr'><strong>tttttstd.</strong></span> 
     </span>
    </p>
   </div>
   <div class='ocr_carea' id='block_1_4' title="bbox 10 1354 1770 1499">
    <p class='ocr_par' dir='ltr' id='par_1_4' title="bbox 10 1354 1770 1499">
     <span class='ocr_line' id='line_1_5' title="bbox 10 1354 1770 1433; baseline -0.002 -15"><span class='ocrx_word' id='word_1_16' title='bbox 10 1414 12 1419; x_wconf 87' lang='lat'><strong>.</strong></span> <span class='ocrx_word' id='word_1_17' title='bbox 59 1361 111 1433; x_wconf 78' lang='lat' dir='ltr'><strong>(lia</strong></span> <span class='ocrx_word' id='word_1_18' title='bbox 126 1361 224 1417; x_wconf 83' lang='lat' dir='ltr'><strong>codice</strong></span> <span class='ocrx_word' id='word_1_19' title='bbox 241 1375 296 1416; x_wconf 88' lang='lat' dir='ltr'><strong>ms.</strong></span> <span class='ocrx_word' id='word_1_20' title='bbox 313 1357 426 1429; x_wconf 81' lang='lat' dir='ltr'><strong>collegii</strong></span> <span class='ocrx_word' id='word_1_21' title='bbox 441 1356 593 1415; x_wconf 75' lang='lat' dir='ltr'><strong>Trinitatis</strong></span> <span class='ocrx_word' id='word_1_22' title='bbox 608 1356 775 1428; x_wconf 74' lang='lat' dir='ltr'><strong>cantabrig.</strong></span> <span class='ocrx_word' id='word_1_23' title='bbox 791 1355 884 1412; x_wconf 89' lang='lat' dir='ltr'><strong>edidit</strong></span> <span class='ocrx_word' id='word_1_24' title='bbox 906 1354 994 1422; x_wconf 75' lang='lat' dir='ltr'><strong>flans,</strong></span> <span class='ocrx_word' id='word_1_25' title='bbox 1014 1355 1148 1414; x_wconf 72' lang='lat' dir='ltr'><strong>Hutortae</strong></span> <span class='ocrx_word' id='word_1_26' title='bbox 1177 1356 1359 1427; x_wconf 80' lang='lat' dir='ltr'><strong>Britannicae,</strong></span> <span class='ocrx_word' id='word_1_27' title='bbox 1383 1354 1532 1415; x_wconf 76' lang='lat' dir='ltr'><strong>Saxonicae</strong></span> <span class='ocrx_word' id='word_1_28' title='bbox 1555 1357 1770 1428; x_wconf 61' lang='lat' dir='ltr'><strong>duroto-Durriae?</strong></span> 
     </span>
     <span class='ocr_line' id='line_1_6' title="bbox 647 1425 1176 1499; baseline -0.008 -15"><span class='ocrx_word' id='word_1_29' title='bbox 647 1429 796 1499; x_wconf 77' lang='lat' dir='ltr'><strong>Scriptores</strong></span> <span class='ocrx_word' id='word_1_30' title='bbox 811 1425 867 1483; x_wconf 86' lang='lat' dir='ltr'><strong>XV.</strong></span> <span class='ocrx_word' id='word_1_31' title='bbox 884 1425 1000 1483; x_wconf 83' lang='lat' dir='ltr'><strong>annioe</strong></span> <span class='ocrx_word' id='word_1_32' title='bbox 1017 1427 1096 1497; x_wconf 76' lang='lat'><strong>1691,</strong></span> <span class='ocrx_word' id='word_1_33' title='bbox 1115 1425 1176 1499; x_wconf 88' lang='lat' dir='ltr'><strong>iot.)</strong></span> 
     </span>
    </p>
   </div>
   <div class='ocr_carea' id='block_1_5' title="bbox 589 1774 1226 1874">
    <p class='ocr_par' dir='ltr' id='par_1_5' title="bbox 589 1774 1226 1874">
     <span class='ocr_line' id='line_1_7' title="bbox 589 1774 1226 1874; baseline -0.003 0"><span class='ocrx_word' id='word_1_34' title='bbox 589 1774 881 1874; x_wconf 83' lang='lat' dir='ltr'>WILLELMI</span> <span class='ocrx_word' id='word_1_35' title='bbox 909 1782 1226 1874; x_wconf 86' lang='lat' dir='ltr'>PROLOGUS</span> 
     </span>
    </p>
   </div>
   <div class='ocr_carea' id='block_1_6' title="bbox 10 2005 1766 3331">
    <p class='ocr_par' dir='ltr' id='par_1_6' title="bbox 10 2005 1764 2338">
     <span class='ocr_line' id='line_1_8' title="bbox 10 2005 1763 2080; baseline -0.003 -11"><span class='ocrx_word' id='word_1_36' title='bbox 10 2016 14 2053; x_wconf 75' lang='grc' dir='ltr'>ῑ</span> <span class='ocrx_word' id='word_1_37' title='bbox 93 2007 879 2080; x_wconf 82' lang='lat' dir='ltr'><strong>Dominoianristiuisceribusmultnmarupleotendo</strong></span> <span class='ocrx_word' id='word_1_38' title='bbox 894 2008 921 2076; x_wconf 73' lang='grc' dir='ltr'><strong>Α</strong></span> <span class='ocrx_word' id='word_1_39' title='bbox 935 2006 1143 2079; x_wconf 90' lang='lat' dir='ltr'><strong>libriauspicio</strong></span> <span class='ocrx_word' id='word_1_40' title='bbox 1159 2010 1292 2079; x_wconf 89' lang='lat' dir='ltr'><strong>repetens</strong></span> <span class='ocrx_word' id='word_1_41' title='bbox 1307 2007 1343 2065; x_wconf 91' lang='lat' dir='ltr'><strong>ab</strong></span> <span class='ocrx_word' id='word_1_42' title='bbox 1363 2007 1477 2080; x_wconf 89' lang='lat' dir='ltr'><strong>origiue</strong></span> <span class='ocrx_word' id='word_1_43' title='bbox 1487 2007 1627 2079; x_wconf 89' lang='lat' dir='ltr'><strong>pandam.</strong></span> <span class='ocrx_word' id='word_1_44' title='bbox 1638 2005 1697 2063; x_wconf 87' lang='lat' dir='ltr'><strong>Nee</strong></span> <span class='ocrx_word' id='word_1_45' title='bbox 1715 2005 1763 2064; x_wconf 89' lang='lat' dir='ltr'><strong>bto</strong></span> 
     </span>
     <span class='ocr_line' id='line_1_9' title="bbox 10 2094 1764 2171; baseline -0.005 -11"><span class='ocrx_word' id='word_1_46' title='bbox 10 2107 13 2143; x_wconf 70' lang='lat'>³</span> <span class='ocrx_word' id='word_1_47' title='bbox 56 2107 87 2160; x_wconf 89' lang='lat' dir='ltr'><strong>et</strong></span> <span class='ocrx_word' id='word_1_48' title='bbox 97 2100 269 2159; x_wconf 88' lang='lat' dir='ltr'><strong>honorando</strong></span> <span class='ocrx_word' id='word_1_49' title='bbox 282 2099 410 2156; x_wconf 77' lang='lat' dir='ltr'><strong>Hernico</strong></span> <span class='ocrx_word' id='word_1_50' title='bbox 426 2097 623 2154; x_wconf 75' lang='lat' dir='ltr'><strong>lincolniensi</strong></span> <span class='ocrx_word' id='word_1_51' title='bbox 638 2097 787 2171; x_wconf 87' lang='lat' dir='ltr'><strong>episcopo,</strong></span> <span class='ocrx_word' id='word_1_52' title='bbox 801 2096 882 2153; x_wconf 85' lang='lat' dir='ltr'><strong>Wru·</strong></span> <span class='ocrx_word' id='word_1_53' title='bbox 938 2096 1065 2154; x_wconf 89' lang='lat' dir='ltr'><strong>muttum</strong></span> <span class='ocrx_word' id='word_1_54' title='bbox 1080 2113 1097 2152; x_wconf 90' lang='lat' dir='ltr'><strong>a</strong></span> <span class='ocrx_word' id='word_1_55' title='bbox 1112 2097 1260 2170; x_wconf 88' lang='lat' dir='ltr'><strong>proposito</strong></span> <span class='ocrx_word' id='word_1_56' title='bbox 1272 2095 1401 2155; x_wconf 88' lang='lat' dir='ltr'><strong>alienum</strong></span> <span class='ocrx_word' id='word_1_57' title='bbox 1413 2095 1508 2169; x_wconf 90' lang='lat' dir='ltr'><strong>putari</strong></span> <span class='ocrx_word' id='word_1_58' title='bbox 1524 2095 1621 2165; x_wconf 88' lang='lat' dir='ltr'><strong>debet,</strong></span> <span class='ocrx_word' id='word_1_59' title='bbox 1632 2110 1699 2151; x_wconf 90' lang='lat' dir='ltr'><strong>cum</strong></span> <span class='ocrx_word' id='word_1_60' title='bbox 1710 2094 1764 2152; x_wconf 91' lang='lat' dir='ltr'><strong>ho·</strong></span> 
     </span>
     <span class='ocr_line' id='line_1_10' title="bbox 54 2184 1763 2259; baseline -0.005 -11"><span class='ocrx_word' id='word_1_61' title='bbox 54 2206 168 2248; x_wconf 78' lang='lat' dir='ltr'><strong>asturus</strong></span> <span class='ocrx_word' id='word_1_62' title='bbox 183 2192 286 2245; x_wconf 76' lang='lat' dir='ltr'><strong>vostrae</strong></span> <span class='ocrx_word' id='word_1_63' title='bbox 297 2186 450 2259; x_wconf 89' lang='lat' dir='ltr'><strong>dignitatis</strong></span> <span class='ocrx_word' id='word_1_64' title='bbox 461 2185 551 2255; x_wconf 80' lang='lat' dir='ltr'><strong>trtius,</strong></span> <span class='ocrx_word' id='word_1_65' title='bbox 568 2185 710 2258; x_wconf 93' lang='lat' dir='ltr'><strong>quidquid</strong></span> <span class='ocrx_word' id='word_1_66' title='bbox 728 2185 818 2257; x_wconf 90' lang='lat' dir='ltr'><strong>optari</strong></span> <span class='ocrx_word' id='word_1_67' title='bbox 830 2201 883 2258; x_wconf 89' lang='lat' dir='ltr'><strong>po·</strong></span> <span class='ocrx_word' id='word_1_68' title='bbox 938 2203 991 2243; x_wconf 93' lang='lat' dir='ltr'><strong>nor</strong></span> <span class='ocrx_word' id='word_1_69' title='bbox 1004 2185 1138 2244; x_wconf 79' lang='lat' dir='ltr'><strong>Ecclesia</strong></span> <span class='ocrx_word' id='word_1_70' title='bbox 1154 2187 1184 2244; x_wconf 93' lang='lat' dir='ltr'><strong>in</strong></span> <span class='ocrx_word' id='word_1_71' title='bbox 1208 2187 1405 2259; x_wconf 87' lang='lat' dir='ltr'><strong>Dunstanum,</strong></span> <span class='ocrx_word' id='word_1_72' title='bbox 1428 2191 1458 2246; x_wconf 88' lang='lat' dir='ltr'><strong>at</strong></span> <span class='ocrx_word' id='word_1_73' title='bbox 1480 2185 1546 2244; x_wconf 89' lang='lat' dir='ltr'><strong>lans</strong></span> <span class='ocrx_word' id='word_1_74' title='bbox 1566 2184 1711 2242; x_wconf 86' lang='lat' dir='ltr'><strong>Dunstani</strong></span> <span class='ocrx_word' id='word_1_75' title='bbox 1725 2185 1763 2241; x_wconf 87' lang='lat' dir='ltr'><strong>ad</strong></span> 
     </span>
     <span class='ocr_line' id='line_1_11' title="bbox 52 2273 1764 2338; baseline -0.004 -1"><span class='ocrx_word' id='word_1_76' title='bbox 52 2285 112 2338; x_wconf 90' lang='lat' dir='ltr'><strong>test</strong></span> <span class='ocrx_word' id='word_1_77' title='bbox 128 2277 251 2336; x_wconf 82' lang='lat' dir='ltr'><strong>beatius.</strong></span> <span class='ocrx_word' id='word_1_78' title='bbox 940 2274 1097 2332; x_wconf 75' lang='lat' dir='ltr'><strong>Ecclesiam</strong></span> <span class='ocrx_word' id='word_1_79' title='bbox 1113 2276 1264 2333; x_wconf 80' lang='lat' dir='ltr'><strong>redundet.</strong></span> <span class='ocrx_word' id='word_1_80' title='bbox 1281 2276 1356 2333; x_wconf 85' lang='lat' dir='ltr'><strong>Nem</strong></span> <span class='ocrx_word' id='word_1_81' title='bbox 1379 2281 1408 2333; x_wconf 90' lang='lat' dir='ltr'><strong>st</strong></span> <span class='ocrx_word' id='word_1_82' title='bbox 1422 2273 1473 2333; x_wconf 91' lang='lat' dir='ltr'><strong>itta</strong></span> <span class='ocrx_word' id='word_1_83' title='bbox 1494 2275 1680 2332; x_wconf 85' lang='lat' dir='ltr'><strong>Dunstanum</strong></span> <span class='ocrx_word' id='word_1_84' title='bbox 1700 2289 1764 2330; x_wconf 89' lang='lat' dir='ltr'><strong>ma·</strong></span> 
     </span>
    </p>

    <p class='ocr_par' dir='ltr' id='par_1_7' title="bbox 53 2361 1766 3331">
     <span class='ocr_line' id='line_1_12' title="bbox 89 2361 1766 2442; baseline -0.002 -18"><span class='ocrx_word' id='word_1_85' title='bbox 89 2370 119 2425; x_wconf 85' lang='lat' dir='ltr'><strong>si</strong></span> <span class='ocrx_word' id='word_1_86' title='bbox 139 2368 299 2442; x_wconf 85' lang='lat' dir='ltr'><strong>quidquem</strong></span> <span class='ocrx_word' id='word_1_87' title='bbox 323 2371 366 2423; x_wconf 88' lang='lat' dir='ltr'><strong>est</strong></span> <span class='ocrx_word' id='word_1_88' title='bbox 381 2367 458 2438; x_wconf 91' lang='lat' dir='ltr'><strong>qnod</strong></span> <span class='ocrx_word' id='word_1_89' title='bbox 473 2365 503 2422; x_wconf 92' lang='lat' dir='ltr'><strong>in</strong></span> <span class='ocrx_word' id='word_1_90' title='bbox 526 2366 578 2422; x_wconf 89' lang='lat' dir='ltr'><strong>bao</strong></span> <span class='ocrx_word' id='word_1_91' title='bbox 592 2366 654 2424; x_wconf 86' lang='lat' dir='ltr'><strong>vita</strong></span> <span class='ocrx_word' id='word_1_92' title='bbox 672 2366 822 2423; x_wconf 91' lang='lat' dir='ltr'><strong>bominem</strong></span> <span class='ocrx_word' id='word_1_93' title='bbox 843 2370 886 2423; x_wconf 86' lang='lat' dir='ltr'><strong>te-</strong></span> <span class='ocrx_word' id='word_1_94' title='bbox 938 2366 1021 2420; x_wconf 90' lang='lat' dir='ltr'><strong>terno</strong></span> <span class='ocrx_word' id='word_1_95' title='bbox 1037 2364 1148 2436; x_wconf 90' lang='lat' dir='ltr'><strong>gremio</strong></span> <span class='ocrx_word' id='word_1_96' title='bbox 1167 2364 1197 2420; x_wconf 92' lang='lat' dir='ltr'><strong>in</strong></span> <span class='ocrx_word' id='word_1_97' title='bbox 1213 2365 1305 2421; x_wconf 78' lang='lat' dir='ltr'><strong>sirum</strong></span> <span class='ocrx_word' id='word_1_98' title='bbox 1323 2365 1459 2433; x_wconf 77' lang='lat' dir='ltr'><strong>confovit,</strong></span> <span class='ocrx_word' id='word_1_99' title='bbox 1479 2368 1508 2421; x_wconf 93' lang='lat' dir='ltr'><strong>et</strong></span> <span class='ocrx_word' id='word_1_100' title='bbox 1522 2364 1585 2437; x_wconf 89' lang='lat' dir='ltr'><strong>ipse</strong></span> <span class='ocrx_word' id='word_1_101' title='bbox 1600 2363 1688 2419; x_wconf 88' lang='lat' dir='ltr'><strong>matri</strong></span> <span class='ocrx_word' id='word_1_102' title='bbox 1701 2361 1766 2435; x_wconf 91' lang='lat' dir='ltr'><strong>plu·</strong></span> 
     </span>
     <span class='ocr_line' id='line_1_13' title="bbox 54 2451 1764 2528; baseline -0.004 -13"><span class='ocrx_word' id='word_1_103' title='bbox 54 2457 422 2525; x_wconf 83' lang='lat' dir='ltr'><strong>ucat‚etinteradrerseet</strong></span> <span class='ocrx_word' id='word_1_104' title='bbox 434 2455 568 2512; x_wconf 91' lang='lat' dir='ltr'><strong>turbines</strong></span> <span class='ocrx_word' id='word_1_105' title='bbox 580 2455 884 2528; x_wconf 76' lang='lat' dir='ltr'><strong>mundisquoanimo</strong></span> <span class='ocrx_word' id='word_1_106' title='bbox 940 2453 1047 2509; x_wconf 85' lang='lat' dir='ltr'><strong>nimum</strong></span> <span class='ocrx_word' id='word_1_107' title='bbox 1078 2452 1245 2526; x_wconf 83' lang='lat' dir='ltr'><strong>splendoris</strong></span> <span class='ocrx_word' id='word_1_108' title='bbox 1273 2452 1390 2525; x_wconf 60' lang='lat' dir='ltr'><strong>nauscit.</strong></span> <span class='ocrx_word' id='word_1_109' title='bbox 1423 2456 1601 2525; x_wconf 80' lang='lat' dir='ltr'><strong>Quapropter</strong></span> <span class='ocrx_word' id='word_1_110' title='bbox 1623 2451 1653 2507; x_wconf 92' lang='lat' dir='ltr'><strong>in</strong></span> <span class='ocrx_word' id='word_1_111' title='bbox 1678 2466 1764 2524; x_wconf 88' lang='lat' dir='ltr'><strong>spem</strong></span> 
     </span>
     <span class='ocr_line' id='line_1_14' title="bbox 53 2540 1764 2620; baseline -0.007 -13"><span class='ocrx_word' id='word_1_112' title='bbox 53 2563 174 2607; x_wconf 86' lang='lat' dir='ltr'><strong>manere</strong></span> <span class='ocrx_word' id='word_1_113' title='bbox 196 2548 386 2620; x_wconf 87' lang='lat' dir='ltr'><strong>persuadeat;</strong></span> <span class='ocrx_word' id='word_1_114' title='bbox 409 2546 437 2601; x_wconf 90' lang='lat' dir='ltr'><strong>id</strong></span> <span class='ocrx_word' id='word_1_115' title='bbox 458 2561 523 2602; x_wconf 89' lang='lat' dir='ltr'><strong>esse</strong></span> <span class='ocrx_word' id='word_1_116' title='bbox 542 2544 572 2602; x_wconf 91' lang='lat' dir='ltr'><strong>iu</strong></span> <span class='ocrx_word' id='word_1_117' title='bbox 590 2544 695 2618; x_wconf 90' lang='lat' dir='ltr'><strong>primis</strong></span> <span class='ocrx_word' id='word_1_118' title='bbox 711 2561 774 2602; x_wconf 93' lang='lat' dir='ltr'><strong>reor</strong></span> <span class='ocrx_word' id='word_1_119' title='bbox 791 2546 885 2603; x_wconf 91' lang='lat' dir='ltr'><strong>medi·</strong></span> <span class='ocrx_word' id='word_1_120' title='bbox 940 2540 1074 2598; x_wconf 89' lang='lat' dir='ltr'><strong>uonnibil</strong></span> <span class='ocrx_word' id='word_1_121' title='bbox 1090 2543 1208 2600; x_wconf 89' lang='lat' dir='ltr'><strong>animus</strong></span> <span class='ocrx_word' id='word_1_122' title='bbox 1224 2558 1309 2600; x_wconf 90' lang='lat' dir='ltr'><strong>meus</strong></span> <span class='ocrx_word' id='word_1_123' title='bbox 1327 2543 1466 2600; x_wconf 87' lang='lat' dir='ltr'><strong>accrescit</strong></span> <span class='ocrx_word' id='word_1_124' title='bbox 1479 2542 1534 2599; x_wconf 90' lang='lat' dir='ltr'><strong>hoo</strong></span> <span class='ocrx_word' id='word_1_125' title='bbox 1549 2541 1692 2612; x_wconf 87' lang='lat' dir='ltr'><strong>scriptum</strong></span> <span class='ocrx_word' id='word_1_126' title='bbox 1708 2540 1764 2598; x_wconf 91' lang='lat' dir='ltr'><strong>ior·</strong></span> 
     </span>
     <span class='ocr_line' id='line_1_15' title="bbox 53 2630 1764 2707; baseline -0.004 -14"><span class='ocrx_word' id='word_1_127' title='bbox 53 2633 886 2707; x_wconf 77' lang='lat' dir='ltr'><strong>tattonemsanctarumseripturarum.l:tquidernseri·</strong></span> <span class='ocrx_word' id='word_1_128' title='bbox 939 2633 1015 2687; x_wconf 89' lang='lat' dir='ltr'><strong>tasse</strong></span> <span class='ocrx_word' id='word_1_129' title='bbox 1042 2639 1176 2688; x_wconf 88' lang='lat' dir='ltr'><strong>sanctum</strong></span> <span class='ocrx_word' id='word_1_130' title='bbox 1205 2648 1386 2705; x_wconf 83' lang='lat' dir='ltr'><strong>procurasse,</strong></span> <span class='ocrx_word' id='word_1_131' title='bbox 1413 2635 1447 2690; x_wconf 88' lang='lat' dir='ltr'><strong>ut</strong></span> <span class='ocrx_word' id='word_1_132' title='bbox 1470 2631 1583 2689; x_wconf 88' lang='lat' dir='ltr'><strong>alumni</strong></span> <span class='ocrx_word' id='word_1_133' title='bbox 1609 2630 1764 2689; x_wconf 87' lang='lat' dir='ltr'><strong>occasione</strong></span> 
     </span>
     <span class='ocr_line' id='line_1_16' title="bbox 54 2719 1763 2798; baseline -0.004 -16"><span class='ocrx_word' id='word_1_134' title='bbox 54 2730 106 2798; x_wconf 89' lang='lat' dir='ltr'><strong>pta</strong></span> <span class='ocrx_word' id='word_1_135' title='bbox 120 2725 272 2797; x_wconf 78' lang='lat' dir='ltr'><strong>gentilium</strong></span> <span class='ocrx_word' id='word_1_136' title='bbox 292 2725 434 2780; x_wconf 86' lang='lat' dir='ltr'><strong>haetenus</strong></span> <span class='ocrx_word' id='word_1_137' title='bbox 450 2723 605 2780; x_wconf 85' lang='lat' dir='ltr'><strong>utilitatem</strong></span> <span class='ocrx_word' id='word_1_138' title='bbox 628 2724 673 2780; x_wconf 88' lang='lat' dir='ltr'><strong>sui</strong></span> <span class='ocrx_word' id='word_1_139' title='bbox 689 2724 884 2795; x_wconf 78' lang='lat' dir='ltr'><strong>praetendunt,</strong></span> <span class='ocrx_word' id='word_1_140' title='bbox 939 2719 1089 2792; x_wconf 82' lang='lat' dir='ltr'><strong>digeratur</strong></span> <span class='ocrx_word' id='word_1_141' title='bbox 1103 2720 1231 2791; x_wconf 84' lang='lat' dir='ltr'><strong>dignitas</strong></span> <span class='ocrx_word' id='word_1_142' title='bbox 1246 2721 1411 2779; x_wconf 80' lang='lat' dir='ltr'><strong>nutricula.</strong></span> <span class='ocrx_word' id='word_1_143' title='bbox 1428 2721 1495 2779; x_wconf 80' lang='lat' dir='ltr'><strong>Illos</strong></span> <span class='ocrx_word' id='word_1_144' title='bbox 1510 2737 1563 2794; x_wconf 91' lang='lat' dir='ltr'><strong>ego</strong></span> <span class='ocrx_word' id='word_1_145' title='bbox 1578 2719 1703 2788; x_wconf 90' lang='lat' dir='ltr'><strong>libellos,</strong></span> <span class='ocrx_word' id='word_1_146' title='bbox 1713 2719 1763 2777; x_wconf 91' lang='lat' dir='ltr'><strong>sed</strong></span> 
     </span>
     <span class='ocr_line' id='line_1_17' title="bbox 55 2807 1763 2886; baseline -0.003 -15"><span class='ocrx_word' id='word_1_147' title='bbox 55 2819 89 2871; x_wconf 94' lang='lat' dir='ltr'><strong>ut</strong></span> <span class='ocrx_word' id='word_1_148' title='bbox 103 2815 258 2872; x_wconf 87' lang='lat' dir='ltr'><strong>verborum</strong></span> <span class='ocrx_word' id='word_1_149' title='bbox 285 2813 441 2886; x_wconf 79' lang='lat' dir='ltr'><strong>splendore</strong></span> <span class='ocrx_word' id='word_1_150' title='bbox 466 2811 591 2884; x_wconf 87' lang='lat' dir='ltr'><strong>legentis</strong></span> <span class='ocrx_word' id='word_1_151' title='bbox 617 2815 646 2868; x_wconf 92' lang='lat' dir='ltr'><strong>et</strong></span> <span class='ocrx_word' id='word_1_152' title='bbox 665 2810 785 2884; x_wconf 81' lang='lat' dir='ltr'><strong>palpent</strong></span> <span class='ocrx_word' id='word_1_153' title='bbox 805 2812 886 2884; x_wconf 90' lang='lat' dir='ltr'><strong>loge·</strong></span> <span class='ocrx_word' id='word_1_154' title='bbox 939 2814 968 2866; x_wconf 87' lang='lat' dir='ltr'><strong>et</strong></span> <span class='ocrx_word' id='word_1_155' title='bbox 986 2807 1082 2866; x_wconf 88' lang='lat' dir='ltr'><strong>Vitam</strong></span> <span class='ocrx_word' id='word_1_156' title='bbox 1102 2810 1179 2867; x_wconf 88' lang='lat' dir='ltr'><strong>beati</strong></span> <span class='ocrx_word' id='word_1_157' title='bbox 1198 2810 1326 2879; x_wconf 89' lang='lat' dir='ltr'><strong>Patricii‚</strong></span> <span class='ocrx_word' id='word_1_158' title='bbox 1349 2811 1495 2869; x_wconf 87' lang='lat' dir='ltr'><strong>miracula</strong></span> <span class='ocrx_word' id='word_1_159' title='bbox 1510 2809 1685 2868; x_wconf 87' lang='lat' dir='ltr'><strong>venerabilis</strong></span> <span class='ocrx_word' id='word_1_160' title='bbox 1704 2813 1763 2866; x_wconf 88' lang='lat' dir='ltr'><strong>Be·</strong></span> 
     </span>
     <span class='ocr_line' id='line_1_18' title="bbox 57 2897 1764 2976; baseline -0.002 -16"><span class='ocrx_word' id='word_1_161' title='bbox 57 2904 151 2973; x_wconf 88' lang='lat' dir='ltr'><strong>nium,</strong></span> <span class='ocrx_word' id='word_1_162' title='bbox 167 2910 194 2961; x_wconf 89' lang='lat' dir='ltr'><strong>et</strong></span> <span class='ocrx_word' id='word_1_163' title='bbox 209 2903 315 2959; x_wconf 88' lang='lat' dir='ltr'><strong>timent</strong></span> <span class='ocrx_word' id='word_1_164' title='bbox 329 2902 489 2973; x_wconf 88' lang='lat' dir='ltr'><strong>eloquium.</strong></span> <span class='ocrx_word' id='word_1_165' title='bbox 513 2904 632 2957; x_wconf 77' lang='lat' dir='ltr'><strong>atvero</strong></span> <span class='ocrx_word' id='word_1_166' title='bbox 647 2900 786 2958; x_wconf 89' lang='lat' dir='ltr'><strong>librorum</strong></span> <span class='ocrx_word' id='word_1_167' title='bbox 804 2900 884 2957; x_wconf 83' lang='lat' dir='ltr'><strong>omli·</strong></span> <span class='ocrx_word' id='word_1_168' title='bbox 939 2897 1031 2971; x_wconf 89' lang='lat' dir='ltr'><strong>nigni,</strong></span> <span class='ocrx_word' id='word_1_169' title='bbox 1063 2899 1231 2972; x_wconf 88' lang='lat' dir='ltr'><strong>passionem</strong></span> <span class='ocrx_word' id='word_1_170' title='bbox 1264 2902 1401 2976; x_wconf 78' lang='lat' dir='ltr'><strong>martyris</strong></span> <span class='ocrx_word' id='word_1_171' title='bbox 1428 2899 1562 2971; x_wconf 88' lang='lat' dir='ltr'><strong>lndracti,</strong></span> <span class='ocrx_word' id='word_1_172' title='bbox 1592 2899 1643 2972; x_wconf 91' lang='lat' dir='ltr'><strong>qui</strong></span> <span class='ocrx_word' id='word_1_173' title='bbox 1671 2898 1764 2957; x_wconf 87' lang='lat' dir='ltr'><strong>simili</strong></span> 
     </span>
     <span class='ocr_line' id='line_1_19' title="bbox 57 2988 1762 3065; baseline -0.004 -15"><span class='ocrx_word' id='word_1_174' title='bbox 57 3000 106 3050; x_wconf 87' lang='lat' dir='ltr'><strong>tna</strong></span> <span class='ocrx_word' id='word_1_175' title='bbox 120 2993 333 3065; x_wconf 89' lang='lat' dir='ltr'><strong>inspiratorum</strong></span> <span class='ocrx_word' id='word_1_176' title='bbox 349 2989 435 3063; x_wconf 88' lang='lat' dir='ltr'><strong>louge</strong></span> <span class='ocrx_word' id='word_1_177' title='bbox 449 2991 564 3046; x_wconf 87' lang='lat' dir='ltr'><strong>tructus</strong></span> <span class='ocrx_word' id='word_1_178' title='bbox 580 2989 798 3064; x_wconf 81' lang='lat' dir='ltr'><strong>praeponderat3</strong></span> <span class='ocrx_word' id='word_1_179' title='bbox 815 2989 884 3061; x_wconf 92' lang='lat' dir='ltr'><strong>quia</strong></span> <span class='ocrx_word' id='word_1_180' title='bbox 938 3004 1009 3045; x_wconf 88' lang='lat' dir='ltr'><strong>cura</strong></span> <span class='ocrx_word' id='word_1_181' title='bbox 1023 2990 1227 3062; x_wconf 82' lang='lat' dir='ltr'><strong>procuderam,</strong></span> <span class='ocrx_word' id='word_1_182' title='bbox 1245 2989 1309 3061; x_wconf 89' lang='lat' dir='ltr'><strong>jam</strong></span> <span class='ocrx_word' id='word_1_183' title='bbox 1334 2990 1443 3062; x_wconf 87' lang='lat' dir='ltr'><strong>pridem</strong></span> <span class='ocrx_word' id='word_1_184' title='bbox 1464 2989 1494 3046; x_wconf 91' lang='lat' dir='ltr'><strong>in</strong></span> <span class='ocrx_word' id='word_1_185' title='bbox 1518 3004 1619 3048; x_wconf 89' lang='lat' dir='ltr'><strong>eorum</strong></span> <span class='ocrx_word' id='word_1_186' title='bbox 1639 2988 1762 3061; x_wconf 88' lang='lat' dir='ltr'><strong>permisi</strong></span> 
     </span>
     <span class='ocr_line' id='line_1_20' title="bbox 55 3077 1760 3153; baseline -0.002 -15"><span class='ocrx_word' id='word_1_187' title='bbox 55 3087 85 3140; x_wconf 88' lang='lat' dir='ltr'><strong>et</strong></span> <span class='ocrx_word' id='word_1_188' title='bbox 99 3081 292 3153; x_wconf 85' lang='lat' dir='ltr'><strong>biojncundae</strong></span> <span class='ocrx_word' id='word_1_189' title='bbox 304 3077 468 3135; x_wconf 90' lang='lat' dir='ltr'><strong>dulcedinis</strong></span> <span class='ocrx_word' id='word_1_190' title='bbox 477 3077 703 3150; x_wconf 84' lang='lat' dir='ltr'><strong>postumanimo</strong></span> <span class='ocrx_word' id='word_1_191' title='bbox 713 3078 883 3146; x_wconf 78' lang='lat' dir='ltr'><strong>infundant,</strong></span> <span class='ocrx_word' id='word_1_192' title='bbox 938 3078 1046 3135; x_wconf 89' lang='lat' dir='ltr'><strong>versari</strong></span> <span class='ocrx_word' id='word_1_193' title='bbox 1063 3079 1211 3148; x_wconf 88' lang='lat' dir='ltr'><strong>manibus,</strong></span> <span class='ocrx_word' id='word_1_194' title='bbox 1229 3083 1261 3135; x_wconf 94' lang='lat' dir='ltr'><strong>ut</strong></span> <span class='ocrx_word' id='word_1_195' title='bbox 1275 3081 1301 3137; x_wconf 89' lang='lat' dir='ltr'><strong>si</strong></span> <span class='ocrx_word' id='word_1_196' title='bbox 1315 3079 1387 3152; x_wconf 93' lang='lat' dir='ltr'><strong>quid</strong></span> <span class='ocrx_word' id='word_1_197' title='bbox 1401 3079 1475 3136; x_wconf 90' lang='lat' dir='ltr'><strong>citra</strong></span> <span class='ocrx_word' id='word_1_198' title='bbox 1490 3078 1631 3136; x_wconf 88' lang='lat' dir='ltr'><strong>rationem</strong></span> <span class='ocrx_word' id='word_1_199' title='bbox 1646 3077 1760 3135; x_wconf 90' lang='lat' dir='ltr'><strong>dictum</strong></span> 
     </span>
     <span class='ocr_line' id='line_1_21' title="bbox 55 3166 1761 3241; baseline -0.003 -14"><span class='ocrx_word' id='word_1_200' title='bbox 55 3174 85 3227; x_wconf 92' lang='lat' dir='ltr'><strong>et</strong></span> <span class='ocrx_word' id='word_1_201' title='bbox 99 3170 172 3226; x_wconf 88' lang='lat' dir='ltr'><strong>alias</strong></span> <span class='ocrx_word' id='word_1_202' title='bbox 188 3177 300 3226; x_wconf 77' lang='lat' dir='ltr'><strong>aternu</strong></span> <span class='ocrx_word' id='word_1_203' title='bbox 320 3168 512 3226; x_wconf 88' lang='lat' dir='ltr'><strong>beatitudinis</strong></span> <span class='ocrx_word' id='word_1_204' title='bbox 531 3168 762 3224; x_wconf 85' lang='lat' dir='ltr'><strong>emolumentum</strong></span> <span class='ocrx_word' id='word_1_205' title='bbox 783 3167 883 3240; x_wconf 87' lang='lat' dir='ltr'><strong>acqui·</strong></span> <span class='ocrx_word' id='word_1_206' title='bbox 938 3173 1026 3235; x_wconf 89' lang='lat' dir='ltr'><strong>esset,</strong></span> <span class='ocrx_word' id='word_1_207' title='bbox 1041 3167 1236 3239; x_wconf 86' lang='lat' dir='ltr'><strong>corrigeretur</strong></span> <span class='ocrx_word' id='word_1_208' title='bbox 1255 3184 1306 3239; x_wconf 89' lang='lat' dir='ltr'><strong>pro</strong></span> <span class='ocrx_word' id='word_1_209' title='bbox 1327 3173 1467 3241; x_wconf 89' lang='lat' dir='ltr'><strong>tempore.</strong></span> <span class='ocrx_word' id='word_1_210' title='bbox 1488 3166 1534 3223; x_wconf 87' lang='lat' dir='ltr'><strong>illi</strong></span> <span class='ocrx_word' id='word_1_211' title='bbox 1549 3182 1615 3224; x_wconf 83' lang='lat' dir='ltr'><strong>vero</strong></span> <span class='ocrx_word' id='word_1_212' title='bbox 1635 3181 1761 3237; x_wconf 87' lang='lat' dir='ltr'><strong>propen-</strong></span> 
     </span>
     <span class='ocr_line' id='line_1_22' title="bbox 55 3255 1760 3331; baseline -0.002 -14"><span class='ocrx_word' id='word_1_213' title='bbox 55 3264 136 3317; x_wconf 88' lang='lat' dir='ltr'><strong>runt.</strong></span> <span class='ocrx_word' id='word_1_214' title='bbox 153 3258 245 3316; x_wconf 87' lang='lat' dir='ltr'><strong>Multa</strong></span> <span class='ocrx_word' id='word_1_215' title='bbox 269 3275 365 3331; x_wconf 92' lang='lat' dir='ltr'><strong>porro,</strong></span> <span class='ocrx_word' id='word_1_216' title='bbox 389 3261 418 3313; x_wconf 90' lang='lat' dir='ltr'><strong>et</strong></span> <span class='ocrx_word' id='word_1_217' title='bbox 443 3261 474 3313; x_wconf 94' lang='lat' dir='ltr'><strong>ut</strong></span> <span class='ocrx_word' id='word_1_218' title='bbox 496 3273 560 3314; x_wconf 89' lang='lat' dir='ltr'><strong>mea</strong></span> <span class='ocrx_word' id='word_1_219' title='bbox 581 3258 635 3314; x_wconf 87' lang='lat' dir='ltr'><strong>tert</strong></span> <span class='ocrx_word' id='word_1_220' title='bbox 655 3257 765 3328; x_wconf 87' lang='lat' dir='ltr'><strong>optutu,</strong></span> <span class='ocrx_word' id='word_1_221' title='bbox 787 3256 875 3313; x_wconf 92' lang='lat' dir='ltr'><strong>innu·</strong></span> <span class='ocrx_word' id='word_1_222' title='bbox 939 3255 1008 3312; x_wconf 90' lang='lat' dir='ltr'><strong>siori</strong></span> <span class='ocrx_word' id='word_1_223' title='bbox 1023 3257 1145 3314; x_wconf 91' lang='lat' dir='ltr'><strong>consilio</strong></span> <span class='ocrx_word' id='word_1_224' title='bbox 1160 3257 1211 3314; x_wconf 86' lang='lat' dir='ltr'><strong>diu</strong></span> <span class='ocrx_word' id='word_1_225' title='bbox 1229 3256 1336 3329; x_wconf 81' lang='lat' dir='ltr'><strong>scripta</strong></span> <span class='ocrx_word' id='word_1_226' title='bbox 1355 3256 1543 3324; x_wconf 88' lang='lat' dir='ltr'><strong>trutinantes,</strong></span> <span class='ocrx_word' id='word_1_227' title='bbox 1563 3256 1644 3315; x_wconf 88' lang='lat' dir='ltr'><strong>omni</strong></span> <span class='ocrx_word' id='word_1_228' title='bbox 1664 3272 1710 3315; x_wconf 86' lang='lat' dir='ltr'><strong>me</strong></span> <span class='ocrx_word' id='word_1_229' title='bbox 1723 3255 1760 3314; x_wconf 91' lang='lat' dir='ltr'><strong>ii·</strong></span> 
     </span>
    </p>
   </div>
   <div class='ocr_carea' id='block_1_7' title="bbox 56 3341 1760 3421">
    <p class='ocr_par' dir='ltr' id='par_1_8' title="bbox 56 3332 1875 3433">
     <span class='ocr_line' id='line_1_23' title="bbox 56 3341 1760 3421; baseline -0.001 -16"><span class='ocrx_word' id='word_1_230' title='bbox 56 3365 137 3406; x_wconf 90' lang='lat' dir='ltr'><strong>mera</strong></span> <span class='ocrx_word' id='word_1_231' title='bbox 151 3352 221 3404; x_wconf 91' lang='lat' dir='ltr'><strong>sont</strong></span> <span class='ocrx_word' id='word_1_232' title='bbox 232 3348 262 3404; x_wconf 91' lang='lat' dir='ltr'><strong>in</strong></span> <span class='ocrx_word' id='word_1_233' title='bbox 279 3345 437 3420; x_wconf 90' lang='lat' dir='ltr'><strong>Scripturis</strong></span> <span class='ocrx_word' id='word_1_234' title='bbox 452 3346 570 3413; x_wconf 88' lang='lat' dir='ltr'><strong>sanctis,</strong></span> <span class='ocrx_word' id='word_1_235' title='bbox 588 3346 696 3417; x_wconf 90' lang='lat' dir='ltr'><strong>quibus</strong></span> <span class='ocrx_word' id='word_1_236' title='bbox 715 3345 815 3403; x_wconf 82' lang='lat' dir='ltr'><strong>divina</strong></span> <span class='ocrx_word' id='word_1_237' title='bbox 833 3346 878 3403; x_wconf 88' lang='lat' dir='ltr'><strong>di·</strong></span> <span class='ocrx_word' id='word_1_238' title='bbox 893 3341 918 3407; x_wconf 87' lang='lat' dir='ltr'><strong>B</strong></span> <span class='ocrx_word' id='word_1_239' title='bbox 934 3345 1106 3403; x_wconf 81' lang='lat' dir='ltr'><strong>beraverunt</strong></span> <span class='ocrx_word' id='word_1_240' title='bbox 1115 3346 1269 3420; x_wconf 91' lang='lat' dir='ltr'><strong>culparum</strong></span> <span class='ocrx_word' id='word_1_241' title='bbox 1280 3363 1370 3418; x_wconf 79' lang='lat' dir='ltr'><strong>nevo,</strong></span> <span class='ocrx_word' id='word_1_242' title='bbox 1381 3345 1455 3403; x_wconf 88' lang='lat' dir='ltr'><strong>nihil</strong></span> <span class='ocrx_word' id='word_1_243' title='bbox 1466 3347 1597 3404; x_wconf 91' lang='lat' dir='ltr'><strong>contuitu</strong></span> <span class='ocrx_word' id='word_1_244' title='bbox 1609 3346 1760 3421; x_wconf 82' lang='lat' dir='ltr'><strong>religionis</strong></span> 
     </span>
    </p>
   </div>
   <div class='ocr_carea' id='block_1_8' title="bbox 52 3434 1761 5029">
    <p class='ocr_par' dir='ltr' id='par_1_9' title="bbox 52 3434 1761 5029">
     <span class='ocr_line' id='line_1_24' title="bbox 57 3434 1761 3511; baseline -0.001 -17"><span class='ocrx_word' id='word_1_245' title='bbox 57 3438 154 3511; x_wconf 86' lang='lat' dir='ltr'><strong>gnatia</strong></span> <span class='ocrx_word' id='word_1_246' title='bbox 179 3442 290 3494; x_wconf 86' lang='lat' dir='ltr'><strong>montes</strong></span> <span class='ocrx_word' id='word_1_247' title='bbox 314 3435 481 3493; x_wconf 84' lang='lat' dir='ltr'><strong>mortalium</strong></span> <span class='ocrx_word' id='word_1_248' title='bbox 509 3435 546 3491; x_wconf 96' lang='lat' dir='ltr'><strong>ad</strong></span> <span class='ocrx_word' id='word_1_249' title='bbox 568 3436 652 3492; x_wconf 83' lang='lat' dir='ltr'><strong>bonas</strong></span> <span class='ocrx_word' id='word_1_250' title='bbox 680 3435 746 3491; x_wconf 83' lang='lat' dir='ltr'><strong>vitas</strong></span> <span class='ocrx_word' id='word_1_251' title='bbox 769 3434 882 3492; x_wconf 86' lang='lat' dir='ltr'><strong>cultum</strong></span> <span class='ocrx_word' id='word_1_252' title='bbox 937 3435 1761 3509; x_wconf 81' lang='lat' dir='ltr'><strong>euidentesottense,autdeterentssgratiae.llooigitur</strong></span> 
     </span>
     <span class='ocr_line' id='line_1_25' title="bbox 57 3523 1759 3599; baseline 0 -15"><span class='ocrx_word' id='word_1_253' title='bbox 57 3527 204 3596; x_wconf 82' lang='lat' dir='ltr'><strong>informat,</strong></span> <span class='ocrx_word' id='word_1_254' title='bbox 215 3531 278 3583; x_wconf 88' lang='lat' dir='ltr'><strong>tum</strong></span> <span class='ocrx_word' id='word_1_255' title='bbox 295 3523 661 3598; x_wconf 79' lang='lat' dir='ltr'><strong>preceptutnmexempla.</strong></span> <span class='ocrx_word' id='word_1_256' title='bbox 678 3523 742 3580; x_wconf 89' lang='lat' dir='ltr'><strong>litis</strong></span> <span class='ocrx_word' id='word_1_257' title='bbox 757 3525 883 3597; x_wconf 83' lang='lat' dir='ltr'><strong>quetiter</strong></span> <span class='ocrx_word' id='word_1_258' title='bbox 938 3524 1437 3599; x_wconf 80' lang='lat' dir='ltr'><strong>qualecunqueopusoulumvestrae</strong></span> <span class='ocrx_word' id='word_1_259' title='bbox 1448 3527 1572 3584; x_wconf 85' lang='lat' dir='ltr'><strong>devoveo</strong></span> <span class='ocrx_word' id='word_1_260' title='bbox 1584 3526 1759 3584; x_wconf 85' lang='lat' dir='ltr'><strong>examinan-</strong></span> 
     </span>
     <span class='ocr_line' id='line_1_26' title="bbox 56 3612 1758 3687; baseline -0.001 -13"><span class='ocrx_word' id='word_1_261' title='bbox 56 3618 212 3674; x_wconf 82' lang='lat' dir='ltr'><strong>vivendum</strong></span> <span class='ocrx_word' id='word_1_262' title='bbox 228 3616 278 3684; x_wconf 89' lang='lat' dir='ltr'><strong>sit,</strong></span> <span class='ocrx_word' id='word_1_263' title='bbox 290 3614 476 3681; x_wconf 90' lang='lat' dir='ltr'><strong>instruimur,</strong></span> <span class='ocrx_word' id='word_1_264' title='bbox 487 3613 551 3669; x_wconf 88' lang='lat' dir='ltr'><strong>istie</strong></span> <span class='ocrx_word' id='word_1_265' title='bbox 562 3613 793 3684; x_wconf 91' lang='lat' dir='ltr'><strong>innuiturquam</strong></span> <span class='ocrx_word' id='word_1_266' title='bbox 810 3612 878 3682; x_wconf 89' lang='lat' dir='ltr'><strong>sint,</strong></span> <span class='ocrx_word' id='word_1_267' title='bbox 934 3613 1006 3669; x_wconf 88' lang='lat' dir='ltr'><strong>dum</strong></span> <span class='ocrx_word' id='word_1_268' title='bbox 1037 3614 1210 3687; x_wconf 83' lang='lat' dir='ltr'><strong>prodentia,</strong></span> <span class='ocrx_word' id='word_1_269' title='bbox 1237 3615 1354 3673; x_wconf 90' lang='lat' dir='ltr'><strong>domine</strong></span> <span class='ocrx_word' id='word_1_270' title='bbox 1384 3615 1574 3686; x_wconf 86' lang='lat' dir='ltr'><strong>venerabilis;</strong></span> <span class='ocrx_word' id='word_1_271' title='bbox 1600 3619 1629 3673; x_wconf 87' lang='lat' dir='ltr'><strong>et</strong></span> <span class='ocrx_word' id='word_1_272' title='bbox 1652 3616 1758 3673; x_wconf 87' lang='lat' dir='ltr'><strong>merito</strong></span> 
     </span>
     <span class='ocr_line' id='line_1_27' title="bbox 55 3703 1758 3778; baseline -0.002 -14"><span class='ocrx_word' id='word_1_273' title='bbox 55 3707 114 3764; x_wconf 89' lang='lat' dir='ltr'><strong>Deo</strong></span> <span class='ocrx_word' id='word_1_274' title='bbox 130 3708 261 3778; x_wconf 82' lang='lat' dir='ltr'><strong>juvente,</strong></span> <span class='ocrx_word' id='word_1_275' title='bbox 288 3707 365 3760; x_wconf 89' lang='lat' dir='ltr'><strong>iactu</strong></span> <span class='ocrx_word' id='word_1_276' title='bbox 391 3703 489 3762; x_wconf 86' lang='lat' dir='ltr'><strong>tacitis</strong></span> <span class='ocrx_word' id='word_1_277' title='bbox 512 3718 575 3775; x_wconf 85' lang='lat' dir='ltr'><strong>qaas</strong></span> <span class='ocrx_word' id='word_1_278' title='bbox 596 3703 746 3774; x_wconf 82' lang='lat' dir='ltr'><strong>jubentur.</strong></span> <span class='ocrx_word' id='word_1_279' title='bbox 771 3703 880 3761; x_wconf 86' lang='lat' dir='ltr'><strong>Natura</strong></span> <span class='ocrx_word' id='word_1_280' title='bbox 933 3704 1758 3778; x_wconf 81' lang='lat' dir='ltr'><strong>amabilisPater.Factimeiratioinpromptu,ntncscat</strong></span> 
     </span>
     <span class='ocr_line' id='line_1_28' title="bbox 55 3792 1757 3868; baseline -0.001 -15"><span class='ocrx_word' id='word_1_281' title='bbox 55 3813 127 3853; x_wconf 89' lang='lat' dir='ltr'><strong>sane</strong></span> <span class='ocrx_word' id='word_1_282' title='bbox 152 3796 231 3852; x_wconf 92' lang='lat' dir='ltr'><strong>hunc</strong></span> <span class='ocrx_word' id='word_1_283' title='bbox 260 3795 436 3868; x_wconf 87' lang='lat' dir='ltr'><strong>quibusdam</strong></span> <span class='ocrx_word' id='word_1_284' title='bbox 466 3792 647 3866; x_wconf 81' lang='lat' dir='ltr'><strong>ingeneravit</strong></span> <span class='ocrx_word' id='word_1_285' title='bbox 675 3793 816 3861; x_wconf 86' lang='lat' dir='ltr'><strong>animum,</strong></span> <span class='ocrx_word' id='word_1_286' title='bbox 846 3796 881 3851; x_wconf 90' lang='lat' dir='ltr'><strong>nt</strong></span> <span class='ocrx_word' id='word_1_287' title='bbox 933 3792 1102 3851; x_wconf 78' lang='lat' dir='ltr'><strong>excellentia</strong></span> <span class='ocrx_word' id='word_1_288' title='bbox 1126 3794 1299 3866; x_wconf 85' lang='lat' dir='ltr'><strong>vestra,qui</strong></span> <span class='ocrx_word' id='word_1_289' title='bbox 1323 3797 1351 3851; x_wconf 91' lang='lat' dir='ltr'><strong>et</strong></span> <span class='ocrx_word' id='word_1_290' title='bbox 1371 3795 1473 3867; x_wconf 90' lang='lat' dir='ltr'><strong>quanti</strong></span> <span class='ocrx_word' id='word_1_291' title='bbox 1494 3793 1757 3851; x_wconf 83' lang='lat' dir='ltr'><strong>riritundaverunt</strong></span> 
     </span>
     <span class='ocr_line' id='line_1_29' title="bbox 55 3882 1755 3957; baseline -0.001 -15"><span class='ocrx_word' id='word_1_292' title='bbox 55 3886 188 3957; x_wconf 88' lang='lat' dir='ltr'><strong>quamvis</strong></span> <span class='ocrx_word' id='word_1_293' title='bbox 208 3890 332 3957; x_wconf 89' lang='lat' dir='ltr'><strong>utraque</strong></span> <span class='ocrx_word' id='word_1_294' title='bbox 353 3885 448 3941; x_wconf 90' lang='lat' dir='ltr'><strong>sciant</strong></span> <span class='ocrx_word' id='word_1_295' title='bbox 470 3883 644 3954; x_wconf 86' lang='lat' dir='ltr'><strong>necessaria,</strong></span> <span class='ocrx_word' id='word_1_296' title='bbox 660 3882 756 3956; x_wconf 91' lang='lat' dir='ltr'><strong>magis</strong></span> <span class='ocrx_word' id='word_1_297' title='bbox 779 3887 878 3940; x_wconf 89' lang='lat' dir='ltr'><strong>tamen</strong></span> <span class='ocrx_word' id='word_1_298' title='bbox 932 3891 960 3940; x_wconf 89' lang='lat' dir='ltr'><strong>et</strong></span> <span class='ocrx_word' id='word_1_299' title='bbox 975 3887 1167 3954; x_wconf 85' lang='lat' dir='ltr'><strong>provexerunt</strong></span> <span class='ocrx_word' id='word_1_300' title='bbox 1185 3883 1352 3950; x_wconf 87' lang='lat' dir='ltr'><strong>eeclesiam,</strong></span> <span class='ocrx_word' id='word_1_301' title='bbox 1368 3900 1432 3955; x_wconf 82' lang='lat' dir='ltr'><strong>qua</strong></span> <span class='ocrx_word' id='word_1_302' title='bbox 1447 3887 1548 3940; x_wconf 81' lang='lat' dir='ltr'><strong>vestre</strong></span> <span class='ocrx_word' id='word_1_303' title='bbox 1569 3883 1755 3955; x_wconf 89' lang='lat' dir='ltr'><strong>potissimum</strong></span> 
     </span>
     <span class='ocr_line' id='line_1_30' title="bbox 55 3971 1754 4047; baseline -0.002 -14"><span class='ocrx_word' id='word_1_304' title='bbox 55 3976 254 4047; x_wconf 84' lang='lat' dir='ltr'><strong>exemplorum</strong></span> <span class='ocrx_word' id='word_1_305' title='bbox 283 3990 370 4046; x_wconf 90' lang='lat' dir='ltr'><strong>quam</strong></span> <span class='ocrx_word' id='word_1_306' title='bbox 400 3972 638 4030; x_wconf 86' lang='lat' dir='ltr'><strong>adhortationum</strong></span> <span class='ocrx_word' id='word_1_307' title='bbox 668 3988 718 4030; x_wconf 90' lang='lat' dir='ltr'><strong>eos</strong></span> <span class='ocrx_word' id='word_1_308' title='bbox 741 3971 880 4045; x_wconf 90' lang='lat' dir='ltr'><strong>prolectet</strong></span> <span class='ocrx_word' id='word_1_309' title='bbox 933 3973 988 4029; x_wconf 92' lang='lat' dir='ltr'><strong>sub</strong></span> <span class='ocrx_word' id='word_1_310' title='bbox 1004 3975 1062 4030; x_wconf 84' lang='lat' dir='ltr'><strong>Deo</strong></span> <span class='ocrx_word' id='word_1_311' title='bbox 1077 3973 1223 4030; x_wconf 87' lang='lat' dir='ltr'><strong>etsanctis</strong></span> <span class='ocrx_word' id='word_1_312' title='bbox 1235 3973 1300 4046; x_wconf 88' lang='lat' dir='ltr'><strong>ejua</strong></span> <span class='ocrx_word' id='word_1_313' title='bbox 1315 3972 1661 4032; x_wconf 82' lang='lat' dir='ltr'><strong>modotuteleinnititur.</strong></span> <span class='ocrx_word' id='word_1_314' title='bbox 1672 3972 1754 4030; x_wconf 85' lang='lat' dir='ltr'><strong>Scia·</strong></span> 
     </span>
     <span class='ocr_line' id='line_1_31' title="bbox 53 4061 1754 4136; baseline -0.001 -16"><span class='ocrx_word' id='word_1_315' title='bbox 53 4064 181 4121; x_wconf 86' lang='lat' dir='ltr'><strong>auditus.</strong></span> <span class='ocrx_word' id='word_1_316' title='bbox 198 4065 230 4120; x_wconf 82' lang='lat' dir='ltr'><strong>lit</strong></span> <span class='ocrx_word' id='word_1_317' title='bbox 245 4063 476 4136; x_wconf 85' lang='lat' dir='ltr'><strong>alienigenarum</strong></span> <span class='ocrx_word' id='word_1_318' title='bbox 494 4062 613 4135; x_wconf 90' lang='lat' dir='ltr'><strong>quidem</strong></span> <span class='ocrx_word' id='word_1_319' title='bbox 628 4062 720 4135; x_wconf 87' lang='lat' dir='ltr'><strong>gestis</strong></span> <span class='ocrx_word' id='word_1_320' title='bbox 735 4078 793 4135; x_wconf 85' lang='lat' dir='ltr'><strong>prae</strong></span> <span class='ocrx_word' id='word_1_321' title='bbox 808 4079 878 4119; x_wconf 90' lang='lat' dir='ltr'><strong>san·</strong></span> <span class='ocrx_word' id='word_1_322' title='bbox 933 4061 972 4117; x_wconf 86' lang='lat' dir='ltr'><strong>tie</strong></span> <span class='ocrx_word' id='word_1_323' title='bbox 987 4063 1074 4118; x_wconf 87' lang='lat' dir='ltr'><strong>ettam</strong></span> <span class='ocrx_word' id='word_1_324' title='bbox 1085 4077 1136 4119; x_wconf 84' lang='lat' dir='ltr'><strong>vos</strong></span> <span class='ocrx_word' id='word_1_325' title='bbox 1147 4062 1309 4134; x_wconf 89' lang='lat' dir='ltr'><strong>priscorum</strong></span> <span class='ocrx_word' id='word_1_326' title='bbox 1321 4062 1441 4120; x_wconf 89' lang='lat' dir='ltr'><strong>heroum</strong></span> <span class='ocrx_word' id='word_1_327' title='bbox 1454 4062 1614 4132; x_wconf 89' lang='lat' dir='ltr'><strong>imitatum,</strong></span> <span class='ocrx_word' id='word_1_328' title='bbox 1630 4065 1668 4129; x_wconf 88' lang='lat' dir='ltr'><strong>et,</strong></span> <span class='ocrx_word' id='word_1_329' title='bbox 1680 4077 1754 4136; x_wconf 91' lang='lat' dir='ltr'><strong>pene</strong></span> 
     </span>
     <span class='ocr_line' id='line_1_32' title="bbox 54 4150 1755 4225; baseline -0.003 -14"><span class='ocrx_word' id='word_1_330' title='bbox 54 4154 162 4211; x_wconf 88' lang='lat' dir='ltr'><strong>utitatis</strong></span> <span class='ocrx_word' id='word_1_331' title='bbox 176 4159 336 4225; x_wconf 85' lang='lat' dir='ltr'><strong>assurgunt</strong></span> <span class='ocrx_word' id='word_1_332' title='bbox 351 4153 522 4223; x_wconf 84' lang='lat' dir='ltr'><strong>reverentia,</strong></span> <span class='ocrx_word' id='word_1_333' title='bbox 537 4152 590 4209; x_wconf 91' lang='lat' dir='ltr'><strong>sed</strong></span> <span class='ocrx_word' id='word_1_334' title='bbox 605 4151 739 4209; x_wconf 89' lang='lat' dir='ltr'><strong>alacriori</strong></span> <span class='ocrx_word' id='word_1_335' title='bbox 755 4151 879 4225; x_wconf 85' lang='lat' dir='ltr'><strong>capion·</strong></span> <span class='ocrx_word' id='word_1_336' title='bbox 931 4150 1008 4221; x_wconf 89' lang='lat' dir='ltr'><strong>dico,</strong></span> <span class='ocrx_word' id='word_1_337' title='bbox 1033 4166 1256 4224; x_wconf 86' lang='lat' dir='ltr'><strong>supergressum</strong></span> <span class='ocrx_word' id='word_1_338' title='bbox 1284 4153 1371 4223; x_wconf 89' lang='lat' dir='ltr'><strong>iacta,</strong></span> <span class='ocrx_word' id='word_1_339' title='bbox 1401 4152 1572 4224; x_wconf 85' lang='lat' dir='ltr'><strong>priusquam</strong></span> <span class='ocrx_word' id='word_1_340' title='bbox 1596 4151 1755 4208; x_wconf 83' lang='lat' dir='ltr'><strong>audissetis</strong></span> 
     </span>
     <span class='ocr_line' id='line_1_33' title="bbox 54 4238 1755 4314; baseline -0.002 -14"><span class='ocrx_word' id='word_1_341' title='bbox 54 4249 102 4300; x_wconf 89' lang='lat' dir='ltr'><strong>tur</strong></span> <span class='ocrx_word' id='word_1_342' title='bbox 119 4243 284 4312; x_wconf 87' lang='lat' dir='ltr'><strong>dulcedine,</strong></span> <span class='ocrx_word' id='word_1_343' title='bbox 305 4241 329 4299; x_wconf 91' lang='lat' dir='ltr'><strong>si</strong></span> <span class='ocrx_word' id='word_1_344' title='bbox 348 4241 476 4313; x_wconf 88' lang='lat' dir='ltr'><strong>alicujus</strong></span> <span class='ocrx_word' id='word_1_345' title='bbox 490 4240 594 4311; x_wconf 88' lang='lat' dir='ltr'><strong>sancti,</strong></span> <span class='ocrx_word' id='word_1_346' title='bbox 616 4240 666 4314; x_wconf 91' lang='lat' dir='ltr'><strong>qni</strong></span> <span class='ocrx_word' id='word_1_347' title='bbox 689 4240 879 4313; x_wconf 84' lang='lat' dir='ltr'><strong>compatriota</strong></span> <span class='ocrx_word' id='word_1_348' title='bbox 931 4239 1082 4297; x_wconf 86' lang='lat' dir='ltr'><strong>vocabula.</strong></span> <span class='ocrx_word' id='word_1_349' title='bbox 1107 4241 1178 4298; x_wconf 90' lang='lat' dir='ltr'><strong>Nam</strong></span> <span class='ocrx_word' id='word_1_350' title='bbox 1205 4244 1238 4297; x_wconf 89' lang='lat' dir='ltr'><strong>ut</strong></span> <span class='ocrx_word' id='word_1_351' title='bbox 1258 4257 1324 4298; x_wconf 89' lang='lat' dir='ltr'><strong>cum</strong></span> <span class='ocrx_word' id='word_1_352' title='bbox 1346 4241 1517 4306; x_wconf 89' lang='lat' dir='ltr'><strong>obtrectare,</strong></span> <span class='ocrx_word' id='word_1_353' title='bbox 1544 4241 1570 4298; x_wconf 92' lang='lat' dir='ltr'><strong>si</strong></span> <span class='ocrx_word' id='word_1_354' title='bbox 1593 4239 1657 4312; x_wconf 86' lang='lat' dir='ltr'><strong>quia</strong></span> <span class='ocrx_word' id='word_1_355' title='bbox 1681 4238 1755 4297; x_wconf 89' lang='lat' dir='ltr'><strong>torta</strong></span> 
     </span>
     <span class='ocr_line' id='line_1_34' title="bbox 54 4327 1754 4403; baseline -0.001 -16"><span class='ocrx_word' id='word_1_356' title='bbox 54 4333 151 4393; x_wconf 86' lang='lat' dir='ltr'><strong>tuerit.</strong></span> <span class='ocrx_word' id='word_1_357' title='bbox 171 4332 231 4387; x_wconf 85' lang='lat' dir='ltr'><strong>vita</strong></span> <span class='ocrx_word' id='word_1_358' title='bbox 250 4330 422 4403; x_wconf 86' lang='lat' dir='ltr'><strong>perducatur</strong></span> <span class='ocrx_word' id='word_1_359' title='bbox 446 4331 475 4387; x_wconf 89' lang='lat' dir='ltr'><strong>in</strong></span> <span class='ocrx_word' id='word_1_360' title='bbox 500 4331 641 4397; x_wconf 87' lang='lat' dir='ltr'><strong>medium,</strong></span> <span class='ocrx_word' id='word_1_361' title='bbox 667 4330 697 4386; x_wconf 92' lang='lat' dir='ltr'><strong>in</strong></span> <span class='ocrx_word' id='word_1_362' title='bbox 719 4346 777 4402; x_wconf 89' lang='lat' dir='ltr'><strong>qua</strong></span> <span class='ocrx_word' id='word_1_363' title='bbox 801 4329 879 4388; x_wconf 92' lang='lat' dir='ltr'><strong>sicut</strong></span> <span class='ocrx_word' id='word_1_364' title='bbox 931 4327 1029 4400; x_wconf 88' lang='lat' dir='ltr'><strong>tuerit,</strong></span> <span class='ocrx_word' id='word_1_365' title='bbox 1054 4330 1196 4388; x_wconf 90' lang='lat' dir='ltr'><strong>audacius</strong></span> <span class='ocrx_word' id='word_1_366' title='bbox 1216 4331 1364 4388; x_wconf 86' lang='lat' dir='ltr'><strong>conteram</strong></span> <span class='ocrx_word' id='word_1_367' title='bbox 1389 4331 1502 4403; x_wconf 90' lang='lat' dir='ltr'><strong>pedem,</strong></span> <span class='ocrx_word' id='word_1_368' title='bbox 1528 4329 1558 4387; x_wconf 92' lang='lat' dir='ltr'><strong>in</strong></span> <span class='ocrx_word' id='word_1_369' title='bbox 1582 4345 1640 4402; x_wconf 92' lang='lat' dir='ltr'><strong>quo</strong></span> <span class='ocrx_word' id='word_1_370' title='bbox 1663 4327 1754 4402; x_wconf 88' lang='lat' dir='ltr'><strong>prisci</strong></span> 
     </span>
     <span class='ocr_line' id='line_1_35' title="bbox 53 4417 1753 4494; baseline -0.001 -16"><span class='ocrx_word' id='word_1_371' title='bbox 53 4438 69 4478; x_wconf 87' lang='lat' dir='ltr'><strong>a</strong></span> <span class='ocrx_word' id='word_1_372' title='bbox 89 4419 209 4492; x_wconf 89' lang='lat' dir='ltr'><strong>speculo</strong></span> <span class='ocrx_word' id='word_1_373' title='bbox 232 4420 438 4493; x_wconf 90' lang='lat' dir='ltr'><strong>conspicuum,</strong></span> <span class='ocrx_word' id='word_1_374' title='bbox 464 4424 495 4476; x_wconf 93' lang='lat' dir='ltr'><strong>ut</strong></span> <span class='ocrx_word' id='word_1_375' title='bbox 519 4421 560 4477; x_wconf 91' lang='lat' dir='ltr'><strong>ita</strong></span> <span class='ocrx_word' id='word_1_376' title='bbox 581 4420 689 4487; x_wconf 87' lang='lat' dir='ltr'><strong>dicam,</strong></span> <span class='ocrx_word' id='word_1_377' title='bbox 717 4422 756 4477; x_wconf 88' lang='lat' dir='ltr'><strong>sit</strong></span> <span class='ocrx_word' id='word_1_378' title='bbox 778 4420 878 4478; x_wconf 85' lang='lat' dir='ltr'><strong>vivum</strong></span> <span class='ocrx_word' id='word_1_379' title='bbox 930 4433 1112 4490; x_wconf 88' lang='lat' dir='ltr'><strong>possessuras</strong></span> <span class='ocrx_word' id='word_1_380' title='bbox 1126 4421 1208 4477; x_wconf 83' lang='lat' dir='ltr'><strong>vobis</strong></span> <span class='ocrx_word' id='word_1_381' title='bbox 1225 4424 1349 4494; x_wconf 90' lang='lat' dir='ltr'><strong>possunt</strong></span> <span class='ocrx_word' id='word_1_382' title='bbox 1364 4419 1555 4493; x_wconf 79' lang='lat' dir='ltr'><strong>preterri‘iln</strong></span> <span class='ocrx_word' id='word_1_383' title='bbox 1572 4417 1753 4494; x_wconf 82' lang='lat' dir='ltr'><strong>ampliandis</strong></span> 
     </span>
     <span class='ocr_line' id='line_1_36' title="bbox 53 4507 1752 4581; baseline 0 -14"><span class='ocrx_word' id='word_1_384' title='bbox 53 4508 204 4581; x_wconf 89' lang='lat' dir='ltr'><strong>religionis</strong></span> <span class='ocrx_word' id='word_1_385' title='bbox 216 4507 421 4566; x_wconf 87' lang='lat' dir='ltr'><strong>simulacrum.</strong></span> <span class='ocrx_word' id='word_1_386' title='bbox 437 4510 555 4567; x_wconf 81' lang='lat' dir='ltr'><strong>Accedit</strong></span> <span class='ocrx_word' id='word_1_387' title='bbox 567 4508 643 4566; x_wconf 93' lang='lat' dir='ltr'><strong>enim</strong></span> <span class='ocrx_word' id='word_1_388' title='bbox 651 4509 792 4581; x_wconf 80' lang='lat' dir='ltr'><strong>jucundae</strong></span> <span class='ocrx_word' id='word_1_389' title='bbox 803 4509 876 4566; x_wconf 91' lang='lat' dir='ltr'><strong>rcla·</strong></span> <span class='ocrx_word' id='word_1_390' title='bbox 931 4510 1135 4580; x_wconf 70' lang='lat' dir='ltr'><strong>patrimoniis?</strong></span> <span class='ocrx_word' id='word_1_391' title='bbox 1150 4512 1186 4567; x_wconf 82' lang='lat' dir='ltr'><strong>ar</strong></span> <span class='ocrx_word' id='word_1_392' title='bbox 1199 4527 1250 4568; x_wconf 84' lang='lat' dir='ltr'><strong>vos</strong></span> <span class='ocrx_word' id='word_1_393' title='bbox 1264 4515 1293 4567; x_wconf 90' lang='lat' dir='ltr'><strong>et</strong></span> <span class='ocrx_word' id='word_1_394' title='bbox 1303 4509 1415 4567; x_wconf 90' lang='lat' dir='ltr'><strong>dudum</strong></span> <span class='ocrx_word' id='word_1_395' title='bbox 1434 4508 1586 4568; x_wconf 87' lang='lat' dir='ltr'><strong>eliminata</strong></span> <span class='ocrx_word' id='word_1_396' title='bbox 1600 4509 1752 4576; x_wconf 87' lang='lat' dir='ltr'><strong>reducitis,</strong></span> 
     </span>
     <span class='ocr_line' id='line_1_37' title="bbox 53 4597 1754 4672; baseline -0.001 -16"><span class='ocrx_word' id='word_1_397' title='bbox 53 4598 125 4656; x_wconf 86' lang='lat' dir='ltr'><strong>linui</strong></span> <span class='ocrx_word' id='word_1_398' title='bbox 137 4597 349 4669; x_wconf 86' lang='lat' dir='ltr'><strong>propinquitas,</strong></span> <span class='ocrx_word' id='word_1_399' title='bbox 370 4614 406 4655; x_wconf 90' lang='lat' dir='ltr'><strong>ne</strong></span> <span class='ocrx_word' id='word_1_400' title='bbox 417 4597 526 4669; x_wconf 89' lang='lat' dir='ltr'><strong>aliquis</strong></span> <span class='ocrx_word' id='word_1_401' title='bbox 540 4600 672 4671; x_wconf 87' lang='lat' dir='ltr'><strong>desperet</strong></span> <span class='ocrx_word' id='word_1_402' title='bbox 687 4616 703 4655; x_wconf 92' lang='lat' dir='ltr'><strong>a</strong></span> <span class='ocrx_word' id='word_1_403' title='bbox 718 4614 749 4655; x_wconf 91' lang='lat' dir='ltr'><strong>ss</strong></span> <span class='ocrx_word' id='word_1_404' title='bbox 765 4600 876 4672; x_wconf 75' lang='lat' dir='ltr'><strong>perlici</strong></span> <span class='ocrx_word' id='word_1_405' title='bbox 931 4598 1068 4655; x_wconf 83' lang='lat' dir='ltr'><strong>athabita</strong></span> <span class='ocrx_word' id='word_1_406' title='bbox 1078 4599 1222 4657; x_wconf 87' lang='lat' dir='ltr'><strong>industria</strong></span> <span class='ocrx_word' id='word_1_407' title='bbox 1235 4599 1334 4658; x_wconf 88' lang='lat' dir='ltr'><strong>solerti</strong></span> <span class='ocrx_word' id='word_1_408' title='bbox 1346 4599 1518 4658; x_wconf 88' lang='lat' dir='ltr'><strong>cumulatis.</strong></span> <span class='ocrx_word' id='word_1_409' title='bbox 1528 4599 1558 4656; x_wconf 91' lang='lat' dir='ltr'><strong>tn</strong></span> <span class='ocrx_word' id='word_1_410' title='bbox 1568 4599 1754 4656; x_wconf 79' lang='lat' dir='ltr'><strong>exstruendis</strong></span> 
     </span>
     <span class='ocr_line' id='line_1_38' title="bbox 52 4661 1753 4762; baseline 0.001 -19"><span class='ocrx_word' id='word_1_411' title='bbox 52 4685 178 4760; x_wconf 86' lang='lat' dir='ltr'><strong>gratiam</strong></span> <span class='ocrx_word' id='word_1_412' title='bbox 194 4685 255 4741; x_wconf 83' lang='lat' dir='ltr'><strong>ireri</strong></span> <span class='ocrx_word' id='word_1_413' title='bbox 271 4702 367 4757; x_wconf 84' lang='lat' dir='ltr'><strong>posse,</strong></span> <span class='ocrx_word' id='word_1_414' title='bbox 382 4686 458 4758; x_wconf 87' lang='lat' dir='ltr'><strong>quod</strong></span> <span class='ocrx_word' id='word_1_415' title='bbox 474 4687 556 4743; x_wconf 87' lang='lat' dir='ltr'><strong>audit</strong></span> <span class='ocrx_word' id='word_1_416' title='bbox 572 4686 609 4742; x_wconf 90' lang='lat' dir='ltr'><strong>ab</strong></span> <span class='ocrx_word' id='word_1_417' title='bbox 622 4686 680 4743; x_wconf 90' lang='lat' dir='ltr'><strong>alio</strong></span> <span class='ocrx_word' id='word_1_418' title='bbox 695 4688 731 4742; x_wconf 89' lang='lat' dir='ltr'><strong>de</strong></span> <span class='ocrx_word' id='word_1_419' title='bbox 745 4661 913 4758; x_wconf 78' lang='lat' dir='ltr'><strong>prouimoc</strong></span> <span class='ocrx_word' id='word_1_420' title='bbox 932 4687 1082 4744; x_wconf 76' lang='lat' dir='ltr'><strong>edificiis?</strong></span> <span class='ocrx_word' id='word_1_421' title='bbox 1094 4688 1182 4760; x_wconf 86' lang='lat' dir='ltr'><strong>Atqui</strong></span> <span class='ocrx_word' id='word_1_422' title='bbox 1198 4695 1339 4762; x_wconf 89' lang='lat' dir='ltr'><strong>quantum</strong></span> <span class='ocrx_word' id='word_1_423' title='bbox 1355 4690 1385 4746; x_wconf 91' lang='lat' dir='ltr'><strong>tn</strong></span> <span class='ocrx_word' id='word_1_424' title='bbox 1399 4706 1434 4747; x_wconf 92' lang='lat' dir='ltr'><strong>ea</strong></span> <span class='ocrx_word' id='word_1_425' title='bbox 1448 4705 1479 4746; x_wconf 88' lang='lat' dir='ltr'><strong>re</strong></span> <span class='ocrx_word' id='word_1_426' title='bbox 1493 4689 1631 4745; x_wconf 87' lang='lat' dir='ltr'><strong>omnibns</strong></span> <span class='ocrx_word' id='word_1_427' title='bbox 1645 4687 1753 4761; x_wconf 82' lang='lat' dir='ltr'><strong>prede·</strong></span> 
     </span>
     <span class='ocr_line' id='line_1_39' title="bbox 53 4773 1752 4850; baseline 0.001 -18"><span class='ocrx_word' id='word_1_428' title='bbox 53 4777 162 4832; x_wconf 87' lang='lat' dir='ltr'><strong>tactum</strong></span> <span class='ocrx_word' id='word_1_429' title='bbox 173 4773 274 4831; x_wconf 86' lang='lat' dir='ltr'><strong>tuisse.</strong></span> <span class='ocrx_word' id='word_1_430' title='bbox 286 4773 575 4831; x_wconf 81' lang='lat' dir='ltr'><strong>Undeaicutnstimu</strong></span> <span class='ocrx_word' id='word_1_431' title='bbox 587 4791 644 4832; x_wconf 95' lang='lat' dir='ltr'><strong>non</strong></span> <span class='ocrx_word' id='word_1_432' title='bbox 655 4777 876 4835; x_wconf 83' lang='lat' dir='ltr'><strong>contemnenda</strong></span> <span class='ocrx_word' id='word_1_433' title='bbox 932 4776 1097 4835; x_wconf 83' lang='lat' dir='ltr'><strong>sessoribus</strong></span> <span class='ocrx_word' id='word_1_434' title='bbox 1113 4779 1275 4850; x_wconf 85' lang='lat' dir='ltr'><strong>emineatis,</strong></span> <span class='ocrx_word' id='word_1_435' title='bbox 1298 4779 1404 4836; x_wconf 91' lang='lat' dir='ltr'><strong>melius</strong></span> <span class='ocrx_word' id='word_1_436' title='bbox 1419 4777 1595 4835; x_wconf 88' lang='lat' dir='ltr'><strong>monstrabit</strong></span> <span class='ocrx_word' id='word_1_437' title='bbox 1615 4774 1752 4833; x_wconf 86' lang='lat' dir='ltr'><strong>mirantia</strong></span> 
     </span>
     <span class='ocr_line' id='line_1_40' title="bbox 52 4863 1752 4940; baseline 0.001 -19"><span class='ocrx_word' id='word_1_438' title='bbox 52 4863 160 4936; x_wconf 72' lang='lat' dir='ltr'><strong>stylum</strong></span> <span class='ocrx_word' id='word_1_439' title='bbox 180 4864 245 4920; x_wconf 89' lang='lat' dir='ltr'><strong>dedi</strong></span> <span class='ocrx_word' id='word_1_440' title='bbox 262 4879 365 4935; x_wconf 81' lang='lat' dir='ltr'><strong>opere,</strong></span> <span class='ocrx_word' id='word_1_441' title='bbox 381 4863 432 4935; x_wconf 90' lang='lat' dir='ltr'><strong>qui</strong></span> <span class='ocrx_word' id='word_1_442' title='bbox 447 4864 522 4920; x_wconf 87' lang='lat' dir='ltr'><strong>beati</strong></span> <span class='ocrx_word' id='word_1_443' title='bbox 538 4863 695 4934; x_wconf 79' lang='lat' dir='ltr'><strong>liunstani,</strong></span> <span class='ocrx_word' id='word_1_444' title='bbox 714 4866 797 4937; x_wconf 90' lang='lat' dir='ltr'><strong>prius</strong></span> <span class='ocrx_word' id='word_1_445' title='bbox 813 4866 878 4924; x_wconf 88' lang='lat' dir='ltr'><strong>Gla·</strong></span> <span class='ocrx_word' id='word_1_446' title='bbox 930 4868 1049 4940; x_wconf 90' lang='lat' dir='ltr'><strong>digitus,</strong></span> <span class='ocrx_word' id='word_1_447' title='bbox 1066 4883 1155 4940; x_wconf 88' lang='lat' dir='ltr'><strong>quam</strong></span> <span class='ocrx_word' id='word_1_448' title='bbox 1171 4867 1319 4926; x_wconf 88' lang='lat' dir='ltr'><strong>laudantis</strong></span> <span class='ocrx_word' id='word_1_449' title='bbox 1329 4868 1444 4927; x_wconf 89' lang='lat' dir='ltr'><strong>titulus.</strong></span> <span class='ocrx_word' id='word_1_450' title='bbox 1457 4868 1489 4925; x_wconf 95' lang='lat' dir='ltr'><strong>ln</strong></span> <span class='ocrx_word' id='word_1_451' title='bbox 1506 4883 1575 4939; x_wconf 90' lang='lat' dir='ltr'><strong>paoe</strong></span> <span class='ocrx_word' id='word_1_452' title='bbox 1589 4863 1752 4923; x_wconf 89' lang='lat' dir='ltr'><strong>incolarum</strong></span> 
     </span>
     <span class='ocr_line' id='line_1_41' title="bbox 52 4952 1751 5029; baseline -0.001 -19"><span class='ocrx_word' id='word_1_453' title='bbox 52 4954 210 5011; x_wconf 86' lang='lat' dir='ltr'><strong>stoniensis</strong></span> <span class='ocrx_word' id='word_1_454' title='bbox 233 4953 360 5019; x_wconf 88' lang='lat' dir='ltr'><strong>abbatis,</strong></span> <span class='ocrx_word' id='word_1_455' title='bbox 380 4953 500 5009; x_wconf 90' lang='lat' dir='ltr'><strong>demum</strong></span> <span class='ocrx_word' id='word_1_456' title='bbox 520 4952 732 5027; x_wconf 86' lang='lat' dir='ltr'><strong>archiepiscopi</strong></span> <span class='ocrx_word' id='word_1_457' title='bbox 752 4954 875 5013; x_wconf 83' lang='lat' dir='ltr'><strong>Cautus·</strong></span> <span class='ocrx_word' id='word_1_458' title='bbox 929 4957 1057 5016; x_wconf 76' lang='lat' dir='ltr'><strong>tuenda?</strong></span> <span class='ocrx_word' id='word_1_459' title='bbox 1075 4957 1130 5015; x_wconf 89' lang='lat' dir='ltr'><strong>Sed</strong></span> <span class='ocrx_word' id='word_1_460' title='bbox 1154 4974 1216 5029; x_wconf 84' lang='lat' dir='ltr'><strong>vna,</strong></span> <span class='ocrx_word' id='word_1_461' title='bbox 1242 4958 1371 5016; x_wconf 89' lang='lat' dir='ltr'><strong>nominis</strong></span> <span class='ocrx_word' id='word_1_462' title='bbox 1386 4957 1474 5016; x_wconf 90' lang='lat' dir='ltr'><strong>vestri</strong></span> <span class='ocrx_word' id='word_1_463' title='bbox 1495 4957 1632 5024; x_wconf 86' lang='lat' dir='ltr'><strong>umbone,</strong></span> <span class='ocrx_word' id='word_1_464' title='bbox 1649 4968 1751 5011; x_wconf 86' lang='lat' dir='ltr'><strong>omnes</strong></span> 
     </span>
    </p>
   </div>
   <div class='ocr_carea' id='block_1_9' title="bbox 52 5040 1874 5121">
    <p class='ocr_par' dir='ltr' id='par_1_10' title="bbox 52 5040 1874 5121">
     <span class='ocr_line' id='line_1_42' title="bbox 52 5040 1874 5121; baseline 0 -22"><span class='ocrx_word' id='word_1_465' title='bbox 52 5043 168 5112; x_wconf 87' lang='lat' dir='ltr'><strong>riensis,</strong></span> <span class='ocrx_word' id='word_1_466' title='bbox 193 5042 280 5099; x_wconf 87' lang='lat' dir='ltr'><strong>vitam</strong></span> <span class='ocrx_word' id='word_1_467' title='bbox 307 5040 406 5099; x_wconf 90' lang='lat' dir='ltr'><strong>labore</strong></span> <span class='ocrx_word' id='word_1_468' title='bbox 429 5057 492 5098; x_wconf 90' lang='lat' dir='ltr'><strong>meo</strong></span> <span class='ocrx_word' id='word_1_469' title='bbox 515 5047 629 5099; x_wconf 79' lang='lat' dir='ltr'><strong>aterne</strong></span> <span class='ocrx_word' id='word_1_470' title='bbox 655 5042 790 5100; x_wconf 86' lang='lat' dir='ltr'><strong>mandavi</strong></span> <span class='ocrx_word' id='word_1_471' title='bbox 819 5060 876 5102; x_wconf 91' lang='lat' dir='ltr'><strong>me·</strong></span> <span class='ocrx_word' id='word_1_472' title='bbox 928 5047 1235 5120; x_wconf 75' lang='lat' dir='ltr'><strong>predonesdejicitis5</strong></span> <span class='ocrx_word' id='word_1_473' title='bbox 1253 5048 1350 5106; x_wconf 81' lang='lat' dir='ltr'><strong>vultus</strong></span> <span class='ocrx_word' id='word_1_474' title='bbox 1368 5048 1522 5121; x_wconf 89' lang='lat' dir='ltr'><strong>splendore</strong></span> <span class='ocrx_word' id='word_1_475' title='bbox 1540 5044 1749 5103; x_wconf 83' lang='lat' dir='ltr'><strong>nebulasmoe·</strong></span> <span class='ocrx_word' id='word_1_476' title='bbox 1869 5084 1874 5092; x_wconf 86' lang='lat'><strong>.</strong></span> 
     </span>
    </p>
   </div>
   <div class='ocr_carea' id='block_1_10' title="bbox 51 5130 1751 5569">
    <p class='ocr_par' dir='ltr' id='par_1_11' title="bbox 51 5130 1751 5569">
     <span class='ocr_line' id='line_1_43' title="bbox 52 5130 1750 5210; baseline 0.001 -23"><span class='ocrx_word' id='word_1_477' title='bbox 52 5131 161 5197; x_wconf 77' lang='lat' dir='ltr'><strong>morie,</strong></span> <span class='ocrx_word' id='word_1_478' title='bbox 182 5131 313 5204; x_wconf 88' lang='lat' dir='ltr'><strong>duosque</strong></span> <span class='ocrx_word' id='word_1_479' title='bbox 331 5130 418 5189; x_wconf 86' lang='lat' dir='ltr'><strong>libros</strong></span> <span class='ocrx_word' id='word_1_480' title='bbox 433 5134 468 5189; x_wconf 91' lang='lat' dir='ltr'><strong>de</strong></span> <span class='ocrx_word' id='word_1_481' title='bbox 492 5132 557 5202; x_wconf 90' lang='lat' dir='ltr'><strong>boo,</strong></span> <span class='ocrx_word' id='word_1_482' title='bbox 576 5132 742 5190; x_wconf 85' lang='lat' dir='ltr'><strong>volentibus</strong></span> <span class='ocrx_word' id='word_1_483' title='bbox 763 5133 875 5192; x_wconf 87' lang='lat' dir='ltr'><strong>Gtasto·</strong></span> <span class='ocrx_word' id='word_1_484' title='bbox 927 5137 1015 5194; x_wconf 74' lang='lat' dir='ltr'><strong>stitia</strong></span> <span class='ocrx_word' id='word_1_485' title='bbox 1040 5137 1230 5210; x_wconf 85' lang='lat' dir='ltr'><strong>propulsatis,</strong></span> <span class='ocrx_word' id='word_1_486' title='bbox 1251 5138 1394 5196; x_wconf 85' lang='lat' dir='ltr'><strong>sermonis</strong></span> <span class='ocrx_word' id='word_1_487' title='bbox 1415 5135 1570 5210; x_wconf 88' lang='lat' dir='ltr'><strong>prudentia</strong></span> <span class='ocrx_word' id='word_1_488' title='bbox 1584 5132 1750 5191; x_wconf 88' lang='lat' dir='ltr'><strong>calumnias</strong></span> 
     </span>
     <span class='ocr_line' id='line_1_44' title="bbox 52 5219 1751 5300; baseline 0.001 -24"><span class='ocrx_word' id='word_1_489' title='bbox 52 5220 107 5276; x_wconf 82' lang='lat' dir='ltr'><strong>niae</strong></span> <span class='ocrx_word' id='word_1_490' title='bbox 124 5219 264 5276; x_wconf 87' lang='lat' dir='ltr'><strong>iratribus</strong></span> <span class='ocrx_word' id='word_1_491' title='bbox 280 5219 349 5276; x_wconf 84' lang='lat' dir='ltr'><strong>filiis</strong></span> <span class='ocrx_word' id='word_1_492' title='bbox 364 5220 478 5290; x_wconf 85' lang='lat' dir='ltr'><strong>vestris,</strong></span> <span class='ocrx_word' id='word_1_493' title='bbox 500 5219 628 5278; x_wconf 92' lang='lat' dir='ltr'><strong>dominis</strong></span> <span class='ocrx_word' id='word_1_494' title='bbox 643 5226 673 5278; x_wconf 90' lang='lat' dir='ltr'><strong>et</strong></span> <span class='ocrx_word' id='word_1_495' title='bbox 687 5222 775 5280; x_wconf 90' lang='lat' dir='ltr'><strong>sooils</strong></span> <span class='ocrx_word' id='word_1_496' title='bbox 792 5225 873 5293; x_wconf 82' lang='lat' dir='ltr'><strong>meis,</strong></span> <span class='ocrx_word' id='word_1_497' title='bbox 929 5229 1109 5299; x_wconf 85' lang='lat' dir='ltr'><strong>litigatorum</strong></span> <span class='ocrx_word' id='word_1_498' title='bbox 1134 5229 1278 5286; x_wconf 90' lang='lat' dir='ltr'><strong>enodatis.</strong></span> <span class='ocrx_word' id='word_1_499' title='bbox 1301 5232 1333 5285; x_wconf 92' lang='lat' dir='ltr'><strong>ln</strong></span> <span class='ocrx_word' id='word_1_500' title='bbox 1357 5227 1497 5300; x_wconf 88' lang='lat' dir='ltr'><strong>religione</strong></span> <span class='ocrx_word' id='word_1_501' title='bbox 1520 5223 1751 5283; x_wconf 78' lang='lat' dir='ltr'><strong>monachorum?</strong></span> 
     </span>
     <span class='ocr_line' id='line_1_45' title="bbox 51 5308 1749 5390; baseline 0.001 -24"><span class='ocrx_word' id='word_1_502' title='bbox 51 5310 163 5366; x_wconf 91' lang='lat' dir='ltr'><strong>dudum</strong></span> <span class='ocrx_word' id='word_1_503' title='bbox 179 5308 292 5381; x_wconf 88' lang='lat' dir='ltr'><strong>integra</strong></span> <span class='ocrx_word' id='word_1_504' title='bbox 314 5327 412 5367; x_wconf 92' lang='lat' dir='ltr'><strong>rerum</strong></span> <span class='ocrx_word' id='word_1_505' title='bbox 437 5313 559 5367; x_wconf 84' lang='lat' dir='ltr'><strong>veritate</strong></span> <span class='ocrx_word' id='word_1_506' title='bbox 581 5311 704 5369; x_wconf 79' lang='lat' dir='ltr'><strong>absolut.</strong></span> <span class='ocrx_word' id='word_1_507' title='bbox 720 5312 873 5371; x_wconf 89' lang='lat' dir='ltr'><strong>Verumta·</strong></span> <span class='ocrx_word' id='word_1_508' title='bbox 928 5317 996 5382; x_wconf 82' lang='lat' dir='ltr'><strong>Oura</strong></span> <span class='ocrx_word' id='word_1_509' title='bbox 1010 5332 1079 5374; x_wconf 91' lang='lat' dir='ltr'><strong>cum</strong></span> <span class='ocrx_word' id='word_1_510' title='bbox 1095 5331 1209 5389; x_wconf 88' lang='lat' dir='ltr'><strong>semper</strong></span> <span class='ocrx_word' id='word_1_511' title='bbox 1224 5317 1265 5373; x_wconf 89' lang='lat' dir='ltr'><strong>ita</strong></span> <span class='ocrx_word' id='word_1_512' title='bbox 1279 5316 1337 5374; x_wconf 88' lang='lat' dir='ltr'><strong>Deo</strong></span> <span class='ocrx_word' id='word_1_513' title='bbox 1348 5316 1471 5390; x_wconf 88' lang='lat' dir='ltr'><strong>propitio</strong></span> <span class='ocrx_word' id='word_1_514' title='bbox 1487 5315 1591 5372; x_wconf 84' lang='lat' dir='ltr'><strong>vestris</strong></span> <span class='ocrx_word' id='word_1_515' title='bbox 1604 5312 1749 5386; x_wconf 88' lang='lat' dir='ltr'><strong>tempori·</strong></span> 
     </span>
     <span class='ocr_line' id='line_1_46' title="bbox 52 5398 1750 5479; baseline 0.002 -24"><span class='ocrx_word' id='word_1_516' title='bbox 52 5414 121 5455; x_wconf 89' lang='lat' dir='ltr'><strong>men</strong></span> <span class='ocrx_word' id='word_1_517' title='bbox 137 5413 172 5453; x_wconf 90' lang='lat' dir='ltr'><strong>no</strong></span> <span class='ocrx_word' id='word_1_518' title='bbox 187 5398 256 5470; x_wconf 90' lang='lat' dir='ltr'><strong>quid</strong></span> <span class='ocrx_word' id='word_1_519' title='bbox 272 5398 437 5456; x_wconf 89' lang='lat' dir='ltr'><strong>sedulitatis</strong></span> <span class='ocrx_word' id='word_1_520' title='bbox 449 5416 516 5456; x_wconf 81' lang='lat' dir='ltr'><strong>men</strong></span> <span class='ocrx_word' id='word_1_521' title='bbox 527 5400 603 5457; x_wconf 89' lang='lat' dir='ltr'><strong>desit</strong></span> <span class='ocrx_word' id='word_1_522' title='bbox 618 5401 723 5469; x_wconf 87' lang='lat' dir='ltr'><strong>otticio,</strong></span> <span class='ocrx_word' id='word_1_523' title='bbox 740 5403 871 5474; x_wconf 72' lang='lat' dir='ltr'><strong>eiusdem</strong></span> <span class='ocrx_word' id='word_1_524' title='bbox 928 5407 982 5464; x_wconf 90' lang='lat' dir='ltr'><strong>bus</strong></span> <span class='ocrx_word' id='word_1_525' title='bbox 996 5406 1089 5476; x_wconf 84' lang='lat' dir='ltr'><strong>floret,</strong></span> <span class='ocrx_word' id='word_1_526' title='bbox 1106 5411 1138 5462; x_wconf 90' lang='lat' dir='ltr'><strong>ut</strong></span> <span class='ocrx_word' id='word_1_527' title='bbox 1151 5407 1251 5464; x_wconf 77' lang='lat' dir='ltr'><strong>intotis</strong></span> <span class='ocrx_word' id='word_1_528' title='bbox 1263 5407 1335 5464; x_wconf 80' lang='lat' dir='ltr'><strong>liuor</strong></span> <span class='ocrx_word' id='word_1_529' title='bbox 1345 5406 1456 5479; x_wconf 90' lang='lat' dir='ltr'><strong>aliquid</strong></span> <span class='ocrx_word' id='word_1_530' title='bbox 1468 5404 1619 5462; x_wconf 90' lang='lat' dir='ltr'><strong>sinistrum</strong></span> <span class='ocrx_word' id='word_1_531' title='bbox 1634 5404 1670 5459; x_wconf 93' lang='lat' dir='ltr'><strong>de</strong></span> <span class='ocrx_word' id='word_1_532' title='bbox 1685 5403 1750 5474; x_wconf 88' lang='lat' dir='ltr'><strong>ipsa</strong></span> 
     </span>
     <span class='ocr_line' id='line_1_47' title="bbox 51 5490 1751 5569; baseline -0.001 -20"><span class='ocrx_word' id='word_1_533' title='bbox 51 5490 292 5549; x_wconf 81' lang='lat' dir='ltr'><strong>coctosiaevestre</strong></span> <span class='ocrx_word' id='word_1_534' title='bbox 303 5490 503 5549; x_wconf 91' lang='lat' dir='ltr'><strong>rudimentum</strong></span> <span class='ocrx_word' id='word_1_535' title='bbox 516 5496 545 5549; x_wconf 91' lang='lat' dir='ltr'><strong>et</strong></span> <span class='ocrx_word' id='word_1_536' title='bbox 554 5510 725 5566; x_wconf 88' lang='lat' dir='ltr'><strong>processum</strong></span> <span class='ocrx_word' id='word_1_537' title='bbox 737 5496 767 5552; x_wconf 94' lang='lat' dir='ltr'><strong>in</strong></span> <span class='ocrx_word' id='word_1_538' title='bbox 783 5495 873 5569; x_wconf 74' lang='lat' dir='ltr'><strong>butus</strong></span> <span class='ocrx_word' id='word_1_539' title='bbox 927 5496 1083 5554; x_wconf 76' lang='lat' dir='ltr'><strong>erubescat</strong></span> <span class='ocrx_word' id='word_1_540' title='bbox 1096 5496 1271 5569; x_wconf 85' lang='lat' dir='ltr'><strong>contingere.</strong></span> <span class='ocrx_word' id='word_1_541' title='bbox 1287 5495 1404 5553; x_wconf 81' lang='lat' dir='ltr'><strong>Accedit</strong></span> <span class='ocrx_word' id='word_1_542' title='bbox 1419 5493 1553 5568; x_wconf 87' lang='lat' dir='ltr'><strong>publicus</strong></span> <span class='ocrx_word' id='word_1_543' title='bbox 1570 5508 1653 5551; x_wconf 91' lang='lat' dir='ltr'><strong>amor</strong></span> <span class='ocrx_word' id='word_1_544' title='bbox 1675 5491 1751 5564; x_wconf 83' lang='lat' dir='ltr'><strong>ipso·</strong></span> 
     </span>
    </p>
   </div>
   <div class='ocr_carea' id='block_1_11' title="bbox 0 0 1890 6006">
    <p class='ocr_par' dir='ltr' id='par_1_12' title="bbox 0 0 1890 6006">
     <span class='ocr_line' id='line_1_48' title="bbox 0 0 1890 6006; baseline 0 3"><span class='ocrx_word' id='word_1_545' title='bbox 0 0 1890 6006; x_wconf 95' lang='lat' dir='ltr'><strong> </strong></span> 
     </span>
    </p>
   </div>
  </div>
 </body>
</html>
