3772 6006
161 224 238 291 1639
617 216 818 279 wtbttittss
841 208 1211 276 ueuuuseueturtsts
1232 211 1407 279 nonaum
1803 214 1870 276 ibid

158 362 188 417 et
200 356 372 432 promptior,
388 352 500 411 veiflde
510 351 616 410 rectior
629 359 657 409 et
667 350 855 425 probabilior,
865 344 1023 414 velvitaA
1039 346 1120 404 omni
1136 363 1258 408 munere
1277 345 1462 408 secularium
1490 344 1691 404 functionum
1707 346 1872 406 efficiuntur

157 448 286 506 sanctior
299 449 328 503 et
343 443 498 518 perfectior
511 442 586 499 fuit:
603 440 677 514 [qui]
690 441 797 498 faceret
811 438 983 509 omniaque
1041 433 1198 508 immunes,
1211 437 1289 495 sicut
1298 435 1491 511 professionis
1498 451 1603 493 eornm
1616 434 1729 506 regula
1740 441 1871 508 protem

154 541 256 595 sancta
273 537 475 606 diceretque
491 529 634 589 catholiea
650 550 658 599 3
680 546 733 587 nen
749 530 840 586 ullius
861 531 982 584 terrene
1036 528 1094 594 tur,
1110 527 1435 601 Deopenituavacente
1450 527 1561 598 atejus
1577 525 1683 583 solius
1699 527 1762 583 sint
1774 528 1868 586 intenti

153 625 307 699 potestatis
324 626 403 680 metu
420 624 611 694 premeretur.
628 619 759 691 Denique
774 618 979 688 imperatorem
1034 625 1161 694 servitio,
1177 643 1230 698 pm
1242 626 1501 699 cujugmajagtiiifl
1517 624 1697 683 reverentia
1711 642 1772 683 non
1787 627 1868 685 5010„

154 709 717 784 Constantinopolitanumcontrafldem
724 706 903 765 catholicam
915 721 980 777 ger·
1034 713 1071 769 ab
1082 715 1219 771 oneribus
1233 714 1438 788 temporalium
1455 715 1605 770 ditionum
1617 719 1699 770 eunt
1714 712 1866 785 libaima

152 805 276 860 rientem
285 801 376 873 puittftl
388 796 979 866 senienilltiaittcondemnavii3eodemque
1033 803 1120 859 eiiam
1136 820 1236 861 nmopn
1251 804 1401 877 religionis
1413 804 1540 860 maximo
1556 802 1680 860 honore
1696 809 1772 860 nunt
1785 806 1864 878 digni,

154 889 461 960 discrimineproceres
471 888 696 954 consentaneos,
707 885 733 940 si
750 899 808 940 non
826 882 977 953 resipisce·
1034 890 1117 949 Unda
1132 898 1296 966 ponentes
1307 895 1391 952 nonis
1407 891 1549 966 religione
1564 897 1688 960 vesti-a,
1701 898 1737 949 ut
1753 897 1863 952 gum

31 972 35 977 ¹
152 982 228 1045 reni,
245 976 376 1035 involvit.
402 977 534 1042 Ouanias
549 974 598 1030 ille
619 978 736 1046 impiet
765 973 820 1029 110⁰
836 970 977 1044 0p5⁵i⁰l⁸⁸
1032 979 1125 1035 nostri
1140 981 1218 1037 beati
1243 981 1319 1038 Petri
1335 981 1534 1053 apostolorum
1558 980 1718 1054 principis
1739 983 1809 1047 vioe,
1822 984 1860 1039 eni

151 1066 568 1143 scripserit,quantoslabnres
584 1064 744 1137 pertulerit,
755 1062 817 1119 aiis
830 1063 975 1119 volentem
1031 1068 1147 1124 creator
1163 1073 1192 1125 et
1206 1070 1383 1143 Redemptor
1399 1074 1497 1127 noster
1513 1068 1669 1126 Dominus
1685 1071 1777 1127 iesus
1790 1071 1860 1128 Chri

149 1155 517 1230 scirelittareeidocebunti.
530 1156 587 1226 lugo
605 1155 640 1209 ad
655 1153 820 1210 aldelmum
839 1165 973 1221 recorr03
1031 1159 1095 1212 stus
1110 1156 1203 1214 claves
1219 1157 1330 1230 ligandi
1350 1156 1583 1230 etquoeolvendi
1601 1157 1633 1213 in
1653 1158 1733 1216 coelo
1747 1160 1857 1232 atqnmu

151 1243 974 1321 quipontificisinJuriaecompassusadanimem,oeueam
1029 1248 1109 1302 terra
1123 1246 1471 1319 dignatusestimpertire
1483 1265 1491 1314 3
1502 1248 1593 1318 cujus
1604 1255 1633 1303 et
1653 1264 1714 1304 nos
1733 1248 1799 1305 licet
1813 1249 1856 1306 im·

150 1338 341 1395 fluctuantem
357 1335 476 1408 quantis
497 1333 590 1405 potnit
605 1332 749 1388 facundie
771 1330 883 1387 viribus
898 1330 973 1402 apud
1029 1350 1114 1404 pares
1139 1336 1302 1392 ministerio
1323 1335 1483 1407 fungimur,
1499 1339 1528 1392 et
1548 1335 1728 1392 Ecclesiam
1743 1337 1853 1409 ejusde

148 1424 476 1500 populumegii.Turpe
486 1439 550 1479 esee
561 1426 589 1479 el
601 1420 779 1490 miserabile,
791 1427 822 1476 ui
833 1419 890 1493 ipei
900 1434 973 1491 pon·
1028 1423 1196 1495 dignatione
1224 1425 1410 1497 disponimus
1432 1440 1439 1479 :
1464 1425 1692 1482 monasterium
1718 1426 1852 1484 beatorum

147 1517 254 1574 tifieem
267 1531 354 1571 suum
372 1512 540 1584 suspicione
556 1511 711 1568 criminum
727 1510 885 1566 incessant.
898 1505 972 1572 Ouid
1027 1514 1225 1586 apostolorum
1242 1515 1318 1571 Petri
1333 1520 1361 1571 et
1373 1514 1465 1581 Pauli,
1477 1515 1557 1585 quod
1570 1514 1712 1572 Meldum
1729 1519 1851 1591 religiose

148 1606 289 1663 momenti
306 1604 384 1677 apud
399 1603 553 1659 Britannos
567 1601 610 1658 vei
625 1601 714 1658 aliam
729 1603 856 1672 gentem,
873 1599 899 1654 si
915 1613 972 1668 que
1029 1603 1849 1679 memoriecondidit,quodetiamnancMsldnmesbnrge

147 1692 224 1749 ultra
235 1692 383 1748 Oceanum
393 1691 482 1761 jacet,
494 1689 652 1745 habiturus
663 1688 701 1744 sit
718 1687 849 1759 pontifex
870 1686 970 1743 llome·
987 1663 1157 1761 Bvocatur,
1174 1693 1264 1748 situm
1280 1693 1310 1750 in
1327 1692 1478 1765 provincia
1502 1692 1658 1759 Saxonia;
1677 1698 1768 1768 atque
1784 1696 1848 1752 aliud

147 1798 219 1850 nus;
231 1780 279 1851 qui
289 1798 306 1836 a
316 1781 378 1838 suis
389 1781 550 1852 impetatur
559 1778 674 1834 civibus
685 1777 859 1833 iPustremu
869 1790 968 1831 verum
1026 1782 1251 1850 monesterium,
1264 1782 1341 1853 quod
1351 1781 1381 1837 iu
1392 1781 1847 1856 bonoresanctisdoannialtepti·

145 1872 324 1937 nonvideri3
343 1874 375 1925 ut
392 1868 458 1925 talis
475 1866 587 1941 peccati
605 1864 798 1939 aeimpediret
806 1864 968 1935 volutabro,
1011 1876 1077 1929 nin
1097 1876 1141 1930 ast
1156 1873 1186 1929 in
1203 1874 1306 1930 eadem
1325 1873 1474 1945 provincie
1490 1873 1624 1945 positum
1636 1876 1728 1946 juxte
1743 1877 1845 1945 dener,

146 1954 642 2032 quitotieememinissetpraelatum
653 1954 773 2011 mundo.
786 1952 851 2010 fiee
862 1953 968 2009 cumin
1024 1960 1311 2033 quivoeaturli'rom
1323 1977 1387 2035 que
1402 1965 1484 2017 tuem
1501 1958 1845 2037 religionemueoeoepe

145 2039 968 2117 salassuunuereunecenimpopulariatumutursemel
1023 2049 1845 2122 ranteprovidedispensaremultorumveridiearelatione

144 2138 288 2194 excitatus
311 2135 412 2191 leviter
427 2134 511 2190 leniri
535 2137 645 2204 posset,
660 2132 709 2189 ille
724 2148 776 2203 pro
804 2130 967 2187 sanctitatis
1021 2140 1212 2212 eognovimus
1223 2139 1388 2212 apostolicis
1410 2139 1570 2213 privilegiis
1596 2142 1788 2213 roboremus,
1803 2145 1844 2216 pie

143 2225 322 2283 conscientia
338 2224 423 2295 paulo
443 2222 629 2278 commotior:
644 2243 658 2271 «
673 2220 790 2285 diserte·
801 2219 908 2290 inquii,
922 2219 968 2274 in·
1021 2227 1184 2286 devotionis
1197 2229 1511 2286 facienterassensum.
1525 2229 1759 2290 Hortamurvos
1769 2234 1796 2290 in
1807 2234 1844 2290 liei

142 2317 253 2372 tantem
266 2331 275 2383 ς
287 2319 319 2371 ut
333 2330 382 2371 ore
398 2329 448 2369 auo
464 2309 660 2384 pontificalem
677 2308 803 2383 depellat
813 2307 964 2380 injuriam.
1021 2316 1158 2374 laudibus
1179 2322 1207 2374 ei
1217 2318 1400 2375 orationibus
1411 2317 1560 2376 studiosos
1572 2324 1668 2392 etqua
1688 2322 1843 2396 poi-vigila,

142 2399 783 2475 Proindeafatuissuspicionibusdiscedent,
798 2397 964 2471 ingratiam
1020 2405 1215 2475 abstinentias,
1227 2406 1419 2473 castimonie,
1435 2406 1638 2480 purificationi
1655 2412 1800 2468 temon„
1811 2412 1844 2468 ia

144 2493 285 2550 antistitis
296 2494 414 2549 redeant
428 2511 435 2560 t
447 2508 488 2557 ΕΘ,
500 2494 643 2562 tutulum
660 2504 714 2545 ⁸¹¹a
725 2488 888 2555 ῑῦῑθῐθῡῦθῐ,
900 2486 964 2558 paci
1019 2493 1173 2565 herentes,
1200 2494 1409 2568 hospitalitatis
1424 2499 1512 2568 atquc
1526 2495 1731 2556 humanitatis
1752 2500 1844 2558 officiis

143 2603 201 2641 non
213 2585 390 2640 defuturum.
403 2605 416 2634 a
428 2583 543 2640 Dictum
555 2596 691 2654 excepere
700 2577 833 2636 nonnulli
843 2578 963 2635 caobin·
1019 2583 1184 2652 deditos,ao
1201 2582 1500 2640 devotosobedientie
1511 2582 1732 2644 stbnmilitetia
1746 2587 1843 2645 desti

142 2676 203 2744 nis;
216 2675 292 2745 quod
313 2672 430 2729 insolita
447 2671 625 2744 promittere,
641 2669 772 2725 indebita
787 2683 964 2741 presumere
1017 2669 1141 2726 existere
1155 2686 1207 2727 vos
1221 2674 1379 2738 amatores,
1399 2671 1478 2727 cirea
1492 2671 1620 2729 invicem
1643 2673 1695 2745 pia
1711 2675 1842 2733 charitate

141 2763 421 2820 aalvenevideretur.
440 2760 650 2816 Verumtamen
671 2758 813 2813 infantem
830 2757 962 2826 allatum,
1016 2761 1187 2826 concordes,
1211 2761 1357 2816 mandetis
1384 2759 1588 2831 spiritualibus
1620 2767 1652 2819 et
1679 2771 1839 2822 sanctorum

139 2853 187 2908 vix
207 2854 277 2907 dum
293 2866 396 2907 novem
417 2866 434 2905 a
451 2853 543 2904 matre
555 2848 680 2912 dierum,
697 2845 835 2917 baptismi
850 2845 962 2901 lavacro
1018 2848 1135 2905 Petrum
1152 2848 1259 2915 regulis
1275 2849 1437 2915 serviendo,
1453 2850 1623 2922 apostolice
1645 2852 1717 2910 fidei
1736 2856 1841 2910 rectitu-

138 2935 958 3011 priuainnovavit.sciscitatusesteaindepubttooatrum
974 2985 997 3049 c
1016 2938 1115 2994 dinem
1130 2937 1241 2994 illibate
1254 2953 1380 3006 servare,
1397 2936 1481 2995 bonis
1496 2939 1602 2995 studiis
1628 2957 1754 3013 operam
1771 2944 1839 3010 dere,

138 3028 219 3101 vulgi
235 3027 333 3098 opinio
349 3027 514 3083 conveniret
528 3023 640 3080 veritati
655 3024 691 3078 de
710 3027 789 3093 petre
805 3024 820 3078 ‘l
840 3024 912 3079 Tum
928 3028 961 3081 ut
1017 3025 1230 3083 humanitatem
1250 3026 1412 3098 peregrinio
1440 3031 1470 3082 et
1488 3028 1648 3099 egentibus
1663 3030 1838 3104 impendere,

138 3119 251 3175 videres
267 3117 317 3174 liei
328 3115 448 3189 gratiam
462 3119 632 3188 presentem
645 3133 653 3183 3
666 3111 836 3186 pnaiolnsin
859 3128 960 3169 vocem
1015 3115 1203 3173 eeclesiarum
1214 3115 1264 3172 liei
1277 3114 1451 3187 presulibus
1465 3120 1494 3173 et
1502 3118 1714 3177 sacerdotibus
1729 3135 1837 3179 veum·

139 3207 387 3265 absolutissimam
399 3210 530 3273 conatus,
542 3204 651 3261 nodum
663 3201 958 3274 dubietatisabrupit;
1015 3205 1125 3261 tionem
1141 3204 1270 3261 debitam
1293 3204 1429 3262 exhibere
1446 3223 1454 3274 3
1476 3209 1665 3277 vanescere,
1689 3210 1836 3268 seculares

138 3301 272 3355 sanctum
289 3302 316 3354 et
330 3293 551 3352 immaculatum
567 3293 700 3364 Sergium
718 3307 793 3359 ease,
808 3307 958 3363 nunquam
1012 3300 1135 3351 curraset
1146 3298 1275 3367 questus
1284 3293 1660 3366 effugere,temperentiem
1673 3308 1706 3356 et
1722 3315 1835 3373 pauper·

136 3379 957 3453 iliummuiiericommunicasse.Plauditplebemiraonlo.
1012 3382 1835 3461 tetamdiligere,psalmiaetbymniaspiritualibusetque

136 3475 281 3532 Innocens
293 3473 416 3530 antistes
426 3477 491 3527 ovat
502 3470 659 3542 triumpho.
678 3469 802 3525 aldelmi
819 3468 957 3525 meritum
1011 3470 1404 3528 orationibueassiduisoum
1419 3472 1476 3528 fleo
1489 3470 1677 3546 colloquium
1694 3475 1832 3543 inseram

137 3561 251 3620 extollit
266 3562 356 3619 Roma
372 3577 378 3616 :
392 3575 641 3632 repercussusque
652 3562 681 3615 et
695 3557 893 3629 ingeminatus
904 3558 957 3614 le·
1012 3559 1216 3617 abstinentiam
1238 3565 1381 3631 tanquam
1405 3560 1645 3633 purificationem
1660 3567 1796 3639 corporis
1807 3565 1832 3620 iu

137 3652 264 3709 tantiam
281 3650 392 3707 clamer
402 3650 466 3721 ipsa
477 3649 573 3719 quatit
584 3648 690 3704 sidera.
703 3646 757 3711 Qui
768 3651 864 3704 tameo
877 3664 959 3719 roga·
1011 3650 1124 3706 cunctis
1136 3650 1198 3705 vite
1210 3649 1316 3705 studiis
1329 3648 1516 3716 adhiberem
1532 3651 1678 3710 omnibus
1691 3655 1742 3712 Dei
1758 3670 1830 3712 meu·

28 3758 34 3773 ⁸
138 3747 197 3812 tus,
213 3745 245 3798 ut
256 3740 325 3812 qnia
337 3739 440 3795 falsum
457 3743 568 3809 patrem
579 3737 701 3794 infamia
712 3741 840 3808 exuerat,
856 3754 957 3795 verum
1010 3739 1088 3795 datis
1103 3739 1259 3795 alterutros
1274 3737 1409 3806 excitare,
1434 3737 1575 3796 sollicitos
1591 3742 1674 3799 elren
1687 3745 1738 3801 sui
1764 3743 1830 3801 selu·

135 3830 297 3903 cognitioni
313 3829 411 3902 populi
423 3828 590 3885 addiceret:
607 3827 699 3883 facere
711 3828 835 3900 refugit:
852 3828 956 3900 prafe-
1010 3834 1068 3884 tem
1083 3843 1156 3896 esse,
1172 3833 1199 3883 et
1214 3825 1398 3899 proficientes
1422 3826 1452 3884 in
1469 3826 1574 3885 melius
1597 3831 1749 3903 emulari,
1768 3830 1829 3890 etin

134 3923 183 3975 tus
198 3935 284 3974 suum
300 3934 373 3984 csse,
386 3925 417 3972 ut
431 3917 561 3973 insontes
577 3916 602 3971 si
618 3921 716 3986 posset
728 3915 837 3972 damno
847 3916 955 3972 exime·
1010 3916 1059 3973 Dei
1075 3916 1209 3989 praesidio
1220 3916 1377 3986 confidere,
1390 3916 1599 3976 immaculatus
1610 3936 1734 3981 vernon
1745 3921 1829 3981 solun

135 4013 190 4077 ret,
206 4025 263 4065 non
280 4011 312 4064 ut
326 4011 426 4063 sontes
442 4011 534 4062 morte
552 4005 740 4078 opprimeret.
1009 4007 1208 4075 econtagioue
1218 4007 1340 4075 carnali,
1351 4006 1401 4064 sed
1412 4007 1499 4065 etiem
1511 4010 1731 4072 asermonibus
1746 4010 1830 4071 noxiis

170 4098 291 4156 Talibus
305 4097 448 4153 virtutum
464 4094 581 4151 indiciis
596 4092 700 4150 eximie
715 4094 875 4150 delectatus
887 4111 953 4166 pon·
1008 4095 1830 4175 etcogitationihuscustodire,utoastitesatqueeobrieter

133 4188 212 4258 tifex,
228 4204 286 4244 non
302 4185 452 4242 difficilem
468 4184 668 4256 seimpctratu
684 4180 834 4252 exhihuit3
851 4187 884 4240 ut
895 4199 955 4240 mo·
1007 4185 1138 4255 corporis
1154 4183 1244 4240 simul
1272 4189 1300 4240 et
1315 4186 1439 4257 spiritus
1457 4187 1546 4244 vestri
1563 4194 1634 4246 ante
1663 4191 1719 4249 Dei
1740 4193 1830 4250 oeulos

132 4276 280 4344 naeteriis,
297 4275 373 4347 [pro]
386 4274 492 4347 quibus
504 4271 669 4345 rogabatur,
686 4272 954 4341 elaboratae,aucto·
968 4304 991 4370 D
1007 4273 1106 4329 luceat
1121 4291 1128 4342 ;
1145 4279 1291 4345 quatenus
1305 4282 1333 4329 et
1355 4275 1475 4332 interior
1498 4275 1587 4335 homo
1603 4280 1707 4351 gratia
1721 4282 1830 4339 virtutis

131 4366 227 4423 nitatis
243 4363 427 4439 privilegium
438 4361 601 4434 indulgeret
613 4378 619 4417 :
633 4362 710 4434 quod
726 4360 774 4418 bic
788 4377 824 4419 ex
838 4362 952 4435 integro
1007 4362 1182 4431 iliustretur,
1193 4366 1222 4418 et
1231 4363 1356 4420 exterior
1370 4364 1452 4421 bone
1468 4368 1705 4433 conversationis
1721 4370 1829 4428 laudem

130 4450 951 4527 apponam,utomnemambiguitatieevadetscrupulum,
1006 4457 1095 4523 etque
1109 4450 1256 4523 opinionis
1271 4451 1409 4510 obtineat.
1427 4455 1500 4520 Quia
1514 4454 1608 4528 igitur
1622 4457 1740 4517 talibus
1754 4461 1831 4517 debe·

130 4548 247 4617 quantis
274 4545 334 4600 aiut
349 4541 603 4599 maledictionibus
626 4540 754 4610 obnoxii,
775 4548 950 4614 quantarum
1005 4539 1829 4618 turpontificalieiudulgentiebeneficium;preaentibne

129 4649 282 4706 poenarum
301 4632 361 4688 sint
375 4631 466 4688 futuri
481 4630 566 4698 servi,
580 4629 631 4702 qui
649 4646 727 4687 nuno
742 4631 771 4686 id
787 4631 907 4702 impune
918 4646 949 4688 ee
1003 4629 1340 4703 apostolioieprivilegiis
1351 4631 1829 4703 praedictavenerabiliamoneete-

126 4724 286 4798 opinantur
300 4727 440 4779 temerare
450 4726 480 4778 et
489 4721 665 4793 transgredi.
1005 4717 1407 4776 riadecernlmusmuniende:
1416 4723 1830 4795 qnatenussubjurisdiotione

164 4835 179 4866 «
192 4813 323 4885 Sergius,
333 4825 435 4867 servus
446 4826 596 4869 servorum
617 4809 668 4867 Dei
681 4807 835 4866 atebetmo
850 4806 950 4866 abbati
1005 4813 1092 4880 etque
1106 4809 1230 4866 tuitione
1245 4809 1388 4879 ejusdem,
1404 4808 1447 4866 cui
1461 4814 1490 4867 et
1503 4827 1557 4868 nos
1570 4810 1828 4884 deservimne,en·

127 4903 251 4975 eiusque
262 4899 493 4964 successoribus,
504 4903 534 4955 et
548 4913 599 4971 per
608 4914 659 4955 voe
673 4896 830 4955 venerabili
854 4905 948 4955 vestro
1004 4898 1093 4956 ctoris
1106 4898 1198 4956 nostri
1213 4897 1292 4955 besti
1303 4897 1378 4954 Petri
1389 4899 1522 4969 apostoli,
1537 4905 1565 4957 et
1579 4901 1761 4975 eiua,quem
1775 4904 1828 4961 die·

126 4989 437 5061 monasteriolisque
446 4986 588 5059 religiose
599 4985 825 5044 conversationis
839 4986 948 5042 intuitu
1004 5003 1174 5060 pensamus,
1196 4986 1329 5045 Ecclesia
1344 4989 1373 5044 et
1389 5004 1467 5044 nuuc
1483 4989 1543 5046 rint
1553 4994 1582 5047 et
1597 4991 1628 5047 in
1654 4999 1826 5067 perpetuum

125 5081 277 5138 monachis
306 5080 399 5137 servis
416 5078 464 5136 Dei
495 5077 654 5150 prolibare
674 5077 790 5133 visendi
813 5074 948 5135 facultate
1003 5077 1309 5149 permaneantieieut
1329 5080 1380 5133 tna
1406 5075 1507 5150 religio
1537 5079 1629 5151 petiit,
1659 5081 1826 5156 nulliusque

123 5166 326 5235 conferuntur,
339 5185 397 5226 non
409 5185 461 5241 pro
480 5166 685 5224 illecebrarum
696 5165 883 5235 licentia,sed
894 5182 946 5239 pro
1002 5166 1125 5224 alteriue
1136 5165 1335 5238 jurisdictioni
1352 5166 1412 5223 sint
1425 5168 1575 5239 subiecta:
1597 5184 1653 5226 nec
1669 5171 1824 5245 qnisquam

121 5254 279 5312 sedulitate
300 5258 374 5315 bene
390 5256 592 5327 conversandi,
608 5261 636 5312 et
650 5257 757 5313 divinis
776 5255 902 5312 servitiis
916 5271 946 5313 se
1000 5256 1203 5329 episcoporum
1218 5261 1270 5313 aut
1284 5257 1480 5326 sacerdotnm,
1495 5262 1545 5315 ent
1559 5258 1723 5329 cujuslibet
1740 5261 1824 5320 eecle-

122 5345 204 5417 ipsos
218 5348 316 5417 procui
333 5348 423 5404 dubio
438 5347 635 5419 mancipandi,
646 5364 663 5402 a
674 5345 946 5418 praesulibusatque
1000 5344 1110 5401 siastici
1125 5344 1237 5403 ordinis
1252 5344 1376 5403 clericus
1393 5361 1509 5420 quoque
1523 5350 1658 5420 tempore
1674 5349 1735 5408 eibi
1756 5352 1824 5409 inea

125 5432 288 5492 cultoribus
299 5434 485 5492 Duodecrete
498 5436 668 5492 Christiane
687 5434 836 5509 religionis
846 5433 945 5491 indui·
1000 5431 1479 5508 qualemcunquejurisdictionem
1490 5437 1656 5508 defendere,
1668 5443 1837 5497 antanace·

122 5527 247 5603 gentur3
263 5527 294 5580 ut
306 5541 381 5581 nexu
391 5523 526 5584 bumana
536 5524 714 5583 conditionis
724 5525 814 5596 exuti,
825 5524 895 5582 dum
907 5526 944 5582 eb
1000 5523 1130 5598 ptiouem
1139 5523 1184 5583 vel
1196 5525 1334 5601 quelibet
1349 5526 1702 5603 monuscutaareligiuee
1709 5544 1824 5607 congre
