3772 6006
120 216 197 275 {787
802 212 974 277 {tutionis
997 213 1150 276 FAllSlTl
1770 212 1830 267 ftis

118 347 339 421 iuquaatheo
356 345 573 402 seminavisum
590 347 708 416 recepit,
725 363 798 419 puer
820 347 941 421 quidam
956 349 1197 416 Abussociiset
1217 346 1269 403 illc
1294 346 1478 419 significante
1508 345 1548 400 de
1579 341 1696 399 auditu
1722 349 1833 414 recepto,

121 435 273 508 septennis
288 438 455 491 contractus
472 433 596 506 pedibus
617 432 727 490 ibidem
750 440 874 491 amatre
893 452 947 492 sua
1000 441 1070 493 tuuc
1086 437 1262 495 admirantes
1277 441 1305 494 et
1316 436 1473 508 gaudentes
1491 432 1628 506 culpant
1660 432 1832 503 semetipsos,

121 524 340 582 observabatur.
356 523 424 578 linat
439 526 535 578 autem
552 530 578 577 et
600 522 737 596 frequens
760 524 886 596 populus
906 525 946 580 ibi
1001 529 1076 600 qaod
1094 529 1180 583 tacito
1193 527 1248 583 hcc
1263 524 1404 582 miraculo
1425 523 1529 581 nullas
1545 522 1723 592 gratiarum
1745 520 1831 577 landes

119 613 255 686 vigilans,
271 613 319 670 alii
342 612 378 669 ob
399 612 595 682 devotionem,
612 612 662 668 alii
679 630 746 669 cum
767 615 828 670 suis
850 632 945 688 ugro-

119 703 254 760 tantibus
269 700 458 759 deservirent.
476 700 569 757 Mater
584 700 684 774 itaque
709 703 840 776 praedicti
864 705 945 776 pueri

124 794 195 849 dum
207 795 235 847 et
246 788 353 862 vigiliis
362 793 390 846 et
401 805 523 846 moercre
538 791 668 847 confec-ta
679 791 885 864 obdormisset,
898 808 947 848 su-

124 880 184 937 bito
201 895 273 951 puer
301 879 428 951 assurgit
446 883 541 935 rectus
556 884 585 935 et
613 895 713 949 sanus,
737 885 766 937 et
796 882 831 937 ad
857 882 948 939 altare

123 969 211 1040 coepit
232 968 396 1040 procedere.
422 969 496 1024 Tum
511 984 580 1041 ergo
595 970 751 1026 vociferato
768 969 875 1044 populo
890 970 946 1027 cir·

123 1058 298 1113 cumstantis
319 1056 474 1125 attollitur,
495 1062 559 1114 tum
582 1074 688 1115 nomen
713 1059 803 1116 beata
818 1059 947 1132 Virginis

122 1145 230 1202 millias
242 1145 459 1218 replicatur,ita
470 1152 503 1204 ut
517 1149 642 1205 clamore
657 1148 811 1206 bominum
827 1150 947 1207 atelan-

124 1251 193 1308 gcrs
208 1238 414 1308 tympanorum
431 1236 549 1309 fragiles
562 1237 658 1296 adhuc
679 1239 803 1310 parietes
819 1239 947 1297 ecclesie

125 1325 357 1382 afundameutis
373 1327 459 1383 averti
484 1327 660 1385 viderentur.
681 1330 750 1386 Jesu
767 1330 852 1402 bone,
874 1348 948 1388 aun·

125 1418 196 1488 quid
212 1435 270 1474 non
295 1434 491 1490 praesenseras
514 1419 581 1475 huic
596 1421 775 1492 spectaculo,
800 1422 887 1495 quale
915 1427 946 1478 tu

1002 622 1058 674 Dec
1070 617 1207 691 egissent.
1220 615 1337 673 Concita
1348 614 1448 688 igitur,
1464 613 1542 686 quia
1557 610 1653 686 equis
1670 610 1833 679 insidebant,

1002 710 1194 776 revertuntur,
1206 706 1378 763 reducentes
1390 720 1490 761 secum
1504 701 1599 758 illum
1612 702 1647 756 in
1659 716 1722 772 quc
1732 701 1834 756 auditus

1001 798 1180 855 celebratum
1204 799 1267 851 erat
1283 793 1470 863 miraculum,
1483 796 1518 848 et
1542 795 1682 847 narrant
1697 790 1833 863 quaefacta

1002 888 1128 957 fuerant,
1144 890 1173 942 et
1187 884 1361 942 exhibentes
1376 883 1531 940 homiuem
1550 887 1647 937 acute
1664 881 1834 946 audientem,

1001 977 1050 1034 sed
1081 973 1405 1044 nondumlcqueutsm,
1429 971 1595 1043 etgratias
1629 973 1730 1042 agunt
1752 969 1835 1025 Decet
1878 984 1880 993 ·

1002 1064 1090 1121 beata
1106 1063 1232 1136 Virgini,
1248 1064 1331 1135 cujus
1348 1061 1458 1118 meritis
1472 1060 1542 1117 haas
1556 1059 1720 1116 beneficia
1735 1061 1835 1131 praeta·

1002 1155 1120 1211 bantur.
1137 1153 1220 1210 Tunc
1243 1167 1310 1209 varo
1339 1151 1433 1207 bonus
1462 1148 1617 1206 Dominus
1646 1151 1678 1204 et
1698 1146 1833 1214 dulcis,et

1002 1245 1085 1301 beata
1101 1245 1193 1300 mater
1209 1239 1416 1298 misericordie
1432 1256 1489 1296 non
1521 1240 1754 1296 sustinuerunt
1774 1236 1834 1292 ultra

1002 1330 1296 1390 inanematsterilem
1314 1345 1461 1387 remanere
1482 1328 1579 1384 fidem
1607 1332 1639 1384 st
1663 1325 1833 1383 devotionem

1003 1440 1104 1482 eorum
1120 1439 1192 1495 quos
1207 1437 1265 1477 non
1283 1419 1376 1493 piguit
1389 1417 1545 1474 abitinere
1561 1422 1671 1488 empto
1689 1417 1834 1472 retardare.

127 1506 189 1577 ipss
205 1506 365 1579 plurimum
386 1507 496 1580 diligis,
523 1525 590 1564 cum
615 1510 720 1566 ardens
736 1510 807 1567 fides
822 1514 850 1569 et
870 1512 948 1567 furor
1005 1517 1037 1570 ut
1051 1529 1108 1570 nou
1126 1509 1338 1584 ingraticffrcio
1351 1505 1466 1582 pietatis
1477 1506 1689 1563 deservirent.
1702 1510 1833 1576 Dumergn

125 1594 314 1667 diligentium
330 1600 357 1651 te
372 1596 505 1653 certatim
517 1598 669 1671 rapiebant
684 1606 720 1668 te,
732 1606 759 1655 et
771 1600 947 1658 sacrificinm
1005 1607 1157 1659 morantur
1171 1604 1200 1658 et
1215 1599 1375 1667 retardant,
1390 1601 1419 1654 et
1435 1595 1508 1652 dum
1527 1600 1639 1652 menta
1661 1597 1700 1652 ad
1718 1595 1835 1651 munet

124 1684 241 1741 contriti
255 1685 378 1756 spiritus
390 1685 668 1745 libaminedulcium
679 1688 952 1763 lacrymarumccn-
967 1683 991 1748 Β
1006 1694 1039 1748 ad
1057 1695 1178 1748 matrem
1204 1688 1322 1761 pietatis
1347 1688 1525 1759 respectant,
1549 1684 1685 1741 humine
1711 1689 1799 1741 stante
1811 1684 1834 1739 in

126 1772 271 1829 diebatnr.
288 1773 340 1830 His
356 1774 474 1832 vocibus
495 1782 588 1834 mater
603 1795 756 1836 excussae
772 1796 885 1849 somno,
902 1799 949 1836 es·
1006 1781 1111 1850 madio,
1124 1779 1222 1836 subito
1238 1776 1366 1834 solutum
1383 1780 1428 1833 ast
1439 1774 1599 1832 vinculum
1623 1775 1737 1846 linguar
1748 1775 1835 1847 sinaei

127 1860 239 1919 clusam
256 1878 287 1919 se
302 1880 319 1920 a
335 1864 393 1920 lilio
409 1872 436 1920 et
452 1867 692 1939 acnmprimeate
707 1885 738 1924 aa
754 1868 861 1942 popule
876 1869 950 1926 latis
1006 1870 1182 1943 loquebatur
1197 1871 1283 1924 recte.
1301 1867 1360 1922 Hoc
1378 1865 1438 1921 viso
1450 1863 1553 1921 elerici
1570 1863 1621 1919 illi
1636 1869 1669 1919 et
1695 1863 1763 1919 fidei
1788 1879 1833 1916 sua

127 1955 155 2008 et
169 1952 295 2008 turbatis
318 1953 498 2012 clamoribus
514 1958 711 2030 congeminat.
729 1959 784 2015 llas
800 1959 888 2033 igitur
903 1976 951 2015 vc·
1005 1961 1100 2016 fructu
1113 1959 1176 2030 jam
1192 1958 1333 2023 fruentes,
1349 1953 1562 2010 convalescunt
1578 1951 1730 2009 certatim
1747 1950 1834 2006 laudes

126 2056 175 2097 ces
189 2040 296 2098 laetitiae
311 2043 405 2098 emitti
420 2045 455 2100 ad
472 2045 577 2103 coelum
600 2064 656 2103 non
674 2046 740 2104 laeta
760 2049 895 2105 audiebat
911 2050 950 2104 fe·
1006 2049 1041 2106 ad
1068 2048 1173 2104 coelum
1202 2046 1312 2114 tollere,
1337 2049 1366 2101 et
1400 2042 1664 2114 concrepantibus
1703 2042 1836 2116 signiset

126 2129 950 2206 minaqnaaculnmamissumdofebat;undeetinlrec
1006 2137 1094 2194 choro
1108 2137 1280 2194 ancillarum
1304 2134 1354 2191 liei
1378 2135 1410 2190 fc
1437 2134 1524 2189 Deum
1554 2131 1732 2196 tundamus,
1755 2132 1836 2186 insn-

125 2219 213 2275 verba
228 2221 384 2291 prorupit:
415 2222 437 2278 0
466 2223 590 2296 gloriosa
606 2231 635 2282 et
651 2227 698 2298 pia
720 2227 855 2295 Domina,
873 2245 950 2284 nunc
1006 2229 1097 2284 blime
1112 2225 1291 2294 tollentibus,
1306 2224 1416 2281 clamor
1442 2223 1554 2279 devotae
1575 2220 1790 2277 multitudiuis
1812 2234 1836 2274 se

126 2308 176 2364 alii
188 2308 332 2380 latentur,
349 2317 377 2368 et
392 2312 515 2370 ecclesia
531 2321 581 2371 tua
594 2315 732 2373 laudibus
748 2317 834 2389 plena
855 2319 950 2374 resul·
1008 2319 1126 2375 miscuit
1154 2322 1182 2374 et
1206 2315 1335 2371 confusae
1363 2328 1459 2381 voces,
1487 2316 1585 2368 tamen
1619 2310 1676 2367 Dei
1692 2310 1794 2367 laudes
1813 2310 1836 2364 in

129 2398 284 2466 tat3mihi
313 2402 507 2458 veromiserre
537 2412 674 2477 negatum
705 2412 750 2462 est
779 2407 950 2480 participem
1008 2424 1164 2466 commune
1179 2409 1381 2463 consonantes.

130 2488 205 2544 tanti
232 2505 293 2544 esse
308 2491 419 2561 gaudii.
450 2493 521 2549 Dnm
538 2493 597 2551 haec
612 2501 640 2550 et
668 2494 725 2551 alia
746 2512 810 2568 quae
826 2496 952 2553 dictabat
1127 2496 1183 2555 XV.
1199 2497 1235 2551 fic
1247 2498 1323 2550 moto
1335 2505 1420 2566 puero
1436 2490 1600 2548 Coloniensi
1613 2493 1732 2547 ααηαὶα.

135 2577 639 2653 ejusmoestitiaprosequitnrsubitc
658 2587 829 2657 pendentem
844 2587 952 2643 infacie
1044 2587 1140 2644 Sedet
1157 2586 1276 2658 quidam
1293 2600 1365 2654 puer
1380 2580 1496 2638 natione
1522 2578 1720 2636 Coloniensis
1737 2578 1836 2634 autria-

135 2667 253 2724 cculum
274 2673 366 2726 totum
384 2688 415 2727 se
439 2672 578 2730 arbitrata
593 2676 764 2748 perdidisse,
790 2676 953 2733 conclamat
1007 2677 1135 2734 baturin
1153 2690 1225 2748 pago
1249 2672 1418 2729 Belvacensi
1447 2671 1525 2744 apud
1547 2677 1689 2726 castrum
1717 2667 1836 2726 Clarum·

133 2756 434 2816 ⁰d⁰if⁰¹¹m³i⁸⁰¹⁰⁸²
464 2760 518 2817 9¹⁸⁰
549 2768 616 2830 ⁰0⁰2
644 2763 752 2836 inquil,
778 2763 836 2821 huc
865 2765 952 2821 cilius
1008 2758 1835 2832 montemucmins.Materenimsuapauperculaadbur

133 2842 229 2900 lumffll
242 2848 411 2916 θθῦνθῑῑῑῒθ,
423 2850 493 2919 <fult
509 2853 594 2906 modo
611 2852 658 2908 bic
672 2854 701 2908 in
720 2853 867 2925 pulverem
879 2854 952 2910 mihi
1007 2857 1147 2914 infantem
1172 2855 1207 2909 de
1223 2852 1355 2926 partibus
1372 2849 1463 2907 Rheni
1477 2864 1581 2906 secum
1600 2844 1835 2912 addrrxerat,sed

131 2932 258 2988 decurrit
283 2938 396 2992 cnutus.
426 2937 526 2994 Visum
551 2939 629 2996 enim
659 2942 825 2999 sibiiuerat
849 2959 952 3016 quem·
1007 2942 1383 3016 munereloquendiafieo
1406 2953 1637 3002 conconcessc,
1659 2938 1698 2993 ab
1724 2935 1834 2992 ineunte

130 3021 196 3076 dam
209 3020 335 3079 astitisse
346 3031 372 3079 et
383 3025 507 3098 digitum
524 3029 778 3101 suumingerendo
789 3031 951 3088 folliculum
968 3004 989 3072 c
1008 3039 1091 3092 etate
1104 3035 1164 3105 jam
1180 3031 1325 3088 duodenis
1338 3036 1437 3085 mutus
1449 3030 1594 3083 evaserat.
1611 3025 1725 3083 Visum
1741 3033 1834 3096 estpa-

23 3152 28 3159 .
131 3109 952 3192 qnieratinmodumvesiculaecrepuissa.lllatoitaque
1006 3123 1101 3182 tronis
1125 3121 1328 3195 pueritpuaro
1357 3132 1463 3173 nornen
1487 3111 1670 3172 Vasselinus
1693 3116 1777 3186 erati,
1804 3115 1832 3167 de

131 3193 241 3254 lumine
262 3201 463 3258 membranam
483 3203 630 3277 diruptam
647 3208 829 3280 invenerunt,
841 3209 953 3267 etrivu·
1007 3207 1385 3287 quorumeleemcsynajsm
1398 3204 1594 3278 perquinque
1606 3221 1706 3261 anuas
1722 3203 1766 3260 vel
1782 3219 1833 3258 am·

131 3289 192 3346 lum
205 3293 297 3348 saniei
308 3305 333 3350 et
351 3297 514 3366 putredinis
530 3306 672 3372 concepta
689 3318 740 3372 per
750 3319 801 3359 ora
811 3303 951 3359 etfaciam
1006 3303 1084 3376 plius
1094 3302 1239 3369 alebatur,
1249 3296 1473 3356 utSuassionem
1486 3297 1520 3352 ad
1534 3294 1717 3351 memoriam
1731 3297 1831 3351 sanate

132 3395 224 3449 usque
240 3380 268 3434 in
284 3385 390 3437 terram
419 3385 582 3454 defluxisse,
600 3394 627 3443 et
640 3387 701 3444 lata
715 3390 869 3463 aspergine
885 3392 949 3463 pul·
1005 3386 1580 3451 lleiGenitricisMariaesacumdeberent
1591 3385 1830 3447 eumsdducera;

131 3482 225 3524 rerem
243 3472 388 3528 maduisse
405 3477 542 3542 ;ocutum
559 3493 623 3531 vero
639 3478 703 3548 ejas
715 3477 827 3535 clarum
838 3485 866 3536 et
882 3481 951 3538 luci·
1005 3488 1033 3541 et
1047 3483 1088 3539 ita
1103 3483 1210 3538 factum
1227 3484 1282 3536 est.
1307 3479 1396 3538 Nocte
1410 3476 1498 3549 igitur
1523 3475 1574 3531 illa
1587 3491 1656 3548 que
1671 3483 1719 3531 est
1736 3470 1831 3530 Purifi-

132 3557 202 3613 dum
233 3558 362 3616 orbiculo
391 3578 444 3618 suo
470 3564 660 3635 integerrimae
690 3567 843 3626 insedisse.
875 3569 948 3627 Tum
1005 3570 1127 3627 cationis
1143 3570 1233 3626 beata
1249 3566 1387 3638 Virginis,
1404 3563 1661 3638 quamvissopcre
1676 3562 1832 3636 gravique·

19 3701 21 3705 .
130 3646 423 3718 veroiuclamantsi,
448 3653 584 3708 etadlruc
607 3657 950 3732 ncncredentiingemi-
1004 3654 1830 3733 lisestpuarcrnmmergeretur,tamensecuminteresse

131 3743 213 3810 nant,
236 3744 264 3795 st
288 3740 425 3813 ingerunt
439 3743 464 3799 ei
492 3760 543 3816 per
573 3744 662 3803 Deum
690 3753 717 3802 ct
733 3748 845 3805 beatam
861 3749 950 3821 virgi·
1005 3749 1113 3823 vigitiis
1129 3747 1319 3820 compellunt,
1336 3762 1402 3803 narn
1417 3749 1445 3800 ct
1461 3748 1521 3800 tota
1534 3741 1737 3815 vigilantibus
1753 3739 1829 3810 plena

131 3842 196 3883 uem
213 3828 369 3886 sanitatem
386 3836 415 3887 et
430 3832 547 3888 aculam
564 3850 628 3890 eam
657 3837 810 3908 recepisse.
824 3838 884 3904 Qun
900 3837 951 3894 illa
1005 3843 1066 3896 erat
1081 3837 1213 3895 ecclesia.
1229 3837 1294 3893 lam
1310 3852 1378 3907 crgo
1394 3834 1517 3889 decurso
1528 3847 1562 3887 ex
1578 3837 1664 3903 parte
1677 3828 1830 3886 Matutino

131 3922 280 3987 comperto
295 3924 323 3975 et
338 3920 440 3977 effectu
464 3926 661 3995 comprobato,
683 3925 784 3982 latitia
799 3927 949 3999 perfundi·
1005 3949 1069 3987 rum
1087 3929 1193 3994 officio,
1218 3929 1285 3984 dum
1308 3926 1382 3983 illud
1406 3923 1630 3996 responsorium
1653 3922 1830 3978 inchoatur:

132 4013 185 4076 tur,
207 4012 235 4064 et
249 4009 360 4064 iteratis
376 4008 524 4079 laudibus,
541 4012 662 4069 ecclesia
678 4014 825 4087 impletur.

299 4100 373 4157 xlv.
391 4107 429 4157 Dc
443 4101 525 4157 surdo
545 4106 569 4159 et
583 4113 659 4160 moto
672 4111 780 4162 sonato.

166 4187 290 4253 Quidam
311 4192 419 4247 surdus
433 4196 462 4247 et
488 4199 587 4248 mutus
605 4192 640 4248 de
659 4195 846 4252 Atrebatensi
865 4212 949 4269 pago,

132 4278 299 4351 intelligens
312 4280 455 4353 quosdam
481 4297 515 4337 ex
543 4280 602 4338 illis
623 4282 790 4353 regionibus
810 4284 950 4344 orationis

130 4370 226 4440 gratia
240 4369 424 4427 Suessionem
443 4372 478 4426 ad
494 4372 633 4444 suffragia
659 4372 748 4428 bentrc
764 4378 792 4430 et
820 4373 950 4447 gloriose

129 4459 181 4515 Dei
197 4459 355 4515 Geuitricis
378 4459 473 4516 Maria
490 4461 596 4530 venire,
622 4469 648 4516 et
661 4461 724 4534 ipse
740 4463 883 4521 admistus
899 4482 949 4522 eo-

18 4594 24 4609 ,
130 4565 194 4605 rum
211 4549 333 4623 collegio
348 4567 382 4607 ex
398 4551 567 4622 quotidiano
584 4551 723 4607 comitutu
735 4553 797 4623 jam
813 4555 950 4610 omnibus

131 4644 219 4696 natus
234 4645 305 4697 erat.
322 4640 448 4696 Veniens
464 4658 532 4714 ergo
548 4642 668 4698 intravit
683 4658 748 4700 cum
759 4642 950 4719 ingredienti·

129 4728 182 4786 bus
198 4729 226 4784 in
243 4731 398 4803 templum,
415 4739 441 4786 et
467 4731 546 4786 brevi
571 4732 741 4789 demoratus
765 4734 886 4802 ibidem,
910 4735 950 4790 si·

127 4820 274 4892 gnificavit
291 4821 468 4893 quibusdum
483 4821 596 4879 esociis
612 4821 662 4893 qui
675 4823 785 4880 circum
802 4823 884 4880 illum
903 4826 951 4881 ad·

128 4915 210 4966 arant
225 4929 256 4967 se
272 4911 403 4966 auditum
421 4909 572 4982 recepisse,
591 4911 669 4967 fandi
695 4911 830 4968 facultate
854 4914 950 4969 adbuc

128 5016 221 5072 usque
237 4999 848 5074 denegata.congratulantibussaciisfacta
868 5003 949 5060 obla·

127 5088 206 5144 tinae
220 5091 421 5146 exconstituto
438 5090 548 5162 regredi
564 5095 726 5161 coeperunt,
739 5095 767 5146 et
779 5091 950 5164 ipsemutus

128 5192 195 5232 cum
209 5179 263 5232 eis.
280 5179 442 5235 Intererant
454 5179 496 5234 illi
511 5179 661 5235 comitatui
672 5178 769 5236 clerici
785 5182 950 5239 atrabaten-

127 5263 181 5331 sis,
197 5266 290 5337 quiet
306 5275 516 5326 unavenerant
533 5287 540 5340 ;
563 5268 615 5325 scd
643 5271 712 5324 dum
729 5270 885 5328 Suessione
905 5289 951 5329 es-

127 5356 255 5424 seut,tad
281 5355 339 5411 alia
353 5358 478 5415 videnda
502 5364 531 5415 ct
553 5360 699 5416 audienda
717 5359 832 5430 intenti,
849 5365 883 5420 de
899 5365 951 5422 ini-

127 5446 198 5501 tiato
211 5460 260 5516 per
271 5445 405 5502 auditum
421 5449 449 5503 in
468 5456 548 5505 mato
563 5449 705 5507 miraculo
721 5467 773 5508 nec
784 5454 853 5509 dum
866 5455 951 5526 quid»

128 5552 218 5607 quam
236 5535 405 5593 rescierant.
417 5537 481 5593 lam
494 5554 560 5593 varo
572 5538 675 5595 itinere
688 5541 788 5611 positi,
806 5543 949 5600 narranti·

1006 4022 1101 4078 Videte
1114 4020 1283 4076 miraculum
1297 4015 1395 4073 matria
1410 4013 1534 4081 bomini,
1551 4028 1627 4085 puer
1651 4010 1703 4068 illa
1726 4013 1761 4066 de
1784 4025 1829 4064 su·

1005 4112 1065 4168 bito
1081 4109 1187 4167 somnii
1203 4124 1308 4180 pavore
1323 4107 1477 4162 turbetur:
1493 4101 1590 4160 visum
1607 4101 1690 4157 enim
1709 4103 1766 4158 sibi
1778 4099 1830 4154 fue

1005 4204 1050 4256 rat
1066 4197 1232 4256 columbam
1244 4198 1332 4266 caput
1344 4194 1406 4264 ejus
1420 4189 1666 4257 circumvolitare,
1681 4207 1717 4246 ac
1733 4190 1831 4248 deinde

1005 4279 1831 4358 labiaejusetlinguamquasiirascendoetcomminanda

1005 4376 1149 4434 vellicare.
1181 4374 1245 4430 Haec
1271 4389 1337 4441 ergo
1352 4371 1496 4428 visiones
1519 4368 1593 4424 facie
1624 4370 1673 4425 ire
1692 4369 1831 4427 columba

1006 4471 1166 4540 permotus,
1184 4461 1380 4521 subtilissima
1395 4464 1425 4516 et
1447 4466 1532 4516 acuta
1549 4474 1632 4524 vnce,
1656 4476 1727 4531 quaa
1744 4461 1831 4532 magis

1005 4556 1156 4613 videbatur
1180 4552 1305 4623 Spiritus
1327 4566 1391 4607 esse
1416 4564 1505 4622 quarn
1520 4546 1664 4617 bominis,
1691 4548 1736 4604 ita
1757 4555 1788 4605 ut
1807 4552 1833 4605 et

1006 4644 1152 4718 puellares
1162 4645 1321 4698 concentus
1335 4643 1364 4696 et
1374 4637 1528 4710 strepitum
1547 4636 1641 4692 tatius
1662 4637 1832 4710 frequentia

1005 4735 1160 4800 evinceret,
1181 4729 1342 4787 exclamat:
1367 4728 1472 4784 Sancta
1487 4724 1585 4794 Mario,
1607 4727 1716 4782 Sancto
1739 4729 1832 4784 liaris

1005 4825 1076 4890 Quis
1092 4839 1149 4879 nan
1166 4819 1279 4892 expavit
1308 4823 1336 4876 et
1351 4816 1511 4874 admiratus
1539 4819 1586 4871 est
1616 4813 1701 4871 illam
1736 4832 1832 4874 vocem

1005 4913 1166 4987 angelicam
1174 4924 1333 4980 recensque
1341 4910 1478 4973 creatam,
1489 4904 1602 4960 etintcr
1613 4920 1722 4960 amnes
1740 4906 1832 4961 diver·

1005 5021 1043 5060 ere
1054 5001 1158 5068 etatis,
1167 4997 1273 5054 diversi
1281 5013 1367 5054 sexus
1379 4994 1499 5051 omuino
1517 5009 1548 5048 ss
1561 4992 1832 5058 discriminantem,

1005 5101 1035 5151 et
1050 5096 1150 5148 acutos
1162 5093 1190 5144 et
1202 5103 1285 5159 super
1302 5090 1406 5143 acutos
1422 5085 1566 5156 virginum
1581 5083 1687 5138 modos
1699 5084 1832 5142 evincen-

1005 5179 1089 5240 tam‘t
1104 5177 1206 5235 Statim
1223 5174 1264 5232 illi
1281 5177 1331 5249 qui
1347 5171 1540 5248 propinquius
1553 5171 1688 5241 aderant,
1701 5177 1732 5228 et
1748 5189 1832 5230 causa

1004 5271 1056 5330 Dei
1070 5266 1263 5326 observabant
1279 5281 1345 5321 cum
1362 5262 1476 5337 patroni
1493 5261 1568 5332 ejus,
1580 5259 1668 5332 primi
1685 5262 1832 5319 exclama·

1005 5363 1087 5437 bapt,
1103 5355 1247 5413 exclamat
1261 5354 1357 5410 omnis
1372 5350 1509 5426 populus,
1524 5346 1696 5407 conclamat
1721 5356 1752 5407 et
1771 5350 1832 5408 lan·

1005 5449 1158 5525 guertium
1172 5444 1330 5502 multitudo
1356 5442 1452 5500 simile
1466 5439 1638 5512 suffragium
1663 5439 1726 5497 sibi
1742 5440 1831 5513 depo·

1004 5538 1162 5605 arantium,
1177 5535 1273 5607 fragor
1288 5534 1380 5590 totius
1403 5528 1530 5590 ecclesias
1546 5543 1660 5600 voxque
1688 5527 1831 5589 tubarum
