<?xml version="1.0" encoding="UTF-8"?>
<!DOCTYPE html PUBLIC "-//W3C//DTD XHTML 1.0 Transitional//EN"
    "http://www.w3.org/TR/xhtml1/DTD/xhtml1-transitional.dtd">
<html xmlns="http://www.w3.org/1999/xhtml" xml:lang="en" lang="en">
 <head>
  <title>
</title>
<meta http-equiv="Content-Type" content="text/html;charset=utf-8" />
  <meta name='ocr-system' content='tesseract 3.04.00' />
  <meta name='ocr-capabilities' content='ocr_page ocr_carea ocr_par ocr_line ocrx_word'/>
</head>
<body>
  <div class='ocr_page' id='page_1' title='image "./patrologiaecurs25unkngoog_0594.png"; bbox 0 0 3750 6000; ppageno 0'>
   <div class='ocr_carea' id='block_1_1' title="bbox 57 222 1704 290">
    <p class='ocr_par' dir='ltr' id='par_1_1' title="bbox 57 222 1704 290">
     <span class='ocr_line' id='line_1_1' title="bbox 57 222 1704 290; baseline 0.001 -2"><span class='ocrx_word' id='word_1_1' title='bbox 57 222 128 290; x_wconf 62' lang='lat'>¹30</span> <span class='ocrx_word' id='word_1_2' title='bbox 547 226 661 287; x_wconf 74' lang='lat' dir='ltr'>uesta</span> <span class='ocrx_word' id='word_1_3' title='bbox 674 227 798 288; x_wconf 74' lang='lat' dir='ltr'>ubuum</span> <span class='ocrx_word' id='word_1_4' title='bbox 814 226 1018 287; x_wconf 80' lang='lat' dir='ltr'>luctouutt.</span> <span class='ocrx_word' id='word_1_5' title='bbox 1032 258 1068 273; x_wconf 90' lang='lat'>-</span> <span class='ocrx_word' id='word_1_6' title='bbox 1080 226 1149 288; x_wconf 76' lang='lat' dir='ltr'>ctu.</span> <span class='ocrx_word' id='word_1_7' title='bbox 1167 228 1205 286; x_wconf 87' lang='lat' dir='ltr'>tt.</span> <span class='ocrx_word' id='word_1_8' title='bbox 1228 263 1231 269; x_wconf 86' lang='lat'><strong>·</strong></span> <span class='ocrx_word' id='word_1_9' title='bbox 1633 232 1704 290; x_wconf 81' lang='lat' dir='ltr'>tltc</span> 
     </span>
    </p>
   </div>
   <div class='ocr_carea' id='block_1_2' title="bbox 54 352 1718 4233">
    <p class='ocr_par' dir='ltr' id='par_1_2' title="bbox 55 352 1714 1488">
     <span class='ocr_line' id='line_1_2' title="bbox 57 352 1709 427; baseline 0.001 -16"><span class='ocrx_word' id='word_1_10' title='bbox 57 352 210 411; x_wconf 65' lang='lat' dir='ltr'>maesta</span> <span class='ocrx_word' id='word_1_11' title='bbox 223 352 385 410; x_wconf 73' lang='lat' dir='ltr'>tomulmnr.</span> <span class='ocrx_word' id='word_1_12' title='bbox 402 352 543 409; x_wconf 81' lang='lat' dir='ltr'>&#39;l&#39;ribntum</span> <span class='ocrx_word' id='word_1_13' title='bbox 558 352 729 410; x_wconf 66' lang='lat' dir='ltr'>inexorabile</span> <span class='ocrx_word' id='word_1_14' title='bbox 751 363 780 411; x_wconf 91' lang='lat' dir='ltr'>et</span> <span class='ocrx_word' id='word_1_15' title='bbox 801 354 857 411; x_wconf 81' lang='lat' dir='ltr'>irn-</span> <span class='ocrx_word' id='word_1_16' title='bbox 871 353 900 417; x_wconf 74' lang='lat' dir='ltr'>A</span> <span class='ocrx_word' id='word_1_17' title='bbox 914 353 1036 426; x_wconf 87' lang='lat' dir='ltr'>regium.</span> <span class='ocrx_word' id='word_1_18' title='bbox 1059 353 1100 410; x_wconf 89' lang='lat' dir='ltr'>lta</span> <span class='ocrx_word' id='word_1_19' title='bbox 1122 352 1157 410; x_wconf 91' lang='lat' dir='ltr'>ad</span> <span class='ocrx_word' id='word_1_20' title='bbox 1182 366 1319 426; x_wconf 89' lang='lat' dir='ltr'>sponsum</span> <span class='ocrx_word' id='word_1_21' title='bbox 1344 352 1401 426; x_wconf 78' lang='grc'><strong>(8))</strong></span> <span class='ocrx_word' id='word_1_22' title='bbox 1415 354 1595 427; x_wconf 75' lang='lat' dir='ltr'>perveniens,</span> <span class='ocrx_word' id='word_1_23' title='bbox 1619 354 1709 415; x_wconf 86' lang='lat' dir='ltr'>multo</span> 
     </span>
     <span class='ocr_line' id='line_1_3' title="bbox 57 441 1707 522; baseline 0.002 -25"><span class='ocrx_word' id='word_1_24' title='bbox 57 443 192 516; x_wconf 81' lang='lat' dir='ltr'>portabile</span> <span class='ocrx_word' id='word_1_25' title='bbox 211 442 318 517; x_wconf 78' lang='lat' dir='ltr'>Angliaa</span> <span class='ocrx_word' id='word_1_26' title='bbox 341 442 484 522; x_wconf 71' lang='lat' dir='ltr'>imposuit,</span> <span class='ocrx_word' id='word_1_27' title='bbox 501 448 531 498; x_wconf 90' lang='lat' dir='ltr'>ut</span> <span class='ocrx_word' id='word_1_28' title='bbox 548 442 700 499; x_wconf 88' lang='lat' dir='ltr'>classiariis</span> <span class='ocrx_word' id='word_1_29' title='bbox 724 444 781 498; x_wconf 89' lang='lat' dir='ltr'>suis</span> <span class='ocrx_word' id='word_1_30' title='bbox 805 459 856 515; x_wconf 90' lang='lat' dir='ltr'>per</span> <span class='ocrx_word' id='word_1_31' title='bbox 911 450 1034 514; x_wconf 81' lang='lat' dir='ltr'>ternpore</span> <span class='ocrx_word' id='word_1_32' title='bbox 1047 441 1140 498; x_wconf 83' lang='lat' dir='ltr'>loedus</span> <span class='ocrx_word' id='word_1_33' title='bbox 1154 442 1304 516; x_wconf 89' lang='lat' dir='ltr'>conjugale</span> <span class='ocrx_word' id='word_1_34' title='bbox 1319 442 1388 499; x_wconf 83' lang='lat' dir='ltr'>fovit</span> <span class='ocrx_word' id='word_1_35' title='bbox 1400 457 1407 498; x_wconf 92' lang='lat'>:</span> <span class='ocrx_word' id='word_1_36' title='bbox 1418 453 1567 516; x_wconf 88' lang='lat' dir='ltr'>postremo,</span> <span class='ocrx_word' id='word_1_37' title='bbox 1580 443 1707 502; x_wconf 87' lang='lat' dir='ltr'>adulterii</span> 
     </span>
     <span class='ocr_line' id='line_1_4' title="bbox 58 530 1708 606; baseline 0.002 -20"><span class='ocrx_word' id='word_1_38' title='bbox 58 530 183 604; x_wconf 86' lang='lat' dir='ltr'>singulas</span> <span class='ocrx_word' id='word_1_39' title='bbox 198 546 283 587; x_wconf 84' lang='lat' dir='ltr'>naves</span> <span class='ocrx_word' id='word_1_40' title='bbox 298 530 355 602; x_wconf 78' lang='grc'><strong>(75)</strong></span> <span class='ocrx_word' id='word_1_41' title='bbox 371 531 467 603; x_wconf 76' lang='lat' dir='ltr'>uiginti</span> <span class='ocrx_word' id='word_1_42' title='bbox 481 546 590 588; x_wconf 87' lang='lat' dir='ltr'>marcas</span> <span class='ocrx_word' id='word_1_43' title='bbox 605 548 641 587; x_wconf 84' lang='lat' dir='ltr'>ex</span> <span class='ocrx_word' id='word_1_44' title='bbox 656 531 776 602; x_wconf 91' lang='lat' dir='ltr'>pollicito</span> <span class='ocrx_word' id='word_1_45' title='bbox 790 547 857 602; x_wconf 89' lang='lat' dir='ltr'>pen·</span> <span class='ocrx_word' id='word_1_46' title='bbox 911 538 1056 598; x_wconf 86' lang='lat' dir='ltr'>accusata,</span> <span class='ocrx_word' id='word_1_47' title='bbox 1072 532 1220 602; x_wconf 89' lang='lat' dir='ltr'>puerulum</span> <span class='ocrx_word' id='word_1_48' title='bbox 1234 531 1372 606; x_wconf 87' lang='lat' dir='ltr'>quendam</span> <span class='ocrx_word' id='word_1_49' title='bbox 1388 533 1477 588; x_wconf 84' lang='lat' dir='ltr'>sturni</span> <span class='ocrx_word' id='word_1_50' title='bbox 1492 535 1547 606; x_wconf 73' lang='grc'><strong>(88)</strong></span> <span class='ocrx_word' id='word_1_51' title='bbox 1561 534 1603 589; x_wconf 87' lang='lat' dir='ltr'>sni</span> <span class='ocrx_word' id='word_1_52' title='bbox 1617 534 1708 589; x_wconf 86' lang='lat' dir='ltr'>alun-</span> 
     </span>
     <span class='ocr_line' id='line_1_5' title="bbox 57 618 1708 692; baseline 0.001 -18"><span class='ocrx_word' id='word_1_53' title='bbox 57 619 160 676; x_wconf 85' lang='lat' dir='ltr'>aitaret.</span> <span class='ocrx_word' id='word_1_54' title='bbox 174 618 257 689; x_wconf 82' lang='lat' dir='ltr'>Quod</span> <span class='ocrx_word' id='word_1_55' title='bbox 271 618 336 674; x_wconf 92' lang='lat' dir='ltr'>dum</span> <span class='ocrx_word' id='word_1_56' title='bbox 352 620 506 691; x_wconf 76' lang='lat' dir='ltr'>importune</span> <span class='ocrx_word' id='word_1_57' title='bbox 520 620 855 692; x_wconf 74' lang='lat' dir='ltr'>perlngliamerigitur,</span> <span class='ocrx_word' id='word_1_58' title='bbox 911 635 986 684; x_wconf 90' lang='lat' dir='ltr'>num,</span> <span class='ocrx_word' id='word_1_59' title='bbox 1012 635 1096 692; x_wconf 86' lang='lat' dir='ltr'>quarn</span> <span class='ocrx_word' id='word_1_60' title='bbox 1118 635 1211 675; x_wconf 88' lang='lat' dir='ltr'>aecum</span> <span class='ocrx_word' id='word_1_61' title='bbox 1239 636 1273 675; x_wconf 84' lang='lat' dir='ltr'>er</span> <span class='ocrx_word' id='word_1_62' title='bbox 1301 620 1401 691; x_wconf 73' lang='lat' dir='ltr'>Anglia</span> <span class='ocrx_word' id='word_1_63' title='bbox 1429 621 1557 688; x_wconf 86' lang='lat' dir='ltr'>duxerat,</span> <span class='ocrx_word' id='word_1_64' title='bbox 1582 621 1708 689; x_wconf 87' lang='lat' dir='ltr'>delatori,</span> 
     </span>
     <span class='ocr_line' id='line_1_6' title="bbox 57 706 1709 781; baseline 0 -17"><span class='ocrx_word' id='word_1_65' title='bbox 57 707 114 764; x_wconf 85' lang='lat' dir='ltr'>alno</span> <span class='ocrx_word' id='word_1_66' title='bbox 127 706 253 764; x_wconf 77' lang='lat' dir='ltr'>infestius</span> <span class='ocrx_word' id='word_1_67' title='bbox 267 708 320 764; x_wconf 87' lang='lat' dir='ltr'>boc</span> <span class='ocrx_word' id='word_1_68' title='bbox 334 723 431 763; x_wconf 88' lang='lat' dir='ltr'>munus</span> <span class='ocrx_word' id='word_1_69' title='bbox 445 715 613 779; x_wconf 76' lang='lat' dir='ltr'>exequentes</span> <span class='ocrx_word' id='word_1_70' title='bbox 626 724 640 762; x_wconf 87' lang='lat' dir='ltr'>a</span> <span class='ocrx_word' id='word_1_71' title='bbox 651 708 803 780; x_wconf 88' lang='lat' dir='ltr'>Wigornire</span> <span class='ocrx_word' id='word_1_72' title='bbox 818 707 857 764; x_wconf 90' lang='lat' dir='ltr'>ci·</span> <span class='ocrx_word' id='word_1_73' title='bbox 911 709 970 779; x_wconf 85' lang='grc'><strong>(83)</strong></span> <span class='ocrx_word' id='word_1_74' title='bbox 984 708 1121 780; x_wconf 75' lang='lat' dir='ltr'>giganteae</span> <span class='ocrx_word' id='word_1_75' title='bbox 1141 707 1222 763; x_wconf 90' lang='lat' dir='ltr'>molis</span> <span class='ocrx_word' id='word_1_76' title='bbox 1246 708 1358 773; x_wconf 88' lang='lat' dir='ltr'>bomini,</span> <span class='ocrx_word' id='word_1_77' title='bbox 1373 707 1408 762; x_wconf 89' lang='lat' dir='ltr'>ad</span> <span class='ocrx_word' id='word_1_78' title='bbox 1421 710 1641 767; x_wconf 85' lang='lat' dir='ltr'>monomachiam</span> <span class='ocrx_word' id='word_1_79' title='bbox 1655 725 1709 781; x_wconf 92' lang='lat' dir='ltr'>ap-</span> 
     </span>
     <span class='ocr_line' id='line_1_7' title="bbox 57 794 1709 868; baseline 0.001 -16"><span class='ocrx_word' id='word_1_80' title='bbox 57 796 139 853; x_wconf 80' lang='lat' dir='ltr'>ribus</span> <span class='ocrx_word' id='word_1_81' title='bbox 161 796 271 852; x_wconf 77' lang='lat' dir='ltr'>extincti</span> <span class='ocrx_word' id='word_1_82' title='bbox 295 805 373 864; x_wconf 59' lang='lat' dir='ltr'>subtr</span> <span class='ocrx_word' id='word_1_83' title='bbox 399 803 566 868; x_wconf 87' lang='lat' dir='ltr'>quapropter</span> <span class='ocrx_word' id='word_1_84' title='bbox 585 812 634 867; x_wconf 90' lang='lat' dir='ltr'>per</span> <span class='ocrx_word' id='word_1_85' title='bbox 648 796 762 853; x_wconf 85' lang='lat' dir='ltr'>comites</span> <span class='ocrx_word' id='word_1_86' title='bbox 788 813 856 853; x_wconf 88' lang='lat' dir='ltr'>suos</span> <span class='ocrx_word' id='word_1_87' title='bbox 911 795 1001 867; x_wconf 82' lang='lat' dir='ltr'>poenit</span> <span class='ocrx_word' id='word_1_88' title='bbox 1022 794 1092 867; x_wconf 85' lang='lat' dir='ltr'>(el),</span> <span class='ocrx_word' id='word_1_89' title='bbox 1109 795 1214 852; x_wconf 76' lang='lat' dir='ltr'>caeteris</span> <span class='ocrx_word' id='word_1_90' title='bbox 1236 795 1384 853; x_wconf 76' lang='lat' dir='ltr'>clientibus</span> <span class='ocrx_word' id='word_1_91' title='bbox 1408 797 1489 853; x_wconf 93' lang='lat' dir='ltr'>inerti</span> <span class='ocrx_word' id='word_1_92' title='bbox 1510 798 1606 854; x_wconf 89' lang='lat' dir='ltr'>timore</span> <span class='ocrx_word' id='word_1_93' title='bbox 1628 798 1709 854; x_wconf 86' lang='lat' dir='ltr'>reiu-</span> 
     </span>
     <span class='ocr_line' id='line_1_8' title="bbox 60 883 1711 958; baseline 0 -17"><span class='ocrx_word' id='word_1_94' title='bbox 60 884 127 941; x_wconf 86' lang='lat' dir='ltr'>arbe</span> <span class='ocrx_word' id='word_1_95' title='bbox 140 884 253 940; x_wconf 87' lang='lat' dir='ltr'>incensa</span> <span class='ocrx_word' id='word_1_96' title='bbox 267 892 294 940; x_wconf 92' lang='lat' dir='ltr'>et</span> <span class='ocrx_word' id='word_1_97' title='bbox 307 883 483 955; x_wconf 89' lang='lat' dir='ltr'>depopulata,</span> <span class='ocrx_word' id='word_1_98' title='bbox 495 883 611 939; x_wconf 74' lang='lat' dir='ltr'>fortunis</span> <span class='ocrx_word' id='word_1_99' title='bbox 625 884 724 939; x_wconf 87' lang='lat' dir='ltr'>civium</span> <span class='ocrx_word' id='word_1_100' title='bbox 739 884 854 952; x_wconf 87' lang='lat' dir='ltr'>abrasis,</span> <span class='ocrx_word' id='word_1_101' title='bbox 911 883 1063 956; x_wconf 88' lang='lat' dir='ltr'>gienlibus.</span> <span class='ocrx_word' id='word_1_102' title='bbox 1087 885 1195 956; x_wconf 85' lang='lat' dir='ltr'>ltaque,</span> <span class='ocrx_word' id='word_1_103' title='bbox 1216 893 1343 940; x_wconf 87' lang='lat' dir='ltr'>conserto</span> <span class='ocrx_word' id='word_1_104' title='bbox 1367 884 1469 954; x_wconf 90' lang='lat' dir='ltr'>duello,</span> <span class='ocrx_word' id='word_1_105' title='bbox 1483 902 1533 958; x_wconf 91' lang='lat' dir='ltr'>per</span> <span class='ocrx_word' id='word_1_106' title='bbox 1546 885 1711 943; x_wconf 74' lang='lat' dir='ltr'>miraculum</span> 
     </span>
     <span class='ocr_line' id='line_1_9' title="bbox 58 971 1711 1045; baseline -0.001 -14"><span class='ocrx_word' id='word_1_107' title='bbox 58 971 253 1031; x_wconf 86' lang='lat' dir='ltr'>contumeliam</span> <span class='ocrx_word' id='word_1_108' title='bbox 265 975 344 1040; x_wconf 80' lang='lat'>321</span> <span class='ocrx_word' id='word_1_109' title='bbox 359 971 578 1037; x_wconf 80' lang='lat' dir='ltr'>ismae,etamcri</span> <span class='ocrx_word' id='word_1_110' title='bbox 589 988 640 1027; x_wconf 92' lang='lat' dir='ltr'>suo</span> <span class='ocrx_word' id='word_1_111' title='bbox 650 972 854 1043; x_wconf 76' lang='lat' dir='ltr'>detrimentum,</span> <span class='ocrx_word' id='word_1_112' title='bbox 910 971 959 1026; x_wconf 86' lang='lat' dir='ltr'>Dei</span> <span class='ocrx_word' id='word_1_113' title='bbox 973 971 1150 1027; x_wconf 88' lang='lat' dir='ltr'>insimulator</span> <span class='ocrx_word' id='word_1_114' title='bbox 1162 972 1274 1028; x_wconf 89' lang='lat' dir='ltr'>succiso</span> <span class='ocrx_word' id='word_1_115' title='bbox 1289 973 1394 1045; x_wconf 83' lang='lat' dir='ltr'>poplite</span> <span class='ocrx_word' id='word_1_116' title='bbox 1414 982 1572 1030; x_wconf 78' lang='lat' dir='ltr'>enervatur.</span> <span class='ocrx_word' id='word_1_117' title='bbox 1591 974 1711 1031; x_wconf 88' lang='lat' dir='ltr'>Guunil·</span> 
     </span>
     <span class='ocr_line' id='line_1_10' title="bbox 58 1059 1711 1136; baseline 0.001 -18"><span class='ocrx_word' id='word_1_118' title='bbox 58 1061 186 1135; x_wconf 87' lang='lat' dir='ltr'>ingessit.</span> <span class='ocrx_word' id='word_1_119' title='bbox 202 1060 274 1117; x_wconf 86' lang='lat' dir='ltr'>Sanc</span> <span class='ocrx_word' id='word_1_120' title='bbox 288 1076 322 1116; x_wconf 91' lang='lat' dir='ltr'>ne</span> <span class='ocrx_word' id='word_1_121' title='bbox 337 1059 444 1115; x_wconf 88' lang='lat' dir='ltr'>silentio</span> <span class='ocrx_word' id='word_1_122' title='bbox 463 1074 588 1131; x_wconf 89' lang='lat' dir='ltr'>premam</span> <span class='ocrx_word' id='word_1_123' title='bbox 609 1062 682 1133; x_wconf 89' lang='lat' dir='ltr'>quud</span> <span class='ocrx_word' id='word_1_124' title='bbox 702 1061 737 1116; x_wconf 92' lang='lat' dir='ltr'>de</span> <span class='ocrx_word' id='word_1_125' title='bbox 748 1061 856 1132; x_wconf 89' lang='lat' dir='ltr'>primo·</span> <span class='ocrx_word' id='word_1_126' title='bbox 909 1059 962 1129; x_wconf 90' lang='lat' dir='ltr'>dis,</span> <span class='ocrx_word' id='word_1_127' title='bbox 979 1059 1122 1129; x_wconf 87' lang='lat' dir='ltr'>insperato</span> <span class='ocrx_word' id='word_1_128' title='bbox 1148 1061 1290 1132; x_wconf 87' lang='lat' dir='ltr'>triumpho</span> <span class='ocrx_word' id='word_1_129' title='bbox 1313 1061 1478 1132; x_wconf 89' lang='lat' dir='ltr'>tripudians,</span> <span class='ocrx_word' id='word_1_130' title='bbox 1492 1063 1551 1120; x_wconf 79' lang='lat' dir='ltr'>viro</span> <span class='ocrx_word' id='word_1_131' title='bbox 1565 1063 1711 1136; x_wconf 86' lang='lat' dir='ltr'>repudium</span> 
     </span>
     <span class='ocr_line' id='line_1_11' title="bbox 57 1147 1711 1224; baseline 0.001 -18"><span class='ocrx_word' id='word_1_132' title='bbox 57 1149 154 1224; x_wconf 88' lang='lat' dir='ltr'>genito</span> <span class='ocrx_word' id='word_1_133' title='bbox 167 1147 307 1205; x_wconf 83' lang='lat' dir='ltr'>Elbelredi</span> <span class='ocrx_word' id='word_1_134' title='bbox 321 1147 433 1205; x_wconf 82' lang='lat' dir='ltr'>iiliredo</span> <span class='ocrx_word' id='word_1_135' title='bbox 449 1149 612 1223; x_wconf 74' lang='lat' dir='ltr'>rumigeruli</span> <span class='ocrx_word' id='word_1_136' title='bbox 635 1157 780 1223; x_wconf 88' lang='lat' dir='ltr'>spargunt.</span> <span class='ocrx_word' id='word_1_137' title='bbox 806 1149 856 1207; x_wconf 91' lang='lat' dir='ltr'>ille</span> <span class='ocrx_word' id='word_1_138' title='bbox 910 1147 1001 1210; x_wconf 90' lang='lat' dir='ltr'>dedit;</span> <span class='ocrx_word' id='word_1_139' title='bbox 1020 1163 1071 1204; x_wconf 91' lang='lat' dir='ltr'>nec</span> <span class='ocrx_word' id='word_1_140' title='bbox 1084 1148 1154 1203; x_wconf 91' lang='lat' dir='ltr'>ultra</span> <span class='ocrx_word' id='word_1_141' title='bbox 1168 1148 1251 1204; x_wconf 88' lang='lat' dir='ltr'>minis</span> <span class='ocrx_word' id='word_1_142' title='bbox 1277 1155 1322 1204; x_wconf 90' lang='lat' dir='ltr'>aut</span> <span class='ocrx_word' id='word_1_143' title='bbox 1344 1149 1528 1206; x_wconf 74' lang='lat' dir='ltr'>delinimentis</span> <span class='ocrx_word' id='word_1_144' title='bbox 1542 1151 1644 1208; x_wconf 89' lang='lat' dir='ltr'>adduci</span> <span class='ocrx_word' id='word_1_145' title='bbox 1659 1166 1711 1224; x_wconf 90' lang='lat' dir='ltr'>pc·</span> 
     </span>
     <span class='ocr_line' id='line_1_12' title="bbox 58 1236 1714 1311; baseline 0 -14"><span class='ocrx_word' id='word_1_146' title='bbox 58 1239 118 1311; x_wconf 82' lang='lat' dir='ltr'>(id)</span> <span class='ocrx_word' id='word_1_147' title='bbox 133 1237 208 1295; x_wconf 89' lang='lat' dir='ltr'>inter</span> <span class='ocrx_word' id='word_1_148' title='bbox 225 1245 345 1294; x_wconf 87' lang='lat' dir='ltr'>mortem</span> <span class='ocrx_word' id='word_1_149' title='bbox 359 1236 471 1294; x_wconf 85' lang='lat' dir='ltr'>iiarcldi</span> <span class='ocrx_word' id='word_1_150' title='bbox 499 1246 526 1294; x_wconf 90' lang='lat' dir='ltr'>et</span> <span class='ocrx_word' id='word_1_151' title='bbox 552 1239 768 1311; x_wconf 79' lang='lat' dir='ltr'>expectationem</span> <span class='ocrx_word' id='word_1_152' title='bbox 784 1238 855 1295; x_wconf 87' lang='lat' dir='ltr'>liar·</span> <span class='ocrx_word' id='word_1_153' title='bbox 911 1236 960 1291; x_wconf 91' lang='lat' dir='ltr'>tuit</span> <span class='ocrx_word' id='word_1_154' title='bbox 974 1244 1005 1292; x_wconf 92' lang='lat' dir='ltr'>ut</span> <span class='ocrx_word' id='word_1_155' title='bbox 1021 1236 1142 1292; x_wconf 90' lang='lat' dir='ltr'>tbalamo</span> <span class='ocrx_word' id='word_1_156' title='bbox 1159 1236 1232 1292; x_wconf 92' lang='lat' dir='ltr'>illins</span> <span class='ocrx_word' id='word_1_157' title='bbox 1246 1238 1425 1303; x_wconf 73' lang='lat' dir='ltr'>consentiret,</span> <span class='ocrx_word' id='word_1_158' title='bbox 1441 1239 1500 1309; x_wconf 83' lang='lat' dir='ltr'>sed,</span> <span class='ocrx_word' id='word_1_159' title='bbox 1511 1240 1605 1298; x_wconf 79' lang='lat' dir='ltr'>retum</span> <span class='ocrx_word' id='word_1_160' title='bbox 1617 1240 1714 1297; x_wconf 72' lang='lat' dir='ltr'>mnod-</span> 
     </span>
     <span class='ocr_line' id='line_1_13' title="bbox 56 1324 1713 1402; baseline 0.001 -17"><span class='ocrx_word' id='word_1_161' title='bbox 56 1326 168 1385; x_wconf 76' lang='lat' dir='ltr'>cecam</span> <span class='ocrx_word' id='word_1_162' title='bbox 195 1326 344 1395; x_wconf 78' lang='lat' dir='ltr'>fluctuans,</span> <span class='ocrx_word' id='word_1_163' title='bbox 359 1342 476 1399; x_wconf 88' lang='lat' dir='ltr'>reguum</span> <span class='ocrx_word' id='word_1_164' title='bbox 492 1327 645 1398; x_wconf 76' lang='lat' dir='ltr'>ingressus,</span> <span class='ocrx_word' id='word_1_165' title='bbox 662 1328 857 1400; x_wconf 88' lang='lat' dir='ltr'>compatriota·</span> <span class='ocrx_word' id='word_1_166' title='bbox 913 1324 1074 1381; x_wconf 88' lang='lat' dir='ltr'>monialium</span> <span class='ocrx_word' id='word_1_167' title='bbox 1103 1324 1444 1398; x_wconf 74' lang='lat' dir='ltr'>suscipieueltttt),iu1lei</span> <span class='ocrx_word' id='word_1_168' title='bbox 1466 1328 1577 1387; x_wconf 70' lang='lat' dir='ltr'>unito</span> <span class='ocrx_word' id='word_1_169' title='bbox 1604 1327 1713 1402; x_wconf 86' lang='lat' dir='ltr'>placido</span> 
     </span>
     <span class='ocr_line' id='line_1_14' title="bbox 55 1413 1134 1488; baseline -0.003 -13"><span class='ocrx_word' id='word_1_170' title='bbox 55 1432 118 1475; x_wconf 74' lang='lat' dir='ltr'>ru·</span> <span class='ocrx_word' id='word_1_171' title='bbox 127 1413 293 1488; x_wconf 86' lang='lat' dir='ltr'>pertidia,et</span> <span class='ocrx_word' id='word_1_172' title='bbox 305 1413 425 1472; x_wconf 82' lang='lat' dir='ltr'>maxime</span> <span class='ocrx_word' id='word_1_173' title='bbox 436 1414 573 1485; x_wconf 83' lang='lat' dir='ltr'>Godwini,</span> <span class='ocrx_word' id='word_1_174' title='bbox 583 1415 736 1472; x_wconf 89' lang='lat' dir='ltr'>luminibus</span> <span class='ocrx_word' id='word_1_175' title='bbox 745 1416 858 1474; x_wconf 91' lang='lat' dir='ltr'>orbatus</span> <span class='ocrx_word' id='word_1_176' title='bbox 911 1413 1051 1471; x_wconf 89' lang='lat' dir='ltr'>consenuit</span> <span class='ocrx_word' id='word_1_177' title='bbox 1062 1414 1134 1472; x_wconf 92' lang='lat' dir='ltr'>otio.</span> 
     </span>
    </p>

    <p class='ocr_par' dir='ltr' id='par_1_3' title="bbox 56 1502 1501 1577">
     <span class='ocr_line' id='line_1_15' title="bbox 56 1502 1501 1577; baseline -0.001 -15"><span class='ocrx_word' id='word_1_178' title='bbox 56 1511 100 1562; x_wconf 86' lang='lat' dir='ltr'>eat</span> <span class='ocrx_word' id='word_1_179' title='bbox 114 1503 187 1577; x_wconf 87' lang='lat' dir='ltr'>apud</span> <span class='ocrx_word' id='word_1_180' title='bbox 202 1503 406 1576; x_wconf 54' lang='lat' dir='ltr'>Gibingebsmr</span> <span class='ocrx_word' id='word_1_181' title='bbox 429 1504 491 1561; x_wconf 90' lang='lat' dir='ltr'>inde</span> <span class='ocrx_word' id='word_1_182' title='bbox 506 1502 541 1559; x_wconf 89' lang='lat' dir='ltr'>ad</span> <span class='ocrx_word' id='word_1_183' title='bbox 551 1504 683 1561; x_wconf 83' lang='lat' dir='ltr'>ileliense</span> <span class='ocrx_word' id='word_1_184' title='bbox 704 1505 858 1563; x_wconf 79' lang='lat' dir='ltr'>cenobium</span> <span class='ocrx_word' id='word_1_185' title='bbox 1114 1517 1153 1560; x_wconf 80' lang='lat' dir='ltr'>cc</span> <span class='ocrx_word' id='word_1_186' title='bbox 1170 1517 1294 1560; x_wconf 74' lang='lat' dir='ltr'>armico</span> <span class='ocrx_word' id='word_1_187' title='bbox 1313 1517 1501 1563; x_wconf 73' lang='lat' dir='ltr'>mnaseas.</span> 
     </span>
    </p>

    <p class='ocr_par' dir='ltr' id='par_1_4' title="bbox 54 1592 1718 3703">
     <span class='ocr_line' id='line_1_16' title="bbox 59 1592 1715 1668; baseline 0.002 -19"><span class='ocrx_word' id='word_1_188' title='bbox 59 1592 193 1658; x_wconf 89' lang='lat' dir='ltr'>directus,</span> <span class='ocrx_word' id='word_1_189' title='bbox 210 1592 338 1649; x_wconf 87' lang='lat' dir='ltr'>miseram</span> <span class='ocrx_word' id='word_1_190' title='bbox 354 1592 437 1648; x_wconf 82' lang='lat' dir='ltr'>vitam</span> <span class='ocrx_word' id='word_1_191' title='bbox 452 1607 543 1665; x_wconf 86' lang='lat' dir='ltr'>pauco</span> <span class='ocrx_word' id='word_1_192' title='bbox 558 1600 684 1664; x_wconf 85' lang='lat' dir='ltr'>tempore</span> <span class='ocrx_word' id='word_1_193' title='bbox 698 1610 769 1667; x_wconf 90' lang='lat' dir='ltr'>pane</span> <span class='ocrx_word' id='word_1_194' title='bbox 784 1594 859 1651; x_wconf 90' lang='lat' dir='ltr'>ciba·</span> <span class='ocrx_word' id='word_1_195' title='bbox 946 1592 960 1664; x_wconf 80' lang='lat'><strong>§</strong></span> <span class='ocrx_word' id='word_1_196' title='bbox 976 1594 1036 1648; x_wconf 76' lang='grc'><strong>188.</strong></span> <span class='ocrx_word' id='word_1_197' title='bbox 1057 1592 1123 1648; x_wconf 85' lang='lat' dir='ltr'>Erat</span> <span class='ocrx_word' id='word_1_198' title='bbox 1136 1592 1286 1665; x_wconf 88' lang='lat' dir='ltr'>imperator</span> <span class='ocrx_word' id='word_1_199' title='bbox 1313 1594 1406 1649; x_wconf 88' lang='lat' dir='ltr'>multis</span> <span class='ocrx_word' id='word_1_200' title='bbox 1434 1604 1461 1651; x_wconf 92' lang='lat' dir='ltr'>et</span> <span class='ocrx_word' id='word_1_201' title='bbox 1486 1593 1593 1668; x_wconf 86' lang='lat' dir='ltr'>magnis</span> <span class='ocrx_word' id='word_1_202' title='bbox 1607 1595 1715 1653; x_wconf 76' lang='lat' dir='ltr'>rimuli-</span> 
     </span>
     <span class='ocr_line' id='line_1_17' title="bbox 59 1679 1716 1765; baseline 0.003 -27"><span class='ocrx_word' id='word_1_203' title='bbox 59 1681 104 1739; x_wconf 87' lang='lat' dir='ltr'>ric</span> <span class='ocrx_word' id='word_1_204' title='bbox 118 1681 295 1750; x_wconf 66' lang='lat' dir='ltr'>aumentarit3</span> <span class='ocrx_word' id='word_1_205' title='bbox 319 1679 450 1737; x_wconf 90' lang='lat' dir='ltr'>omnibus</span> <span class='ocrx_word' id='word_1_206' title='bbox 464 1681 611 1738; x_wconf 78' lang='lat' dir='ltr'>comitibus</span> <span class='ocrx_word' id='word_1_207' title='bbox 625 1689 726 1753; x_wconf 81' lang='lat' dir='ltr'>preter</span> <span class='ocrx_word' id='word_1_208' title='bbox 738 1683 900 1765; x_wconf 75' lang='lat' dir='ltr'>decimcsss</span> <span class='ocrx_word' id='word_1_209' title='bbox 913 1681 965 1737; x_wconf 80' lang='lat' dir='ltr'>bus</span> <span class='ocrx_word' id='word_1_210' title='bbox 989 1680 1134 1752; x_wconf 79' lang='lat' dir='ltr'>preditus,</span> <span class='ocrx_word' id='word_1_211' title='bbox 1150 1689 1179 1739; x_wconf 86' lang='lat' dir='ltr'>et</span> <span class='ocrx_word' id='word_1_212' title='bbox 1193 1681 1313 1738; x_wconf 88' lang='lat' dir='ltr'>omnium</span> <span class='ocrx_word' id='word_1_213' title='bbox 1326 1698 1400 1755; x_wconf 91' lang='lat' dir='ltr'>pene</span> <span class='ocrx_word' id='word_1_214' title='bbox 1414 1690 1477 1740; x_wconf 88' lang='lat' dir='ltr'>ante</span> <span class='ocrx_word' id='word_1_215' title='bbox 1490 1699 1521 1742; x_wconf 87' lang='lat' dir='ltr'>se</span> <span class='ocrx_word' id='word_1_216' title='bbox 1533 1684 1716 1743; x_wconf 89' lang='lat' dir='ltr'>bellicosissi-</span> 
     </span>
     <span class='ocr_line' id='line_1_18' title="bbox 58 1769 1715 1844; baseline 0.002 -17"><span class='ocrx_word' id='word_1_217' title='bbox 58 1770 235 1843; x_wconf 87' lang='lat' dir='ltr'>decapitatis,</span> <span class='ocrx_word' id='word_1_218' title='bbox 264 1784 328 1826; x_wconf 86' lang='lat' dir='ltr'>nam</span> <span class='ocrx_word' id='word_1_219' title='bbox 356 1786 417 1827; x_wconf 86' lang='lat' dir='ltr'>sors</span> <span class='ocrx_word' id='word_1_220' title='bbox 445 1769 579 1826; x_wconf 88' lang='lat' dir='ltr'>decimum</span> <span class='ocrx_word' id='word_1_221' title='bbox 607 1787 752 1844; x_wconf 86' lang='lat' dir='ltr'>quemque</span> <span class='ocrx_word' id='word_1_222' title='bbox 778 1775 858 1831; x_wconf 89' lang='lat' dir='ltr'>morti</span> <span class='ocrx_word' id='word_1_223' title='bbox 913 1785 990 1836; x_wconf 86' lang='lat' dir='ltr'>mus,</span> <span class='ocrx_word' id='word_1_224' title='bbox 1019 1771 1120 1842; x_wconf 89' lang='lat' dir='ltr'>quippe</span> <span class='ocrx_word' id='word_1_225' title='bbox 1148 1769 1195 1841; x_wconf 86' lang='lat' dir='ltr'>qui</span> <span class='ocrx_word' id='word_1_226' title='bbox 1221 1769 1303 1826; x_wconf 87' lang='lat' dir='ltr'>etiam</span> <span class='ocrx_word' id='word_1_227' title='bbox 1332 1771 1489 1829; x_wconf 78' lang='lat' dir='ltr'>Vindelicos</span> <span class='ocrx_word' id='word_1_228' title='bbox 1522 1779 1550 1829; x_wconf 87' lang='lat' dir='ltr'>et</span> <span class='ocrx_word' id='word_1_229' title='bbox 1574 1773 1715 1831; x_wconf 82' lang='lat' dir='ltr'>Lenticics</span> 
     </span>
     <span class='ocr_line' id='line_1_19' title="bbox 62 1858 1714 1934; baseline 0.003 -19"><span class='ocrx_word' id='word_1_230' title='bbox 62 1866 209 1915; x_wconf 73' lang='lat' dir='ltr'>exemeret.</span> <span class='ocrx_word' id='word_1_231' title='bbox 231 1860 309 1925; x_wconf 81' lang='lat' dir='ltr'>ilaec,</span> <span class='ocrx_word' id='word_1_232' title='bbox 326 1858 391 1930; x_wconf 88' lang='lat' dir='ltr'>quia</span> <span class='ocrx_word' id='word_1_233' title='bbox 412 1858 486 1914; x_wconf 86' lang='lat' dir='ltr'>larua</span> <span class='ocrx_word' id='word_1_234' title='bbox 499 1858 581 1921; x_wconf 88' lang='lat' dir='ltr'>serit,</span> <span class='ocrx_word' id='word_1_235' title='bbox 605 1874 662 1914; x_wconf 86' lang='lat' dir='ltr'>nou</span> <span class='ocrx_word' id='word_1_236' title='bbox 683 1859 780 1925; x_wconf 85' lang='lat' dir='ltr'>cmisi;</span> <span class='ocrx_word' id='word_1_237' title='bbox 796 1863 856 1934; x_wconf 86' lang='lat' dir='ltr'>sed,</span> <span class='ocrx_word' id='word_1_238' title='bbox 912 1858 1061 1930; x_wconf 75' lang='lat' dir='ltr'>subegerit,</span> <span class='ocrx_word' id='word_1_239' title='bbox 1078 1865 1249 1931; x_wconf 84' lang='lat' dir='ltr'>caeterosque</span> <span class='ocrx_word' id='word_1_240' title='bbox 1264 1859 1381 1931; x_wconf 88' lang='lat' dir='ltr'>populos</span> <span class='ocrx_word' id='word_1_241' title='bbox 1393 1861 1495 1918; x_wconf 83' lang='lat' dir='ltr'>Suavis</span> <span class='ocrx_word' id='word_1_242' title='bbox 1516 1862 1714 1933; x_wconf 85' lang='lat' dir='ltr'>contennincs,</span> 
     </span>
     <span class='ocr_line' id='line_1_20' title="bbox 58 1946 1717 2022; baseline 0.003 -18"><span class='ocrx_word' id='word_1_243' title='bbox 58 1946 118 2017; x_wconf 82' lang='lat' dir='ltr'>(tt)</span> <span class='ocrx_word' id='word_1_244' title='bbox 131 1947 197 2019; x_wconf 89' lang='lat' dir='ltr'>quis</span> <span class='ocrx_word' id='word_1_245' title='bbox 210 1946 342 2004; x_wconf 85' lang='lat' dir='ltr'>chronica</span> <span class='ocrx_word' id='word_1_246' title='bbox 354 1955 434 2011; x_wconf 87' lang='lat' dir='ltr'>tacet,</span> <span class='ocrx_word' id='word_1_247' title='bbox 446 1962 497 2018; x_wconf 89' lang='lat' dir='ltr'>pro</span> <span class='ocrx_word' id='word_1_248' title='bbox 511 1946 598 2003; x_wconf 88' lang='lat' dir='ltr'>solido</span> <span class='ocrx_word' id='word_1_249' title='bbox 608 1963 663 2003; x_wconf 89' lang='lat' dir='ltr'>non</span> <span class='ocrx_word' id='word_1_250' title='bbox 672 1951 777 2005; x_wconf 87' lang='lat' dir='ltr'>asserui</span> <span class='ocrx_word' id='word_1_251' title='bbox 788 1951 857 2022; x_wconf 84' lang='lat' dir='ltr'>(ta).</span> <span class='ocrx_word' id='word_1_252' title='bbox 912 1947 1064 2020; x_wconf 81' lang='lat' dir='ltr'>quinoque</span> <span class='ocrx_word' id='word_1_253' title='bbox 1089 1946 1124 2002; x_wconf 90' lang='lat' dir='ltr'>ad</span> <span class='ocrx_word' id='word_1_254' title='bbox 1145 1948 1219 2004; x_wconf 92' lang='lat' dir='ltr'>banc</span> <span class='ocrx_word' id='word_1_255' title='bbox 1239 1947 1312 2004; x_wconf 92' lang='lat' dir='ltr'>diem</span> <span class='ocrx_word' id='word_1_256' title='bbox 1337 1948 1389 2005; x_wconf 88' lang='lat' dir='ltr'>soli</span> <span class='ocrx_word' id='word_1_257' title='bbox 1412 1949 1536 2006; x_wconf 87' lang='lat' dir='ltr'>omnium</span> <span class='ocrx_word' id='word_1_258' title='bbox 1561 1952 1717 2009; x_wconf 73' lang='lat' dir='ltr'>mortalium</span> 
     </span>
     <span class='ocr_line' id='line_1_21' title="bbox 56 2034 1717 2109; baseline 0.003 -17"><span class='ocrx_word' id='word_1_259' title='bbox 56 2036 116 2101; x_wconf 75' lang='lat' dir='ltr'>Hac</span> <span class='ocrx_word' id='word_1_260' title='bbox 139 2034 174 2092; x_wconf 88' lang='lat' dir='ltr'>de</span> <span class='ocrx_word' id='word_1_261' title='bbox 196 2050 282 2092; x_wconf 84' lang='lat' dir='ltr'>causa</span> <span class='ocrx_word' id='word_1_262' title='bbox 300 2036 514 2101; x_wconf 61' lang='lat' dir='ltr'>›Hardecnutus,</span> <span class='ocrx_word' id='word_1_263' title='bbox 529 2035 644 2109; x_wconf 86' lang='lat' dir='ltr'>Liringo</span> <span class='ocrx_word' id='word_1_264' title='bbox 659 2037 859 2096; x_wconf 83' lang='lat' dir='ltr'>Cridietunensi</span> <span class='ocrx_word' id='word_1_265' title='bbox 913 2051 1035 2108; x_wconf 76' lang='lat' dir='ltr'>pagatim</span> <span class='ocrx_word' id='word_1_266' title='bbox 1063 2036 1271 2108; x_wconf 84' lang='lat' dir='ltr'>superstitiones</span> <span class='ocrx_word' id='word_1_267' title='bbox 1298 2037 1442 2104; x_wconf 86' lang='lat' dir='ltr'>anbelcot;</span> <span class='ocrx_word' id='word_1_268' title='bbox 1459 2054 1522 2094; x_wconf 85' lang='lat' dir='ltr'>nem</span> <span class='ocrx_word' id='word_1_269' title='bbox 1539 2039 1667 2096; x_wconf 79' lang='lat' dir='ltr'>Saraceni</span> <span class='ocrx_word' id='word_1_270' title='bbox 1688 2048 1717 2098; x_wconf 87' lang='lat' dir='ltr'>at</span> 
     </span>
     <span class='ocr_line' id='line_1_22' title="bbox 57 2123 1713 2197; baseline 0.002 -14"><span class='ocrx_word' id='word_1_271' title='bbox 57 2124 198 2197; x_wconf 83' lang='lat' dir='ltr'>episcopo,</span> <span class='ocrx_word' id='word_1_272' title='bbox 212 2140 295 2196; x_wconf 85' lang='lat' dir='ltr'>quem</span> <span class='ocrx_word' id='word_1_273' title='bbox 310 2123 385 2180; x_wconf 84' lang='lat' dir='ltr'>larua</span> <span class='ocrx_word' id='word_1_274' title='bbox 402 2123 464 2180; x_wconf 86' lang='lat' dir='ltr'>iacti</span> <span class='ocrx_word' id='word_1_275' title='bbox 480 2132 620 2180; x_wconf 84' lang='lat' dir='ltr'>auctorem</span> <span class='ocrx_word' id='word_1_276' title='bbox 644 2126 797 2192; x_wconf 86' lang='lat' dir='ltr'>asserebat,</span> <span class='ocrx_word' id='word_1_277' title='bbox 813 2126 858 2183; x_wconf 90' lang='lat' dir='ltr'>in·</span> <span class='ocrx_word' id='word_1_278' title='bbox 912 2124 1111 2180; x_wconf 72' lang='lat' dir='ltr'>lambitione</span> <span class='ocrx_word' id='word_1_279' title='bbox 1127 2125 1288 2181; x_wconf 88' lang='lat' dir='ltr'>Creatorem</span> <span class='ocrx_word' id='word_1_280' title='bbox 1302 2127 1404 2192; x_wconf 87' lang='lat' dir='ltr'>colunt,</span> <span class='ocrx_word' id='word_1_281' title='bbox 1416 2128 1489 2196; x_wconf 74' lang='lat'>323</span> <span class='ocrx_word' id='word_1_282' title='bbox 1505 2128 1641 2185; x_wconf 88' lang='lat' dir='ltr'>llabumet</span> <span class='ocrx_word' id='word_1_283' title='bbox 1655 2143 1713 2186; x_wconf 85' lang='lat' dir='ltr'>nco</span> 
     </span>
     <span class='ocr_line' id='line_1_23' title="bbox 59 2211 1714 2285; baseline 0.001 -15"><span class='ocrx_word' id='word_1_284' title='bbox 59 2212 172 2278; x_wconf 80' lang='lat' dir='ltr'>laneus,</span> <span class='ocrx_word' id='word_1_285' title='bbox 189 2211 266 2268; x_wconf 90' lang='lat' dir='ltr'>illum</span> <span class='ocrx_word' id='word_1_286' title='bbox 286 2212 444 2283; x_wconf 84' lang='lat' dir='ltr'>episcopatu</span> <span class='ocrx_word' id='word_1_287' title='bbox 466 2211 586 2283; x_wconf 80' lang='lat' dir='ltr'>expulit,</span> <span class='ocrx_word' id='word_1_288' title='bbox 603 2213 652 2269; x_wconf 89' lang='lat' dir='ltr'>sed</span> <span class='ocrx_word' id='word_1_289' title='bbox 675 2220 737 2284; x_wconf 88' lang='lat' dir='ltr'>post</span> <span class='ocrx_word' id='word_1_290' title='bbox 758 2230 859 2271; x_wconf 92' lang='lat' dir='ltr'>annum</span> <span class='ocrx_word' id='word_1_291' title='bbox 912 2212 1015 2280; x_wconf 86' lang='lat' dir='ltr'>Deum,</span> <span class='ocrx_word' id='word_1_292' title='bbox 1035 2213 1082 2268; x_wconf 88' lang='lat' dir='ltr'>sed</span> <span class='ocrx_word' id='word_1_293' title='bbox 1106 2212 1237 2285; x_wconf 69' lang='lat' dir='ltr'>ejuslttb)</span> <span class='ocrx_word' id='word_1_294' title='bbox 1252 2215 1415 2285; x_wconf 87' lang='lat' dir='ltr'>propbetaru</span> <span class='ocrx_word' id='word_1_295' title='bbox 1444 2216 1622 2273; x_wconf 72' lang='lat' dir='ltr'>estimantes.</span> <span class='ocrx_word' id='word_1_296' title='bbox 1643 2217 1714 2272; x_wconf 84' lang='lat' dir='ltr'>¹iliu·</span> 
     </span>
     <span class='ocr_line' id='line_1_24' title="bbox 58 2300 1717 2376; baseline 0.003 -19"><span class='ocrx_word' id='word_1_297' title='bbox 58 2301 181 2373; x_wconf 84' lang='lat' dir='ltr'>pecunia</span> <span class='ocrx_word' id='word_1_298' title='bbox 195 2310 339 2358; x_wconf 84' lang='lat' dir='ltr'>serenatus</span> <span class='ocrx_word' id='word_1_299' title='bbox 350 2300 474 2357; x_wconf 89' lang='lat' dir='ltr'>restituit.</span> <span class='ocrx_word' id='word_1_300' title='bbox 496 2301 652 2357; x_wconf 76' lang='lat' dir='ltr'>Gelu-ioum</span> <span class='ocrx_word' id='word_1_301' title='bbox 667 2318 777 2376; x_wconf 89' lang='lat' dir='ltr'>quoque</span> <span class='ocrx_word' id='word_1_302' title='bbox 791 2302 860 2360; x_wconf 90' lang='lat' dir='ltr'>obli·</span> <span class='ocrx_word' id='word_1_303' title='bbox 914 2300 996 2356; x_wconf 89' lang='lat' dir='ltr'>delici</span> <span class='ocrx_word' id='word_1_304' title='bbox 1012 2315 1080 2357; x_wconf 83' lang='lat' dir='ltr'>uero</span> <span class='ocrx_word' id='word_1_305' title='bbox 1096 2300 1240 2357; x_wconf 81' lang='lat' dir='ltr'>Fortunam</span> <span class='ocrx_word' id='word_1_306' title='bbox 1254 2301 1391 2373; x_wconf 83' lang='lat' dir='ltr'>adorant3</span> <span class='ocrx_word' id='word_1_307' title='bbox 1419 2303 1498 2374; x_wconf 84' lang='lat' dir='ltr'>cujus</span> <span class='ocrx_word' id='word_1_308' title='bbox 1520 2303 1631 2361; x_wconf 87' lang='lat' dir='ltr'>idolum</span> <span class='ocrx_word' id='word_1_309' title='bbox 1655 2304 1717 2363; x_wconf 90' lang='lat' dir='ltr'>icco</span> 
     </span>
     <span class='ocr_line' id='line_1_25' title="bbox 60 2388 1718 2464; baseline 0.002 -19"><span class='ocrx_word' id='word_1_310' title='bbox 60 2389 128 2464; x_wconf 81' lang='lat' dir='ltr'>quia</span> <span class='ocrx_word' id='word_1_311' title='bbox 152 2390 244 2447; x_wconf 90' lang='lat' dir='ltr'>oculis</span> <span class='ocrx_word' id='word_1_312' title='bbox 271 2388 393 2456; x_wconf 90' lang='lat' dir='ltr'>intuitus,</span> <span class='ocrx_word' id='word_1_313' title='bbox 407 2390 658 2446; x_wconf 83' lang='lat' dir='ltr'>adsueramentum</span> <span class='ocrx_word' id='word_1_314' title='bbox 686 2391 860 2463; x_wconf 85' lang='lat' dir='ltr'>purgationis</span> <span class='ocrx_word' id='word_1_315' title='bbox 914 2389 1134 2446; x_wconf 87' lang='lat' dir='ltr'>nominatissimo</span> <span class='ocrx_word' id='word_1_316' title='bbox 1148 2398 1394 2461; x_wconf 82' lang='lat' dir='ltr'>pocentea.cornu</span> <span class='ocrx_word' id='word_1_317' title='bbox 1419 2392 1520 2449; x_wconf 79' lang='lat' dir='ltr'>dextrae</span> <span class='ocrx_word' id='word_1_318' title='bbox 1543 2392 1616 2449; x_wconf 89' lang='lat' dir='ltr'>illius</span> <span class='ocrx_word' id='word_1_319' title='bbox 1637 2407 1718 2450; x_wconf 89' lang='lat' dir='ltr'>com·</span> 
     </span>
     <span class='ocr_line' id='line_1_26' title="bbox 60 2475 1717 2551; baseline 0.001 -15"><span class='ocrx_word' id='word_1_320' title='bbox 60 2479 206 2550; x_wconf 77' lang='lat' dir='ltr'>compulit.</span> <span class='ocrx_word' id='word_1_321' title='bbox 229 2477 366 2550; x_wconf 75' lang='lat' dir='ltr'>Apposuit</span> <span class='ocrx_word' id='word_1_322' title='bbox 390 2478 435 2534; x_wconf 91' lang='lat' dir='ltr'>ille</span> <span class='ocrx_word' id='word_1_323' title='bbox 463 2475 526 2534; x_wconf 85' lang='lat' dir='ltr'>fidei</span> <span class='ocrx_word' id='word_1_324' title='bbox 552 2479 649 2548; x_wconf 78' lang='lat' dir='ltr'>juretur</span> <span class='ocrx_word' id='word_1_325' title='bbox 677 2479 808 2545; x_wconf 87' lang='lat' dir='ltr'>xenium,</span> <span class='ocrx_word' id='word_1_326' title='bbox 831 2488 862 2537; x_wconf 89' lang='lat' dir='ltr'>ut</span> <span class='ocrx_word' id='word_1_327' title='bbox 912 2485 1017 2550; x_wconf 83' lang='lat' dir='ltr'>penum</span> <span class='ocrx_word' id='word_1_328' title='bbox 1032 2479 1088 2548; x_wconf 82' lang='lat' dir='ltr'>(at)</span> <span class='ocrx_word' id='word_1_329' title='bbox 1102 2479 1212 2549; x_wconf 88' lang='lat' dir='ltr'>plenum</span> <span class='ocrx_word' id='word_1_330' title='bbox 1228 2487 1292 2551; x_wconf 91' lang='lat' dir='ltr'>potu</span> <span class='ocrx_word' id='word_1_331' title='bbox 1307 2479 1358 2536; x_wconf 91' lang='lat' dir='ltr'>illo</span> <span class='ocrx_word' id='word_1_332' title='bbox 1372 2496 1453 2551; x_wconf 90' lang='lat' dir='ltr'>quem</span> <span class='ocrx_word' id='word_1_333' title='bbox 1472 2482 1527 2549; x_wconf 85' lang='grc'><strong>(88)</strong></span> <span class='ocrx_word' id='word_1_334' title='bbox 1542 2479 1638 2538; x_wconf 79' lang='lat' dir='ltr'>Graeco</span> <span class='ocrx_word' id='word_1_335' title='bbox 1663 2496 1717 2538; x_wconf 81' lang='lat' dir='ltr'>vo·</span> 
     </span>
     <span class='ocr_line' id='line_1_27' title="bbox 59 2564 1712 2640; baseline 0.003 -17"><span class='ocrx_word' id='word_1_336' title='bbox 59 2567 179 2640; x_wconf 83' lang='lat' dir='ltr'>gratiam</span> <span class='ocrx_word' id='word_1_337' title='bbox 201 2566 311 2639; x_wconf 88' lang='lat' dir='ltr'>plenam</span> <span class='ocrx_word' id='word_1_338' title='bbox 336 2566 499 2634; x_wconf 90' lang='lat' dir='ltr'>redimeret,</span> <span class='ocrx_word' id='word_1_339' title='bbox 524 2566 771 2640; x_wconf 82' lang='lat' dir='ltr'>locupletissimum</span> <span class='ocrx_word' id='word_1_340' title='bbox 795 2585 860 2627; x_wconf 85' lang='lat' dir='ltr'>sane</span> <span class='ocrx_word' id='word_1_341' title='bbox 913 2564 1022 2630; x_wconf 60' lang='lat' dir='ltr'>cabulo.</span> <span class='ocrx_word' id='word_1_342' title='bbox 1037 2580 1070 2620; x_wconf 72' lang='lat'>01</span> <span class='ocrx_word' id='word_1_343' title='bbox 1084 2579 1155 2638; x_wconf 70' lang='lat' dir='ltr'>aaut</span> <span class='ocrx_word' id='word_1_344' title='bbox 1169 2566 1308 2631; x_wconf 74' lang='lat' dir='ltr'>etmclle.</span> <span class='ocrx_word' id='word_1_345' title='bbox 1337 2566 1544 2638; x_wconf 72' lang='lat' dir='ltr'>Hydromcllutn</span> <span class='ocrx_word' id='word_1_346' title='bbox 1571 2583 1712 2625; x_wconf 81' lang='lat' dir='ltr'>vocamus.</span> 
     </span>
     <span class='ocr_line' id='line_1_28' title="bbox 57 2653 1717 2729; baseline 0.001 -16"><span class='ocrx_word' id='word_1_347' title='bbox 57 2662 88 2713; x_wconf 87' lang='lat' dir='ltr'>ct</span> <span class='ocrx_word' id='word_1_348' title='bbox 98 2655 331 2727; x_wconf 86' lang='lat' dir='ltr'>pulcherrimum,</span> <span class='ocrx_word' id='word_1_349' title='bbox 348 2668 435 2711; x_wconf 88' lang='lat' dir='ltr'>ratem</span> <span class='ocrx_word' id='word_1_350' title='bbox 450 2670 517 2712; x_wconf 89' lang='lat' dir='ltr'>auro</span> <span class='ocrx_word' id='word_1_351' title='bbox 534 2662 695 2722; x_wconf 86' lang='lat' dir='ltr'>rostratam,</span> <span class='ocrx_word' id='word_1_352' title='bbox 712 2658 860 2713; x_wconf 79' lang='lat' dir='ltr'>habentem</span> <span class='ocrx_word' id='word_1_353' title='bbox 913 2653 990 2709; x_wconf 90' lang='lat' dir='ltr'>ldem</span> <span class='ocrx_word' id='word_1_354' title='bbox 1006 2663 1116 2710; x_wconf 87' lang='lat' dir='ltr'>sanctus</span> <span class='ocrx_word' id='word_1_355' title='bbox 1132 2655 1318 2726; x_wconf 76' lang='lat' dir='ltr'>Hieronymus</span> <span class='ocrx_word' id='word_1_356' title='bbox 1332 2655 1473 2729; x_wconf 83' lang='lat' dir='ltr'>AEgyptios</span> <span class='ocrx_word' id='word_1_357' title='bbox 1486 2663 1514 2712; x_wconf 90' lang='lat' dir='ltr'>et</span> <span class='ocrx_word' id='word_1_358' title='bbox 1527 2672 1624 2714; x_wconf 85' lang='lat' dir='ltr'>omues</span> <span class='ocrx_word' id='word_1_359' title='bbox 1647 2672 1717 2728; x_wconf 87' lang='lat' dir='ltr'>pena</span> 
     </span>
     <span class='ocr_line' id='line_1_29' title="bbox 57 2740 1718 2820; baseline 0.002 -21"><span class='ocrx_word' id='word_1_360' title='bbox 57 2743 201 2817; x_wconf 83' lang='lat' dir='ltr'>octoginta</span> <span class='ocrx_word' id='word_1_361' title='bbox 216 2744 315 2801; x_wconf 87' lang='lat' dir='ltr'>milites</span> <span class='ocrx_word' id='word_1_362' title='bbox 331 2745 377 2817; x_wconf 91' lang='lat' dir='ltr'>qui</span> <span class='ocrx_word' id='word_1_363' title='bbox 393 2743 526 2800; x_wconf 88' lang='lat' dir='ltr'>baberent</span> <span class='ocrx_word' id='word_1_364' title='bbox 550 2743 577 2800; x_wconf 89' lang='lat' dir='ltr'>iu</span> <span class='ocrx_word' id='word_1_365' title='bbox 602 2744 723 2802; x_wconf 87' lang='lat' dir='ltr'>brachiis</span> <span class='ocrx_word' id='word_1_366' title='bbox 746 2746 861 2820; x_wconf 84' lang='lat' dir='ltr'>singulis</span> <span class='ocrx_word' id='word_1_367' title='bbox 914 2740 1069 2798; x_wconf 81' lang='lat' dir='ltr'>orientales</span> <span class='ocrx_word' id='word_1_368' title='bbox 1084 2742 1194 2809; x_wconf 88' lang='lat' dir='ltr'>iecisse,</span> <span class='ocrx_word' id='word_1_369' title='bbox 1210 2743 1238 2798; x_wconf 94' lang='lat' dir='ltr'>in</span> <span class='ocrx_word' id='word_1_370' title='bbox 1255 2742 1363 2800; x_wconf 90' lang='lat' dir='ltr'>decimo</span> <span class='ocrx_word' id='word_1_371' title='bbox 1392 2753 1490 2801; x_wconf 78' lang='lat' dir='ltr'>octavo</span> <span class='ocrx_word' id='word_1_372' title='bbox 1513 2760 1597 2817; x_wconf 87' lang='lat' dir='ltr'>super</span> <span class='ocrx_word' id='word_1_373' title='bbox 1616 2744 1718 2802; x_wconf 83' lang='lat' dir='ltr'>isaiam</span> 
     </span>
     <span class='ocr_line' id='line_1_30' title="bbox 58 2829 1717 2907; baseline 0 -17"><span class='ocrx_word' id='word_1_374' title='bbox 58 2832 182 2899; x_wconf 82' lang='lat' dir='ltr'>armillas</span> <span class='ocrx_word' id='word_1_375' title='bbox 209 2835 289 2903; x_wconf 86' lang='lat' dir='ltr'>duas,</span> <span class='ocrx_word' id='word_1_376' title='bbox 309 2849 538 2907; x_wconf 86' lang='lat' dir='ltr'>unamquamque</span> <span class='ocrx_word' id='word_1_377' title='bbox 566 2834 685 2891; x_wconf 88' lang='lat' dir='ltr'>sedecim</span> <span class='ocrx_word' id='word_1_378' title='bbox 714 2835 861 2892; x_wconf 75' lang='lat' dir='ltr'>undarum</span> <span class='ocrx_word' id='word_1_379' title='bbox 913 2830 983 2887; x_wconf 90' lang='lat' dir='ltr'>libro</span> <span class='ocrx_word' id='word_1_380' title='bbox 1002 2829 1156 2887; x_wconf 88' lang='lat' dir='ltr'>ccnlirmat.</span> <span class='ocrx_word' id='word_1_381' title='bbox 1176 2831 1256 2888; x_wconf 88' lang='lat' dir='ltr'>Unda</span> <span class='ocrx_word' id='word_1_382' title='bbox 1269 2831 1368 2888; x_wconf 80' lang='lat' dir='ltr'>ulbmo</span> <span class='ocrx_word' id='word_1_383' title='bbox 1382 2831 1427 2888; x_wconf 91' lang='lat' dir='ltr'>die</span> <span class='ocrx_word' id='word_1_384' title='bbox 1441 2832 1611 2889; x_wconf 81' lang='lat' dir='ltr'>Novembris</span> <span class='ocrx_word' id='word_1_385' title='bbox 1629 2849 1717 2891; x_wconf 79' lang='lat' dir='ltr'>rnen·</span> 
     </span>
     <span class='ocr_line' id='line_1_31' title="bbox 58 2919 1716 2995; baseline -0.001 -16"><span class='ocrx_word' id='word_1_386' title='bbox 58 2920 134 2988; x_wconf 86' lang='lat' dir='ltr'>auri,</span> <span class='ocrx_word' id='word_1_387' title='bbox 152 2922 181 2979; x_wconf 88' lang='lat' dir='ltr'>in</span> <span class='ocrx_word' id='word_1_388' title='bbox 193 2921 331 2993; x_wconf 77' lang='lat' dir='ltr'>capitibus</span> <span class='ocrx_word' id='word_1_389' title='bbox 343 2921 465 2979; x_wconf 86' lang='lat' dir='ltr'>cassides</span> <span class='ocrx_word' id='word_1_390' title='bbox 491 2922 656 2988; x_wconf 87' lang='lat' dir='ltr'>deauratas,</span> <span class='ocrx_word' id='word_1_391' title='bbox 671 2923 787 2979; x_wconf 88' lang='lat' dir='ltr'>securim</span> <span class='ocrx_word' id='word_1_392' title='bbox 802 2923 861 2980; x_wconf 86' lang='lat' dir='ltr'>Da·</span> <span class='ocrx_word' id='word_1_393' title='bbox 914 2919 960 2986; x_wconf 91' lang='lat' dir='ltr'>sis,</span> <span class='ocrx_word' id='word_1_394' title='bbox 977 2920 1003 2974; x_wconf 94' lang='lat' dir='ltr'>in</span> <span class='ocrx_word' id='word_1_395' title='bbox 1017 2920 1130 2976; x_wconf 89' lang='lat' dir='ltr'>circuitu</span> <span class='ocrx_word' id='word_1_396' title='bbox 1153 2921 1292 2983; x_wconf 76' lang='lat' dir='ltr'>mdestes,</span> <span class='ocrx_word' id='word_1_397' title='bbox 1308 2920 1335 2975; x_wconf 89' lang='lat' dir='ltr'>io</span> <span class='ocrx_word' id='word_1_398' title='bbox 1358 2934 1503 2978; x_wconf 87' lang='lat' dir='ltr'>commune</span> <span class='ocrx_word' id='word_1_399' title='bbox 1525 2926 1716 2995; x_wconf 68' lang='lat' dir='ltr'>praegustantp</span> 
     </span>
     <span class='ocr_line' id='line_1_32' title="bbox 57 3007 1718 3083; baseline 0.001 -16"><span class='ocrx_word' id='word_1_400' title='bbox 57 3010 150 3073; x_wconf 70' lang='grc'><strong>88888</strong></span> <span class='ocrx_word' id='word_1_401' title='bbox 164 3009 193 3067; x_wconf 89' lang='lat' dir='ltr'>in</span> <span class='ocrx_word' id='word_1_402' title='bbox 216 3010 330 3067; x_wconf 87' lang='lat' dir='ltr'>humero</span> <span class='ocrx_word' id='word_1_403' title='bbox 354 3010 478 3074; x_wconf 83' lang='lat' dir='ltr'>sinistro,</span> <span class='ocrx_word' id='word_1_404' title='bbox 501 3009 597 3067; x_wconf 89' lang='lat' dir='ltr'>bastile</span> <span class='ocrx_word' id='word_1_405' title='bbox 620 3009 737 3069; x_wconf 79' lang='lat' dir='ltr'>ferreum</span> <span class='ocrx_word' id='word_1_406' title='bbox 761 3011 877 3069; x_wconf 85' lang='lat' dir='ltr'>dextre.</span> <span class='ocrx_word' id='word_1_407' title='bbox 914 3015 941 3063; x_wconf 91' lang='lat' dir='ltr'>et</span> <span class='ocrx_word' id='word_1_408' title='bbox 955 3008 978 3063; x_wconf 90' lang='lat' dir='ltr'>si</span> <span class='ocrx_word' id='word_1_409' title='bbox 992 3024 1078 3064; x_wconf 88' lang='lat' dir='ltr'>cornu</span> <span class='ocrx_word' id='word_1_410' title='bbox 1097 3009 1206 3079; x_wconf 85' lang='lat' dir='ltr'>plebum</span> <span class='ocrx_word' id='word_1_411' title='bbox 1222 3007 1384 3077; x_wconf 79' lang='lat' dir='ltr'>inuenerint,</span> <span class='ocrx_word' id='word_1_412' title='bbox 1399 3025 1501 3081; x_wconf 84' lang='lat' dir='ltr'>magno</span> <span class='ocrx_word' id='word_1_413' title='bbox 1523 3011 1639 3083; x_wconf 85' lang='lat' dir='ltr'>strepitu</span> <span class='ocrx_word' id='word_1_414' title='bbox 1664 3027 1718 3082; x_wconf 90' lang='lat' dir='ltr'>ap-</span> 
     </span>
     <span class='ocr_line' id='line_1_33' title="bbox 58 3060 1718 3172; baseline 0.004 -22"><span class='ocrx_word' id='word_1_415' title='bbox 58 3115 146 3159; x_wconf 72' lang='lat' dir='ltr'>manu</span> <span class='ocrx_word' id='word_1_416' title='bbox 154 3106 322 3171; x_wconf 79' lang='lat' dir='ltr'>gestantes;</span> <span class='ocrx_word' id='word_1_417' title='bbox 339 3107 375 3166; x_wconf 81' lang='lat' dir='ltr'>et,</span> <span class='ocrx_word' id='word_1_418' title='bbox 392 3114 426 3154; x_wconf 90' lang='lat' dir='ltr'>ne</span> <span class='ocrx_word' id='word_1_419' title='bbox 441 3099 552 3171; x_wconf 83' lang='lat' dir='ltr'>singula</span> <span class='ocrx_word' id='word_1_420' title='bbox 576 3116 756 3167; x_wconf 80' lang='lat' dir='ltr'>enumerem,</span> <span class='ocrx_word' id='word_1_421' title='bbox 778 3099 860 3157; x_wconf 76' lang='lat' dir='ltr'>ermis</span> <span class='ocrx_word' id='word_1_422' title='bbox 873 3060 899 3124; x_wconf 75' lang='lat' dir='ltr'><strong>c</strong></span> <span class='ocrx_word' id='word_1_423' title='bbox 913 3096 1048 3168; x_wconf 89' lang='lat' dir='ltr'>plaudunt</span> <span class='ocrx_word' id='word_1_424' title='bbox 1068 3095 1138 3169; x_wconf 86' lang='grc'><strong>(88),</strong></span> <span class='ocrx_word' id='word_1_425' title='bbox 1153 3097 1227 3168; x_wconf 89' lang='lat' dir='ltr'>quod</span> <span class='ocrx_word' id='word_1_426' title='bbox 1250 3096 1291 3152; x_wconf 90' lang='lat' dir='ltr'>eis</span> <span class='ocrx_word' id='word_1_427' title='bbox 1315 3096 1406 3152; x_wconf 79' lang='lat' dir='ltr'>futuro</span> <span class='ocrx_word' id='word_1_428' title='bbox 1433 3111 1505 3154; x_wconf 86' lang='lat' dir='ltr'>accc</span> <span class='ocrx_word' id='word_1_429' title='bbox 1521 3096 1611 3170; x_wconf 85' lang='lat' dir='ltr'>pleno</span> <span class='ocrx_word' id='word_1_430' title='bbox 1638 3100 1718 3172; x_wconf 79' lang='lat' dir='ltr'>copia</span> 
     </span>
     <span class='ocr_line' id='line_1_34' title="bbox 57 3183 1716 3261; baseline 0 -16"><span class='ocrx_word' id='word_1_431' title='bbox 57 3187 189 3245; x_wconf 85' lang='lat' dir='ltr'>omuibus</span> <span class='ocrx_word' id='word_1_432' title='bbox 203 3187 370 3253; x_wconf 88' lang='lat' dir='ltr'>instructos,</span> <span class='ocrx_word' id='word_1_433' title='bbox 386 3186 413 3241; x_wconf 92' lang='lat' dir='ltr'>in</span> <span class='ocrx_word' id='word_1_434' title='bbox 430 3187 538 3259; x_wconf 89' lang='lat' dir='ltr'>quibus</span> <span class='ocrx_word' id='word_1_435' title='bbox 553 3187 643 3260; x_wconf 89' lang='lat' dir='ltr'>lutgor</span> <span class='ocrx_word' id='word_1_436' title='bbox 665 3203 731 3245; x_wconf 85' lang='lat' dir='ltr'>curn</span> <span class='ocrx_word' id='word_1_437' title='bbox 754 3196 859 3247; x_wconf 88' lang='lat' dir='ltr'>terrore</span> <span class='ocrx_word' id='word_1_438' title='bbox 913 3200 1001 3242; x_wconf 87' lang='lat' dir='ltr'>cornu</span> <span class='ocrx_word' id='word_1_439' title='bbox 1029 3200 1196 3257; x_wconf 87' lang='lat' dir='ltr'>responsura</span> <span class='ocrx_word' id='word_1_440' title='bbox 1219 3184 1257 3241; x_wconf 88' lang='lat' dir='ltr'>sit</span> <span class='ocrx_word' id='word_1_441' title='bbox 1282 3183 1311 3238; x_wconf 90' lang='lat' dir='ltr'>in</span> <span class='ocrx_word' id='word_1_442' title='bbox 1337 3184 1481 3248; x_wconf 75' lang='lat' dir='ltr'>omnibust</span> <span class='ocrx_word' id='word_1_443' title='bbox 1501 3185 1525 3243; x_wconf 89' lang='lat' dir='ltr'>si</span> <span class='ocrx_word' id='word_1_444' title='bbox 1540 3194 1646 3254; x_wconf 75' lang='lat' dir='ltr'>conca,</span> <span class='ocrx_word' id='word_1_445' title='bbox 1660 3203 1716 3261; x_wconf 83' lang='lat' dir='ltr'>ge-</span> 
     </span>
     <span class='ocr_line' id='line_1_35' title="bbox 56 3271 1715 3346; baseline -0.002 -11"><span class='ocrx_word' id='word_1_446' title='bbox 56 3285 166 3335; x_wconf 82' lang='lat' dir='ltr'>certans</span> <span class='ocrx_word' id='word_1_447' title='bbox 191 3277 247 3332; x_wconf 87' lang='lat' dir='ltr'>sub</span> <span class='ocrx_word' id='word_1_448' title='bbox 265 3290 339 3332; x_wconf 87' lang='lat' dir='ltr'>auro</span> <span class='ocrx_word' id='word_1_449' title='bbox 359 3274 467 3331; x_wconf 85' lang='lat' dir='ltr'>serrum</span> <span class='ocrx_word' id='word_1_450' title='bbox 481 3275 625 3333; x_wconf 86' lang='lat' dir='ltr'>occuleret.</span> <span class='ocrx_word' id='word_1_451' title='bbox 647 3278 800 3346; x_wconf 80' lang='lat' dir='ltr'>cetarum,</span> <span class='ocrx_word' id='word_1_452' title='bbox 830 3284 860 3333; x_wconf 91' lang='lat' dir='ltr'>ut</span> <span class='ocrx_word' id='word_1_453' title='bbox 914 3280 1000 3329; x_wconf 91' lang='lat' dir='ltr'>munt.</span> <span class='ocrx_word' id='word_1_454' title='bbox 1026 3273 1084 3328; x_wconf 85' lang='lat' dir='ltr'>lios</span> <span class='ocrx_word' id='word_1_455' title='bbox 1097 3288 1166 3345; x_wconf 85' lang='lat' dir='ltr'>ergo</span> <span class='ocrx_word' id='word_1_456' title='bbox 1179 3271 1216 3327; x_wconf 91' lang='lat' dir='ltr'>ita</span> <span class='ocrx_word' id='word_1_457' title='bbox 1229 3271 1363 3331; x_wconf 86' lang='lat' dir='ltr'>Hemicus</span> <span class='ocrx_word' id='word_1_458' title='bbox 1378 3271 1547 3331; x_wconf 80' lang='lat' dir='ltr'>tributarios</span> <span class='ocrx_word' id='word_1_459' title='bbox 1575 3273 1715 3345; x_wconf 80' lang='lat' dir='ltr'>effecerat,</span> 
     </span>
     <span class='ocr_line' id='line_1_36' title="bbox 56 3360 1717 3436; baseline -0.001 -14"><span class='ocrx_word' id='word_1_460' title='bbox 56 3364 150 3423; x_wconf 80' lang='lat' dir='ltr'>dicere</span> <span class='ocrx_word' id='word_1_461' title='bbox 172 3380 322 3436; x_wconf 80' lang='lat' dir='ltr'>creperum,</span> <span class='ocrx_word' id='word_1_462' title='bbox 340 3363 529 3420; x_wconf 85' lang='lat' dir='ltr'>ilerdaenutus</span> <span class='ocrx_word' id='word_1_463' title='bbox 543 3364 709 3420; x_wconf 88' lang='lat' dir='ltr'>Gunbildam</span> <span class='ocrx_word' id='word_1_464' title='bbox 733 3380 859 3422; x_wconf 89' lang='lat' dir='ltr'>sororem</span> <span class='ocrx_word' id='word_1_465' title='bbox 914 3369 965 3430; x_wconf 88' lang='lat' dir='ltr'>ut,</span> <span class='ocrx_word' id='word_1_466' title='bbox 994 3361 1121 3417; x_wconf 89' lang='lat' dir='ltr'>omnibus</span> <span class='ocrx_word' id='word_1_467' title='bbox 1148 3360 1366 3418; x_wconf 88' lang='lat' dir='ltr'>solemnitatibus</span> <span class='ocrx_word' id='word_1_468' title='bbox 1401 3361 1500 3433; x_wconf 91' lang='lat' dir='ltr'>quibos</span> <span class='ocrx_word' id='word_1_469' title='bbox 1531 3363 1717 3423; x_wconf 84' lang='lat' dir='ltr'>coronabatur</span> 
     </span>
     <span class='ocr_line' id='line_1_37' title="bbox 55 3450 1717 3524; baseline -0.001 -13"><span class='ocrx_word' id='word_1_470' title='bbox 55 3469 146 3524; x_wconf 83' lang='lat' dir='ltr'>auam,</span> <span class='ocrx_word' id='word_1_471' title='bbox 161 3453 342 3513; x_wconf 76' lang='lat' dir='ltr'>contemsex</span> <span class='ocrx_word' id='word_1_472' title='bbox 357 3453 452 3508; x_wconf 77' lang='lat' dir='ltr'>limma</span> <span class='ocrx_word' id='word_1_473' title='bbox 468 3451 550 3507; x_wconf 85' lang='lat' dir='ltr'>tiliam</span> <span class='ocrx_word' id='word_1_474' title='bbox 565 3454 635 3524; x_wconf 83' lang='grc'><strong>(78),</strong></span> <span class='ocrx_word' id='word_1_475' title='bbox 649 3454 859 3524; x_wconf 78' lang='lat' dir='ltr'>spectatissimos</span> <span class='ocrx_word' id='word_1_476' title='bbox 913 3450 982 3519; x_wconf 88' lang='grc'><strong>(88),</strong></span> <span class='ocrx_word' id='word_1_477' title='bbox 1008 3465 1089 3522; x_wconf 88' lang='lat' dir='ltr'>reges</span> <span class='ocrx_word' id='word_1_478' title='bbox 1117 3463 1212 3506; x_wconf 90' lang='lat' dir='ltr'>eorum</span> <span class='ocrx_word' id='word_1_479' title='bbox 1235 3456 1365 3522; x_wconf 89' lang='lat' dir='ltr'>quatuor,</span> <span class='ocrx_word' id='word_1_480' title='bbox 1394 3450 1511 3508; x_wconf 88' lang='lat' dir='ltr'>lebetem</span> <span class='ocrx_word' id='word_1_481' title='bbox 1537 3467 1592 3522; x_wconf 88' lang='lat' dir='ltr'>quo</span> <span class='ocrx_word' id='word_1_482' title='bbox 1619 3467 1717 3510; x_wconf 73' lang='lat' dir='ltr'>mmet</span> 
     </span>
     <span class='ocr_line' id='line_1_38' title="bbox 56 3537 1716 3615; baseline -0.001 -16"><span class='ocrx_word' id='word_1_483' title='bbox 56 3542 161 3615; x_wconf 69' lang='lat' dir='ltr'>specim</span> <span class='ocrx_word' id='word_1_484' title='bbox 176 3542 303 3614; x_wconf 86' lang='lat' dir='ltr'>puellam,</span> <span class='ocrx_word' id='word_1_485' title='bbox 317 3544 394 3609; x_wconf 76' lang='lat'>822</span> <span class='ocrx_word' id='word_1_486' title='bbox 405 3556 420 3596; x_wconf 89' lang='lat' dir='ltr'>a</span> <span class='ocrx_word' id='word_1_487' title='bbox 430 3541 525 3597; x_wconf 86' lang='lat' dir='ltr'>multis</span> <span class='ocrx_word' id='word_1_488' title='bbox 538 3542 630 3611; x_wconf 88' lang='lat' dir='ltr'>procis</span> <span class='ocrx_word' id='word_1_489' title='bbox 641 3550 763 3614; x_wconf 89' lang='lat' dir='ltr'>tempora</span> <span class='ocrx_word' id='word_1_490' title='bbox 774 3541 859 3612; x_wconf 88' lang='lat' dir='ltr'>patris</span> <span class='ocrx_word' id='word_1_491' title='bbox 911 3537 1119 3605; x_wconf 84' lang='lat' dir='ltr'>condiebantur,</span> <span class='ocrx_word' id='word_1_492' title='bbox 1134 3537 1162 3593; x_wconf 91' lang='lat' dir='ltr'>in</span> <span class='ocrx_word' id='word_1_493' title='bbox 1178 3539 1298 3595; x_wconf 89' lang='lat' dir='ltr'>bumeris</span> <span class='ocrx_word' id='word_1_494' title='bbox 1311 3538 1380 3611; x_wconf 89' lang='lat' dir='ltr'>suis,</span> <span class='ocrx_word' id='word_1_495' title='bbox 1398 3556 1449 3611; x_wconf 89' lang='lat' dir='ltr'>per</span> <span class='ocrx_word' id='word_1_496' title='bbox 1462 3538 1576 3598; x_wconf 81' lang='lat' dir='ltr'>mardos</span> <span class='ocrx_word' id='word_1_497' title='bbox 1598 3547 1716 3615; x_wconf 85' lang='lat' dir='ltr'>quatuor</span> 
     </span>
     <span class='ocr_line' id='line_1_39' title="bbox 54 3625 1440 3703; baseline 0.001 -20"><span class='ocrx_word' id='word_1_498' title='bbox 54 3627 232 3698; x_wconf 80' lang='lat' dir='ltr'>suspiratam,</span> <span class='ocrx_word' id='word_1_499' title='bbox 258 3642 310 3684; x_wconf 89' lang='lat' dir='ltr'>nec</span> <span class='ocrx_word' id='word_1_500' title='bbox 331 3628 513 3701; x_wconf 83' lang='lat' dir='ltr'>impetratam,</span> <span class='ocrx_word' id='word_1_501' title='bbox 530 3631 588 3701; x_wconf 91' lang='grc'><strong>(88)</strong></span> <span class='ocrx_word' id='word_1_502' title='bbox 602 3630 719 3687; x_wconf 84' lang='lat' dir='ltr'>ilenrico</span> <span class='ocrx_word' id='word_1_503' title='bbox 733 3631 857 3703; x_wconf 87' lang='lat' dir='ltr'>impera·</span> <span class='ocrx_word' id='word_1_504' title='bbox 911 3626 1037 3683; x_wconf 82' lang='lat' dir='ltr'>vectibus</span> <span class='ocrx_word' id='word_1_505' title='bbox 1052 3625 1087 3683; x_wconf 90' lang='lat' dir='ltr'>ad</span> <span class='ocrx_word' id='word_1_506' title='bbox 1101 3626 1247 3701; x_wconf 87' lang='lat' dir='ltr'>coquinam</span> <span class='ocrx_word' id='word_1_507' title='bbox 1266 3629 1440 3686; x_wconf 80' lang='lat' dir='ltr'>vectitarent.</span> 
     </span>
    </p>

    <p class='ocr_par' dir='ltr' id='par_1_5' title="bbox 55 3714 1715 4233">
     <span class='ocr_line' id='line_1_40' title="bbox 59 3714 1712 3789; baseline 0.003 -19"><span class='ocrx_word' id='word_1_508' title='bbox 59 3714 114 3771; x_wconf 92' lang='lat' dir='ltr'>tori</span> <span class='ocrx_word' id='word_1_509' title='bbox 142 3715 356 3773; x_wconf 74' lang='lat' dir='ltr'>Alamannorum</span> <span class='ocrx_word' id='word_1_510' title='bbox 390 3725 508 3789; x_wconf 72' lang='lat' dir='ltr'>numum</span> <span class='ocrx_word' id='word_1_511' title='bbox 545 3718 629 3773; x_wconf 88' lang='lat' dir='ltr'>misit.</span> <span class='ocrx_word' id='word_1_512' title='bbox 664 3718 785 3774; x_wconf 85' lang='lat' dir='ltr'>Celebris</span> <span class='ocrx_word' id='word_1_513' title='bbox 813 3719 859 3775; x_wconf 89' lang='lat' dir='ltr'>illa</span> <span class='ocrx_word' id='word_1_514' title='bbox 912 3729 1712 3785; x_wconf 76' lang='lat' dir='ltr'>ursoscanrurrulroats,.arocrxrcorssstscretosum.</span> 
     </span>
     <span class='ocr_line' id='line_1_41' title="bbox 57 3801 1715 3880; baseline 0.002 -21"><span class='ocrx_word' id='word_1_515' title='bbox 57 3817 161 3878; x_wconf 83' lang='lat' dir='ltr'>pompa</span> <span class='ocrx_word' id='word_1_516' title='bbox 176 3804 309 3875; x_wconf 87' lang='lat' dir='ltr'>nuptialis</span> <span class='ocrx_word' id='word_1_517' title='bbox 320 3804 385 3875; x_wconf 85' lang='lat' dir='ltr'>luit,</span> <span class='ocrx_word' id='word_1_518' title='bbox 400 3814 427 3862; x_wconf 89' lang='lat' dir='ltr'>et</span> <span class='ocrx_word' id='word_1_519' title='bbox 440 3815 533 3863; x_wconf 91' lang='lat' dir='ltr'>nostro</span> <span class='ocrx_word' id='word_1_520' title='bbox 546 3807 636 3863; x_wconf 85' lang='lat' dir='ltr'>adbuc</span> <span class='ocrx_word' id='word_1_521' title='bbox 663 3807 755 3863; x_wconf 89' lang='lat' dir='ltr'>seculo</span> <span class='ocrx_word' id='word_1_522' title='bbox 776 3807 857 3864; x_wconf 83' lang='lat' dir='ltr'>etiam</span> <span class='ocrx_word' id='word_1_523' title='bbox 946 3801 962 3876; x_wconf 71' lang='lat' dir='ltr'>fl</span> <span class='ocrx_word' id='word_1_524' title='bbox 979 3805 1041 3858; x_wconf 84' lang='lat' dir='ltr'>rso.</span> <span class='ocrx_word' id='word_1_525' title='bbox 1072 3803 1209 3859; x_wconf 70' lang='lat' dir='ltr'>Praeterea</span> <span class='ocrx_word' id='word_1_526' title='bbox 1225 3803 1324 3860; x_wconf 91' lang='lat' dir='ltr'>crebro</span> <span class='ocrx_word' id='word_1_527' title='bbox 1338 3804 1497 3861; x_wconf 89' lang='lat' dir='ltr'>tumultibus</span> <span class='ocrx_word' id='word_1_528' title='bbox 1508 3806 1586 3879; x_wconf 88' lang='lat' dir='ltr'>regni</span> <span class='ocrx_word' id='word_1_529' title='bbox 1602 3805 1715 3880; x_wconf 82' lang='lat' dir='ltr'>expedi·</span> 
     </span>
     <span class='ocr_line' id='line_1_42' title="bbox 55 3890 1714 3968; baseline 0.004 -21"><span class='ocrx_word' id='word_1_530' title='bbox 55 3890 85 3947; x_wconf 91' lang='lat' dir='ltr'>in</span> <span class='ocrx_word' id='word_1_531' title='bbox 100 3891 189 3948; x_wconf 84' lang='lat' dir='ltr'>triviis</span> <span class='ocrx_word' id='word_1_532' title='bbox 212 3893 354 3961; x_wconf 87' lang='lat' dir='ltr'>cantitata,</span> <span class='ocrx_word' id='word_1_533' title='bbox 370 3895 434 3949; x_wconf 88' lang='lat' dir='ltr'>dum</span> <span class='ocrx_word' id='word_1_534' title='bbox 450 3895 516 3950; x_wconf 89' lang='lat' dir='ltr'>tanti</span> <span class='ocrx_word' id='word_1_535' title='bbox 531 3894 650 3950; x_wconf 90' lang='lat' dir='ltr'>nominis</span> <span class='ocrx_word' id='word_1_536' title='bbox 661 3894 744 3968; x_wconf 86' lang='lat' dir='ltr'>virgo</span> <span class='ocrx_word' id='word_1_537' title='bbox 757 3894 793 3952; x_wconf 86' lang='lat' dir='ltr'>ed</span> <span class='ocrx_word' id='word_1_538' title='bbox 807 3911 857 3950; x_wconf 88' lang='lat' dir='ltr'>na·</span> <span class='ocrx_word' id='word_1_539' title='bbox 911 3899 967 3960; x_wconf 88' lang='lat' dir='ltr'>tus,</span> <span class='ocrx_word' id='word_1_540' title='bbox 984 3907 1047 3947; x_wconf 88' lang='lat' dir='ltr'>cum</span> <span class='ocrx_word' id='word_1_541' title='bbox 1062 3906 1093 3948; x_wconf 86' lang='lat' dir='ltr'>se</span> <span class='ocrx_word' id='word_1_542' title='bbox 1108 3891 1296 3949; x_wconf 88' lang='lat' dir='ltr'>communioni</span> <span class='ocrx_word' id='word_1_543' title='bbox 1311 3899 1338 3948; x_wconf 92' lang='lat' dir='ltr'>et</span> <span class='ocrx_word' id='word_1_544' title='bbox 1351 3892 1482 3949; x_wconf 85' lang='lat' dir='ltr'>hilaritati</span> <span class='ocrx_word' id='word_1_545' title='bbox 1506 3893 1638 3964; x_wconf 87' lang='lat' dir='ltr'>dedisset,</span> <span class='ocrx_word' id='word_1_546' title='bbox 1656 3894 1714 3966; x_wconf 86' lang='lat' dir='ltr'>joci</span> 
     </span>
     <span class='ocr_line' id='line_1_43' title="bbox 57 3979 1714 4056; baseline 0.001 -18"><span class='ocrx_word' id='word_1_547' title='bbox 57 3996 120 4039; x_wconf 84' lang='lat' dir='ltr'>ram</span> <span class='ocrx_word' id='word_1_548' title='bbox 146 3979 488 4051; x_wconf 59' lang='lat' dir='ltr'>mareon-stipantibus</span> <span class='ocrx_word' id='word_1_549' title='bbox 511 3983 640 4038; x_wconf 87' lang='lat' dir='ltr'>omnibus</span> <span class='ocrx_word' id='word_1_550' title='bbox 663 3982 769 4056; x_wconf 65' lang='lat' dir='ltr'>anglice</span> <span class='ocrx_word' id='word_1_551' title='bbox 793 3999 857 4054; x_wconf 89' lang='lat' dir='ltr'>pro·</span> <span class='ocrx_word' id='word_1_552' title='bbox 911 3979 1017 4051; x_wconf 90' lang='lat' dir='ltr'>plenus,</span> <span class='ocrx_word' id='word_1_553' title='bbox 1033 3986 1066 4035; x_wconf 92' lang='lat' dir='ltr'>ut</span> <span class='ocrx_word' id='word_1_554' title='bbox 1079 3986 1121 4036; x_wconf 86' lang='lat' dir='ltr'>sat</span> <span class='ocrx_word' id='word_1_555' title='bbox 1135 3979 1185 4034; x_wconf 91' lang='lat' dir='ltr'>erit</span> <span class='ocrx_word' id='word_1_556' title='bbox 1200 3979 1308 4036; x_wconf 91' lang='lat' dir='ltr'>duobus</span> <span class='ocrx_word' id='word_1_557' title='bbox 1323 3980 1441 4055; x_wconf 88' lang='lat' dir='ltr'>probare</span> <span class='ocrx_word' id='word_1_558' title='bbox 1456 3982 1599 4055; x_wconf 86' lang='lat' dir='ltr'>exemplis.</span> <span class='ocrx_word' id='word_1_559' title='bbox 1625 3980 1714 4043; x_wconf 87' lang='lat' dir='ltr'>Soro-</span> 
     </span>
     <span class='ocr_line' id='line_1_44' title="bbox 62 4067 1712 4146; baseline 0.002 -19"><span class='ocrx_word' id='word_1_560' title='bbox 62 4068 185 4135; x_wconf 87' lang='lat' dir='ltr'>ceribus,</span> <span class='ocrx_word' id='word_1_561' title='bbox 200 4077 228 4127; x_wconf 87' lang='lat' dir='ltr'>et</span> <span class='ocrx_word' id='word_1_562' title='bbox 241 4069 271 4125; x_wconf 88' lang='lat' dir='ltr'>iu</span> <span class='ocrx_word' id='word_1_563' title='bbox 284 4085 417 4141; x_wconf 86' lang='lat' dir='ltr'>expensas</span> <span class='ocrx_word' id='word_1_564' title='bbox 430 4071 631 4128; x_wconf 87' lang='lat' dir='ltr'>conterentibus</span> <span class='ocrx_word' id='word_1_565' title='bbox 649 4071 777 4146; x_wconf 86' lang='lat' dir='ltr'>quicquid</span> <span class='ocrx_word' id='word_1_566' title='bbox 790 4071 858 4128; x_wconf 87' lang='lat' dir='ltr'>abs·</span> <span class='ocrx_word' id='word_1_567' title='bbox 911 4083 969 4123; x_wconf 89' lang='lat' dir='ltr'>rem</span> <span class='ocrx_word' id='word_1_568' title='bbox 999 4068 1240 4125; x_wconf 85' lang='lat' dir='ltr'>sanctimonialem</span> <span class='ocrx_word' id='word_1_569' title='bbox 1267 4068 1347 4125; x_wconf 90' lang='lat' dir='ltr'>unice</span> <span class='ocrx_word' id='word_1_570' title='bbox 1374 4067 1520 4143; x_wconf 88' lang='lat' dir='ltr'>diligebat,</span> <span class='ocrx_word' id='word_1_571' title='bbox 1534 4077 1564 4126; x_wconf 90' lang='lat' dir='ltr'>ut</span> <span class='ocrx_word' id='word_1_572' title='bbox 1578 4086 1631 4130; x_wconf 89' lang='lat' dir='ltr'>auo</span> <span class='ocrx_word' id='word_1_573' title='bbox 1650 4088 1712 4130; x_wconf 87' lang='lat' dir='ltr'>cam</span> 
     </span>
     <span class='ocr_line' id='line_1_45' title="bbox 56 4154 1711 4233; baseline -0.001 -14"><span class='ocrx_word' id='word_1_574' title='bbox 56 4157 195 4227; x_wconf 70' lang='lat' dir='ltr'>,tunderet</span> <span class='ocrx_word' id='word_1_575' title='bbox 216 4157 261 4216; x_wconf 78' lang='lat' dir='ltr'>rel</span> <span class='ocrx_word' id='word_1_576' title='bbox 284 4158 458 4232; x_wconf 87' lang='lat' dir='ltr'>marsupium</span> <span class='ocrx_word' id='word_1_577' title='bbox 488 4160 630 4232; x_wconf 87' lang='lat' dir='ltr'>poblicum</span> <span class='ocrx_word' id='word_1_578' title='bbox 657 4160 700 4218; x_wconf 86' lang='lat' dir='ltr'>rel</span> <span class='ocrx_word' id='word_1_579' title='bbox 727 4161 857 4218; x_wconf 79' lang='lat' dir='ltr'>erarium</span> <span class='ocrx_word' id='word_1_580' title='bbox 910 4154 989 4214; x_wconf 87' lang='lat' dir='ltr'>lateri</span> <span class='ocrx_word' id='word_1_581' title='bbox 1002 4156 1101 4216; x_wconf 87' lang='lat' dir='ltr'>deesse</span> <span class='ocrx_word' id='word_1_582' title='bbox 1127 4172 1183 4215; x_wconf 90' lang='lat' dir='ltr'>non</span> <span class='ocrx_word' id='word_1_583' title='bbox 1212 4164 1360 4231; x_wconf 85' lang='lat' dir='ltr'>pateretur,</span> <span class='ocrx_word' id='word_1_584' title='bbox 1375 4157 1424 4216; x_wconf 89' lang='lat' dir='ltr'>sed</span> <span class='ocrx_word' id='word_1_585' title='bbox 1437 4173 1547 4233; x_wconf 82' lang='lat' dir='ltr'>semper</span> <span class='ocrx_word' id='word_1_586' title='bbox 1564 4158 1711 4233; x_wconf 82' lang='lat' dir='ltr'>triclinium</span> 
     </span>
    </p>
   </div>
   <div class='ocr_carea' id='block_1_3' title="bbox 55 4358 1536 4514">
    <p class='ocr_par' dir='ltr' id='par_1_6' title="bbox 55 4358 1536 4514">
     <span class='ocr_line' id='line_1_46' title="bbox 56 4358 1536 4438; baseline 0.007 -21"><span class='ocrx_word' id='word_1_587' title='bbox 56 4358 210 4417; x_wconf 68' lang='lat' dir='ltr'>baudonis</span> <span class='ocrx_word' id='word_1_588' title='bbox 219 4360 355 4430; x_wconf 86' lang='lat' dir='ltr'>sepultum</span> <span class='ocrx_word' id='word_1_589' title='bbox 369 4366 413 4417; x_wconf 88' lang='lat' dir='ltr'>est</span> <span class='ocrx_word' id='word_1_590' title='bbox 427 4361 500 4432; x_wconf 89' lang='lat' dir='ltr'>apud</span> <span class='ocrx_word' id='word_1_591' title='bbox 513 4371 637 4419; x_wconf 84' lang='lat' dir='ltr'>sunctum</span> <span class='ocrx_word' id='word_1_592' title='bbox 647 4362 849 4420; x_wconf 77' lang='lat' dir='ltr'>Clementem.»</span> <span class='ocrx_word' id='word_1_593' title='bbox 946 4370 1002 4438; x_wconf 79' lang='lat' dir='ltr'>(tc)</span> <span class='ocrx_word' id='word_1_594' title='bbox 1019 4369 1141 4426; x_wconf 80' lang='lat' dir='ltr'>leserat.</span> <span class='ocrx_word' id='word_1_595' title='bbox 1156 4383 1182 4425; x_wconf 89' lang='lat' dir='ltr'>a.</span> <span class='ocrx_word' id='word_1_596' title='bbox 1197 4383 1222 4424; x_wconf 88' lang='lat' dir='ltr'>a.</span> <span class='ocrx_word' id='word_1_597' title='bbox 1235 4367 1265 4428; x_wconf 88' lang='lat' dir='ltr'>d.</span> <span class='ocrx_word' id='word_1_598' title='bbox 1279 4382 1305 4427; x_wconf 91' lang='lat' dir='ltr'>e.</span> <span class='ocrx_word' id='word_1_599' title='bbox 1320 4366 1354 4432; x_wconf 83' lang='lat' dir='ltr'>l..</span> <span class='ocrx_word' id='word_1_600' title='bbox 1368 4368 1496 4438; x_wconf 68' lang='lat' dir='ltr'>affirmo,</span> <span class='ocrx_word' id='word_1_601' title='bbox 1510 4383 1536 4427; x_wconf 89' lang='lat' dir='ltr'>c.</span> 
     </span>
     <span class='ocr_line' id='line_1_47' title="bbox 55 4414 1536 4514; baseline 0.004 -22"><span class='ocrx_word' id='word_1_602' title='bbox 55 4432 143 4503; x_wconf 71' lang='lat' dir='ltr'>tuso.</span> <span class='ocrx_word' id='word_1_603' title='bbox 163 4447 200 4489; x_wconf 78' lang='lat' dir='ltr'>os</span> <span class='ocrx_word' id='word_1_604' title='bbox 214 4432 329 4499; x_wconf 65' lang='lat' dir='ltr'>ulmo,</span> <span class='ocrx_word' id='word_1_605' title='bbox 344 4433 428 4489; x_wconf 79' lang='lat' dir='ltr'>rrcr.</span> <span class='ocrx_word' id='word_1_606' title='bbox 446 4432 563 4503; x_wconf 77' lang='lat' dir='ltr'>atron.)</span> <span class='ocrx_word' id='word_1_607' title='bbox 864 4414 891 4479; x_wconf 80' lang='grc' dir='ltr'>ὓ</span> <span class='ocrx_word' id='word_1_608' title='bbox 941 4440 999 4514; x_wconf 80' lang='lat' dir='ltr'>(rs)</span> <span class='ocrx_word' id='word_1_609' title='bbox 1016 4441 1132 4499; x_wconf 69' lang='lat' dir='ltr'>aarum.</span> <span class='ocrx_word' id='word_1_610' title='bbox 1147 4456 1213 4507; x_wconf 67' lang='lat' dir='ltr'>ss.</span> <span class='ocrx_word' id='word_1_611' title='bbox 1227 4455 1253 4498; x_wconf 78' lang='lat' dir='ltr'>s.</span> <span class='ocrx_word' id='word_1_612' title='bbox 1267 4437 1299 4508; x_wconf 85' lang='lat' dir='ltr'>r..</span> <span class='ocrx_word' id='word_1_613' title='bbox 1315 4439 1404 4496; x_wconf 79' lang='lat' dir='ltr'>onio.</span> <span class='ocrx_word' id='word_1_614' title='bbox 1419 4441 1447 4495; x_wconf 82' lang='lat' dir='ltr'>n</span> <span class='ocrx_word' id='word_1_615' title='bbox 1466 4455 1492 4498; x_wconf 80' lang='lat' dir='ltr'>c.</span> <span class='ocrx_word' id='word_1_616' title='bbox 1507 4441 1536 4498; x_wconf 87' lang='lat' dir='ltr'>a.</span> 
     </span>
    </p>
   </div>
   <div class='ocr_carea' id='block_1_4' title="bbox 13 4501 1706 4667">
    <p class='ocr_par' dir='ltr' id='par_1_7' title="bbox 13 4501 1706 4667">
     <span class='ocr_line' id='line_1_48' title="bbox 13 4501 1706 4628; baseline 0.011 -55"><span class='ocrx_word' id='word_1_617' title='bbox 13 4596 16 4601; x_wconf 28' lang='grc' dir='ltr'>Ι</span> <span class='ocrx_word' id='word_1_618' title='bbox 56 4501 282 4628; x_wconf 56' lang='lat' dir='ltr'>bfflfflffl&#39;nn·</span> <span class='ocrx_word' id='word_1_619' title='bbox 297 4520 325 4584; x_wconf 57' lang='grc' dir='ltr'>ἃς</span> <span class='ocrx_word' id='word_1_620' title='bbox 339 4502 367 4560; x_wconf 76' lang='lat' dir='ltr'>d·</span> <span class='ocrx_word' id='word_1_621' title='bbox 378 4521 403 4559; x_wconf 68' lang='grc' dir='ltr'>θ·</span> <span class='ocrx_word' id='word_1_622' title='bbox 416 4503 446 4567; x_wconf 71' lang='grc' dir='ltr'>Ι·’</span> <span class='ocrx_word' id='word_1_623' title='bbox 462 4505 716 4586; x_wconf 59' lang='lat' dir='ltr'>&#39;&#39;i9i”²‘320·²¹⁰¹¹9</span> <span class='ocrx_word' id='word_1_624' title='bbox 728 4506 796 4560; x_wconf 62' lang='lat'>¹⁰⁴⁰</span> <span class='ocrx_word' id='word_1_625' title='bbox 807 4503 853 4560; x_wconf 56' lang='grc' dir='ltr'>(Γ)</span> <span class='ocrx_word' id='word_1_626' title='bbox 941 4532 987 4599; x_wconf 93' lang='grc'>(88</span> <span class='ocrx_word' id='word_1_627' title='bbox 1015 4530 1132 4587; x_wconf 82' lang='lat' dir='ltr'>ilenrico</span> <span class='ocrx_word' id='word_1_628' title='bbox 1142 4509 1560 4603; x_wconf 79' lang='lat' dir='ltr'>imperato’rtAlemaunorum.</span> <span class='ocrx_word' id='word_1_629' title='bbox 1570 4530 1706 4593; x_wconf 70' lang='grc'><strong>(1888888</strong></span> 
     </span>
     <span class='ocr_line' id='line_1_49' title="bbox 76 4534 1689 4667; baseline 0.018 -40"><span class='ocrx_word' id='word_1_630' title='bbox 76 4584 151 4628; x_wconf 90' lang='lat' dir='ltr'>utum</span> <span class='ocrx_word' id='word_1_631' title='bbox 168 4588 219 4643; x_wconf 90' lang='lat' dir='ltr'>pro</span> <span class='ocrx_word' id='word_1_632' title='bbox 232 4583 374 4647; x_wconf 79' lang='lat' dir='ltr'>sexaginta</span> <span class='ocrx_word' id='word_1_633' title='bbox 392 4574 498 4629; x_wconf 86' lang='lat' dir='ltr'>duabus</span> <span class='ocrx_word' id='word_1_634' title='bbox 519 4576 642 4639; x_wconf 75' lang='lat' dir='ltr'>naribus,</span> <span class='ocrx_word' id='word_1_635' title='bbox 665 4584 769 4632; x_wconf 81' lang='lat' dir='ltr'>ratione</span> <span class='ocrx_word' id='word_1_636' title='bbox 789 4582 852 4634; x_wconf 90' lang='lat' dir='ltr'>octo</span> <span class='ocrx_word' id='word_1_637' title='bbox 905 4602 954 4667; x_wconf 53' lang='grc' dir='ltr'>(ῃ,</span> <span class='ocrx_word' id='word_1_638' title='bbox 971 4534 1041 4656; x_wconf 49' lang='lat' dir='ltr'><strong>filius</strong></span> <span class='ocrx_word' id='word_1_639' title='bbox 1056 4600 1174 4656; x_wconf 57' lang='lat' dir='ltr'>conradi</span> <span class='ocrx_word' id='word_1_640' title='bbox 1190 4601 1225 4655; x_wconf 70' lang='lat'>11,</span> <span class='ocrx_word' id='word_1_641' title='bbox 1686 4604 1689 4608; x_wconf 80' lang='grc'><strong>’</strong></span> 
     </span>
    </p>
   </div>
   <div class='ocr_carea' id='block_1_5' title="bbox 51 4646 1573 4814">
    <p class='ocr_par' dir='ltr' id='par_1_8' title="bbox 51 4646 1573 4814">
     <span class='ocr_line' id='line_1_50' title="bbox 56 4646 1573 4743; baseline 0.004 -45"><span class='ocrx_word' id='word_1_642' title='bbox 56 4658 209 4699; x_wconf 88' lang='lat' dir='ltr'>marcarum</span> <span class='ocrx_word' id='word_1_643' title='bbox 243 4660 274 4699; x_wconf 89' lang='lat' dir='ltr'>ro</span> <span class='ocrx_word' id='word_1_644' title='bbox 295 4661 464 4736; x_wconf 77' lang='lat' dir='ltr'>unoquoque</span> <span class='ocrx_word' id='word_1_645' title='bbox 486 4647 672 4717; x_wconf 82' lang='lat' dir='ltr'>gubernatore</span> <span class='ocrx_word' id='word_1_646' title='bbox 694 4646 852 4717; x_wconf 86' lang='lat' dir='ltr'>impositum</span> <span class='ocrx_word' id='word_1_647' title='bbox 953 4672 998 4739; x_wconf 56' lang='grc' dir='ltr'>ὃς)</span> <span class='ocrx_word' id='word_1_648' title='bbox 1014 4671 1169 4743; x_wconf 64' lang='lat' dir='ltr'>Spomm⁸</span> <span class='ocrx_word' id='word_1_649' title='bbox 1186 4683 1213 4725; x_wconf 47' lang='lat' dir='ltr'>g·</span> <span class='ocrx_word' id='word_1_650' title='bbox 1229 4685 1252 4727; x_wconf 41' lang='lat'>,0</span> <span class='ocrx_word' id='word_1_651' title='bbox 1268 4669 1316 4727; x_wconf 63' lang='lat' dir='ltr'>p,</span> <span class='ocrx_word' id='word_1_652' title='bbox 1335 4686 1446 4735; x_wconf 45' lang='lat' dir='ltr'>mam·</span> <span class='ocrx_word' id='word_1_653' title='bbox 1461 4685 1487 4728; x_wconf 43' lang='grc' dir='ltr'>ο.</span> <span class='ocrx_word' id='word_1_654' title='bbox 1502 4669 1530 4727; x_wconf 46' lang='grc' dir='ltr'>ἀ,</span> <span class='ocrx_word' id='word_1_655' title='bbox 1547 4687 1573 4729; x_wconf 45' lang='lat'>0·</span> 
     </span>
     <span class='ocr_line' id='line_1_51' title="bbox 51 4674 1513 4814; baseline 0.001 -43"><span class='ocrx_word' id='word_1_656' title='bbox 51 4714 190 4780; x_wconf 64' lang='lat' dir='ltr'>asti-isse</span> <span class='ocrx_word' id='word_1_657' title='bbox 237 4719 308 4780; x_wconf 79' lang='lat' dir='ltr'>rurs.)</span> <span class='ocrx_word' id='word_1_658' title='bbox 319 4717 396 4773; x_wconf 82' lang='lat' dir='ltr'>texta</span> <span class='ocrx_word' id='word_1_659' title='bbox 409 4717 531 4772; x_wconf 85' lang='lat' dir='ltr'>bloreut.</span> <span class='ocrx_word' id='word_1_660' title='bbox 546 4719 673 4789; x_wconf 85' lang='lat' dir='ltr'>Wrgoru.</span> <span class='ocrx_word' id='word_1_661' title='bbox 686 4739 698 4765; x_wconf 78' lang='lat' dir='ltr'>u</span> <span class='ocrx_word' id='word_1_662' title='bbox 711 4728 774 4774; x_wconf 88' lang='lat' dir='ltr'>octo</span> <span class='ocrx_word' id='word_1_663' title='bbox 782 4734 851 4773; x_wconf 83' lang='lat' dir='ltr'>mar·</span> <span class='ocrx_word' id='word_1_664' title='bbox 938 4674 950 4813; x_wconf 69' lang='grc'><strong>)</strong></span> <span class='ocrx_word' id='word_1_665' title='bbox 1312 4687 1340 4807; x_wconf 50' lang='lat' dir='ltr'>f,</span> <span class='ocrx_word' id='word_1_666' title='bbox 1357 4742 1513 4814; x_wconf 51' lang='lat' dir='ltr'>smum</span> 
     </span>
    </p>
   </div>
   <div class='ocr_carea' id='block_1_6' title="bbox 57 4739 1295 4859">
    <p class='ocr_par' dir='ltr' id='par_1_9' title="bbox 57 4739 1295 4859">
     <span class='ocr_line' id='line_1_52' title="bbox 57 4739 1295 4859; baseline 0.002 -18"><span class='ocrx_word' id='word_1_667' title='bbox 57 4798 104 4841; x_wconf 88' lang='lat' dir='ltr'>cas</span> <span class='ocrx_word' id='word_1_668' title='bbox 126 4783 275 4856; x_wconf 80' lang='lat' dir='ltr'>uuicuique</span> <span class='ocrx_word' id='word_1_669' title='bbox 289 4788 466 4858; x_wconf 73' lang='lat' dir='ltr'>gubernatori</span> <span class='ocrx_word' id='word_1_670' title='bbox 482 4788 516 4842; x_wconf 84' lang='lat' dir='ltr'>de</span> <span class='ocrx_word' id='word_1_671' title='bbox 531 4796 586 4843; x_wconf 88' lang='lat' dir='ltr'>tcta</span> <span class='ocrx_word' id='word_1_672' title='bbox 601 4788 702 4853; x_wconf 70' lang='lat' dir='ltr'>englis</span> <span class='ocrx_word' id='word_1_673' title='bbox 722 4789 853 4859; x_wconf 75' lang='lat' dir='ltr'>precepit</span> <span class='ocrx_word' id='word_1_674' title='bbox 948 4743 998 4807; x_wconf 47' lang='grc' dir='ltr'>δὴ</span> <span class='ocrx_word' id='word_1_675' title='bbox 1014 4742 1172 4798; x_wconf 38' lang='lat' dir='ltr'>Sim&amp;</span> <span class='ocrx_word' id='word_1_676' title='bbox 1184 4755 1211 4798; x_wconf 51' lang='grc' dir='ltr'>θ’</span> <span class='ocrx_word' id='word_1_677' title='bbox 1225 4739 1254 4795; x_wconf 66' lang='lat' dir='ltr'>d‘</span> <span class='ocrx_word' id='word_1_678' title='bbox 1268 4756 1295 4797; x_wconf 48' lang='grc' dir='ltr'>θ’</span> 
     </span>
    </p>
   </div>
   <div class='ocr_carea' id='block_1_7' title="bbox 55 4828 1706 5002">
    <p class='ocr_par' dir='ltr' id='par_1_10' title="bbox 55 4828 1706 5002">
     <span class='ocr_line' id='line_1_53' title="bbox 55 4828 1706 4981; baseline 0.003 -72"><span class='ocrx_word' id='word_1_679' title='bbox 55 4853 128 4981; x_wconf 55' lang='lat' dir='ltr'>m</span> <span class='ocrx_word' id='word_1_680' title='bbox 138 4855 285 4926; x_wconf 74' lang='lat' dir='ltr'>dependi·</span> <span class='ocrx_word' id='word_1_681' title='bbox 298 4863 375 4913; x_wconf 77' lang='lat' dir='ltr'>Aurio</span> <span class='ocrx_word' id='word_1_682' title='bbox 386 4860 467 4913; x_wconf 88' lang='lat' dir='ltr'>etiarn</span> <span class='ocrx_word' id='word_1_683' title='bbox 482 4859 606 4929; x_wconf 89' lang='lat' dir='ltr'>sequenti</span> <span class='ocrx_word' id='word_1_684' title='bbox 618 4859 751 4914; x_wconf 81' lang='lat' dir='ltr'>tributum</span> <span class='ocrx_word' id='word_1_685' title='bbox 763 4860 850 4914; x_wconf 80' lang='grc'><strong>81898</strong></span> <span class='ocrx_word' id='word_1_686' title='bbox 906 4900 931 4957; x_wconf 74' lang='lat' dir='ltr'>d.</span> <span class='ocrx_word' id='word_1_687' title='bbox 940 4830 997 4899; x_wconf 71' lang='lat'>(⁸³)</span> <span class='ocrx_word' id='word_1_688' title='bbox 1014 4828 1161 4901; x_wconf 56' lang='lat' dir='ltr'>Qum</span> <span class='ocrx_word' id='word_1_689' title='bbox 1175 4829 1258 4886; x_wconf 42' lang='grc' dir='ltr'><strong>(Μὴ.)</strong></span> <span class='ocrx_word' id='word_1_690' title='bbox 1272 4829 1391 4911; x_wconf 53' lang='lat' dir='ltr'>&#39;immi’</span> <span class='ocrx_word' id='word_1_691' title='bbox 1415 4829 1448 4911; x_wconf 61' lang='grc' dir='ltr'>Ε.)</span> <span class='ocrx_word' id='word_1_692' title='bbox 1463 4845 1561 4887; x_wconf 63' lang='lat' dir='ltr'>men</span> <span class='ocrx_word' id='word_1_693' title='bbox 1575 4838 1633 4914; x_wconf 57' lang='grc' dir='ltr'>θη(</span> <span class='ocrx_word' id='word_1_694' title='bbox 1647 4831 1706 4914; x_wconf 51' lang='grc' dir='ltr'>(θ’</span> 
     </span>
     <span class='ocr_line' id='line_1_54' title="bbox 130 4899 1705 5002; baseline 0.006 -49"><span class='ocrx_word' id='word_1_695' title='bbox 130 4942 194 4983; x_wconf 64' lang='lat' dir='ltr'>mm</span> <span class='ocrx_word' id='word_1_696' title='bbox 216 4930 360 4994; x_wconf 41' lang='lat' dir='ltr'>‘amnui&#39;</span> <span class='ocrx_word' id='word_1_697' title='bbox 376 4936 471 4997; x_wconf 54' lang='lat'><strong>9052„</strong></span> <span class='ocrx_word' id='word_1_698' title='bbox 486 4944 550 4985; x_wconf 61' lang='lat' dir='ltr'>,em</span> <span class='ocrx_word' id='word_1_699' title='bbox 565 4930 650 4986; x_wconf 58' lang='lat'>„048</span> <span class='ocrx_word' id='word_1_700' title='bbox 667 4929 728 4985; x_wconf 41' lang='lat' dir='ltr'>ngr·</span> <span class='ocrx_word' id='word_1_701' title='bbox 742 4931 852 5002; x_wconf 49' lang='lat' dir='ltr'>mmm</span> <span class='ocrx_word' id='word_1_702' title='bbox 925 4915 1033 4972; x_wconf 89' lang='lat' dir='ltr'>rogaro,</span> <span class='ocrx_word' id='word_1_703' title='bbox 1049 4901 1177 4972; x_wconf 91' lang='lat' dir='ltr'>puerulus</span> <span class='ocrx_word' id='word_1_704' title='bbox 1192 4914 1259 4957; x_wconf 85' lang='lat' dir='ltr'>vero</span> <span class='ocrx_word' id='word_1_705' title='bbox 1280 4899 1320 4956; x_wconf 86' lang='lat' dir='ltr'>rlir</span> <span class='ocrx_word' id='word_1_706' title='bbox 1344 4908 1488 4982; x_wconf 78' lang='lat' dir='ltr'>appositus</span> <span class='ocrx_word' id='word_1_707' title='bbox 1516 4917 1577 4958; x_wconf 88' lang='lat' dir='ltr'>esse</span> <span class='ocrx_word' id='word_1_708' title='bbox 1604 4901 1705 4962; x_wconf 79' lang='lat' dir='ltr'>dicitur</span> 
     </span>
    </p>
   </div>
   <div class='ocr_carea' id='block_1_8' title="bbox 58 4995 852 5139">
    <p class='ocr_par' dir='ltr' id='par_1_11' title="bbox 58 4995 852 5139">
     <span class='ocr_line' id='line_1_55' title="bbox 58 4995 725 5070; baseline 0.003 -17"><span class='ocrx_word' id='word_1_709' title='bbox 58 4995 168 5053; x_wconf 86' lang='lat' dir='ltr'>duabus</span> <span class='ocrx_word' id='word_1_710' title='bbox 178 4996 294 5054; x_wconf 86' lang='lat' dir='ltr'>naribus</span> <span class='ocrx_word' id='word_1_711' title='bbox 304 5000 423 5054; x_wconf 86' lang='lat' dir='ltr'>actutum</span> <span class='ocrx_word' id='word_1_712' title='bbox 435 5007 478 5055; x_wconf 91' lang='lat' dir='ltr'>est</span> <span class='ocrx_word' id='word_1_713' title='bbox 495 5001 574 5068; x_wconf 79' lang='lat' dir='ltr'>(Soc.</span> <span class='ocrx_word' id='word_1_714' title='bbox 590 4998 725 5070; x_wconf 69' lang='lat' dir='ltr'>cirrum).</span> 
     </span>
     <span class='ocr_line' id='line_1_56' title="bbox 93 5066 852 5139; baseline 0.007 -18"><span class='ocrx_word' id='word_1_715' title='bbox 93 5066 153 5137; x_wconf 80' lang='lat' dir='ltr'>(id)</span> <span class='ocrx_word' id='word_1_716' title='bbox 171 5069 249 5125; x_wconf 76' lang='lat' dir='ltr'>tuter</span> <span class='ocrx_word' id='word_1_717' title='bbox 270 5074 392 5126; x_wconf 86' lang='lat' dir='ltr'>mortem</span> <span class='ocrx_word' id='word_1_718' title='bbox 414 5070 539 5128; x_wconf 82' lang='lat' dir='ltr'>llorotct.</span> <span class='ocrx_word' id='word_1_719' title='bbox 569 5069 652 5126; x_wconf 80' lang='lat' dir='ltr'>Juxta</span> <span class='ocrx_word' id='word_1_720' title='bbox 674 5069 852 5139; x_wconf 86' lang='lat' dir='ltr'>Florentium,</span> 
     </span>
    </p>
   </div>
   <div class='ocr_carea' id='block_1_9' title="bbox 926 4969 1702 5111">
    <p class='ocr_par' dir='ltr' id='par_1_12' title="bbox 926 4969 1702 5111">
     <span class='ocr_line' id='line_1_57' title="bbox 926 4969 1702 5043; baseline 0.01 -18"><span class='ocrx_word' id='word_1_721' title='bbox 926 4971 1020 5027; x_wconf 89' lang='lat' dir='ltr'>umilio</span> <span class='ocrx_word' id='word_1_722' title='bbox 1067 4970 1157 5026; x_wconf 90' lang='lat' dir='ltr'>uidam</span> <span class='ocrx_word' id='word_1_723' title='bbox 1183 4969 1294 5027; x_wconf 89' lang='lat' dir='ltr'>nomina</span> <span class='ocrx_word' id='word_1_724' title='bbox 1314 4971 1462 5029; x_wconf 81' lang='lat' dir='ltr'>blamiccn.</span> <span class='ocrx_word' id='word_1_725' title='bbox 1493 4972 1611 5043; x_wconf 76' lang='lat' dir='ltr'>(curor.</span> <span class='ocrx_word' id='word_1_726' title='bbox 1636 4975 1702 5033; x_wconf 78' lang='lat' dir='ltr'>lob.</span> 
     </span>
     <span class='ocr_line' id='line_1_58' title="bbox 937 4988 1073 5111; baseline 0 -14"><span class='ocrx_word' id='word_1_727' title='bbox 937 4988 1073 5111; x_wconf 43' lang='lat' dir='ltr'>romtccss</span> 
     </span>
    </p>
   </div>
   <div class='ocr_carea' id='block_1_10' title="bbox 50 5130 1580 5266">
    <p class='ocr_par' dir='ltr' id='par_1_13' title="bbox 50 5130 1580 5266">
     <span class='ocr_line' id='line_1_59' title="bbox 50 5130 1580 5266; baseline 0.007 -73"><span class='ocrx_word' id='word_1_728' title='bbox 50 5137 129 5193; x_wconf 81' lang='lat' dir='ltr'>-ebiit</span> <span class='ocrx_word' id='word_1_729' title='bbox 140 5138 311 5195; x_wconf 77' lang='lat' dir='ltr'>AEllredosa.</span> <span class='ocrx_word' id='word_1_730' title='bbox 324 5141 357 5195; x_wconf 83' lang='lat' dir='ltr'>lt.</span> <span class='ocrx_word' id='word_1_731' title='bbox 369 5140 449 5209; x_wconf 81' lang='grc'><strong>1836,</strong></span> <span class='ocrx_word' id='word_1_732' title='bbox 460 5149 734 5266; x_wconf 53' lang='lat' dir='ltr'>consffluaoterantc</span> <span class='ocrx_word' id='word_1_733' title='bbox 743 5140 854 5197; x_wconf 82' lang='lat' dir='ltr'>flaruldi</span> <span class='ocrx_word' id='word_1_734' title='bbox 944 5131 988 5201; x_wconf 69' lang='lat'>(⁸4</span> <span class='ocrx_word' id='word_1_735' title='bbox 1015 5131 1166 5202; x_wconf 64' lang='lat' dir='ltr'>Alil‘m‘st·</span> <span class='ocrx_word' id='word_1_736' title='bbox 1182 5143 1209 5185; x_wconf 62' lang='grc' dir='ltr'>Β·</span> <span class='ocrx_word' id='word_1_737' title='bbox 1222 5144 1251 5186; x_wconf 75' lang='lat'>⁰·</span> <span class='ocrx_word' id='word_1_738' title='bbox 1266 5130 1295 5185; x_wconf 68' lang='lat' dir='ltr'>d·</span> <span class='ocrx_word' id='word_1_739' title='bbox 1310 5145 1349 5199; x_wconf 63' lang='lat' dir='ltr'>‘n</span> <span class='ocrx_word' id='word_1_740' title='bbox 1364 5132 1505 5258; x_wconf 54' lang='grc' dir='ltr'>ΨΜ(</span> <span class='ocrx_word' id='word_1_741' title='bbox 1521 5147 1548 5187; x_wconf 81' lang='lat'>⁸·</span> <span class='ocrx_word' id='word_1_742' title='bbox 1560 5132 1580 5189; x_wconf 77' lang='lat'>¹·</span> 
     </span>
    </p>
   </div>
   <div class='ocr_carea' id='block_1_11' title="bbox 58 5200 1622 5352">
    <p class='ocr_par' dir='ltr' id='par_1_14' title="bbox 58 5200 1622 5352">
     <span class='ocr_line' id='line_1_60' title="bbox 59 5200 1622 5285; baseline 0.009 -22"><span class='ocrx_word' id='word_1_743' title='bbox 59 5207 173 5264; x_wconf 87' lang='lat' dir='ltr'>obitum.</span> <span class='ocrx_word' id='word_1_744' title='bbox 188 5210 366 5266; x_wconf 84' lang='lat' dir='ltr'>Pmbubiliter</span> <span class='ocrx_word' id='word_1_745' title='bbox 378 5211 529 5285; x_wconf 87' lang='lat' dir='ltr'>nobislege</span> <span class='ocrx_word' id='word_1_746' title='bbox 569 5219 662 5268; x_wconf 89' lang='lat' dir='ltr'>umest</span> <span class='ocrx_word' id='word_1_747' title='bbox 673 5233 685 5259; x_wconf 80' lang='lat' dir='ltr'>r</span> <span class='ocrx_word' id='word_1_748' title='bbox 698 5211 851 5270; x_wconf 69' lang='lat' dir='ltr'>samonis»</span> <span class='ocrx_word' id='word_1_749' title='bbox 945 5203 1001 5273; x_wconf 79' lang='lat'><strong>(⁸5)</strong></span> <span class='ocrx_word' id='word_1_750' title='bbox 1018 5201 1195 5285; x_wconf 53' lang='lat' dir='ltr'>silwim·</span> <span class='ocrx_word' id='word_1_751' title='bbox 1211 5215 1238 5258; x_wconf 80' lang='lat'>⁸·</span> <span class='ocrx_word' id='word_1_752' title='bbox 1253 5217 1279 5258; x_wconf 79' lang='lat'>⁰·</span> <span class='ocrx_word' id='word_1_753' title='bbox 1294 5200 1323 5257; x_wconf 66' lang='lat' dir='ltr'>d·</span> <span class='ocrx_word' id='word_1_754' title='bbox 1340 5217 1366 5258; x_wconf 69' lang='grc' dir='ltr'>θ·</span> <span class='ocrx_word' id='word_1_755' title='bbox 1393 5240 1414 5269; x_wconf 83' lang='lat' dir='ltr'>·r</span> <span class='ocrx_word' id='word_1_756' title='bbox 1429 5202 1584 5276; x_wconf 58' lang='lat' dir='ltr'>“mimir</span> <span class='ocrx_word' id='word_1_757' title='bbox 1598 5219 1622 5261; x_wconf 80' lang='lat'>⁸·</span> 
     </span>
     <span class='ocr_line' id='line_1_61' title="bbox 58 5271 1430 5352; baseline -0.004 -18"><span class='ocrx_word' id='word_1_758' title='bbox 58 5294 111 5352; x_wconf 90' lang='lat' dir='ltr'>pro</span> <span class='ocrx_word' id='word_1_759' title='bbox 129 5302 141 5328; x_wconf 77' lang='grc' dir='ltr'>ι</span> <span class='ocrx_word' id='word_1_760' title='bbox 159 5281 284 5337; x_wconf 85' lang='lat' dir='ltr'>licroldi.</span> <span class='ocrx_word' id='word_1_761' title='bbox 302 5304 313 5331; x_wconf 72' lang='lat' dir='ltr'>n</span> <span class='ocrx_word' id='word_1_762' title='bbox 945 5273 1004 5337; x_wconf 82' lang='grc'><strong>(86)</strong></span> <span class='ocrx_word' id='word_1_763' title='bbox 1017 5272 1096 5341; x_wconf 65' lang='lat' dir='ltr'>cros.</span> <span class='ocrx_word' id='word_1_764' title='bbox 1111 5287 1150 5336; x_wconf 82' lang='lat' dir='ltr'>e,</span> <span class='ocrx_word' id='word_1_765' title='bbox 1167 5273 1224 5333; x_wconf 79' lang='lat' dir='ltr'>uer.</span> <span class='ocrx_word' id='word_1_766' title='bbox 1240 5287 1267 5329; x_wconf 89' lang='lat' dir='ltr'>a.</span> <span class='ocrx_word' id='word_1_767' title='bbox 1281 5286 1306 5327; x_wconf 88' lang='lat' dir='ltr'>s.</span> <span class='ocrx_word' id='word_1_768' title='bbox 1321 5287 1347 5328; x_wconf 88' lang='lat' dir='ltr'>c.</span> <span class='ocrx_word' id='word_1_769' title='bbox 1359 5271 1397 5328; x_wconf 85' lang='lat' dir='ltr'>-d.·</span> <span class='ocrx_word' id='word_1_770' title='bbox 1407 5271 1430 5328; x_wconf 90' lang='lat' dir='ltr'>l.</span> 
     </span>
    </p>
   </div>
   <div class='ocr_carea' id='block_1_12' title="bbox 62 5342 1671 5570">
    <p class='ocr_par' dir='ltr' id='par_1_15' title="bbox 62 5342 1671 5570">
     <span class='ocr_line' id='line_1_62' title="bbox 96 5342 1651 5425; baseline 0.008 -19"><span class='ocrx_word' id='word_1_771' title='bbox 96 5350 156 5422; x_wconf 77' lang='lat' dir='ltr'>(tr)</span> <span class='ocrx_word' id='word_1_772' title='bbox 172 5352 242 5419; x_wconf 77' lang='lat' dir='ltr'>Quis</span> <span class='ocrx_word' id='word_1_773' title='bbox 257 5352 392 5409; x_wconf 79' lang='lat' dir='ltr'>citrunius</span> <span class='ocrx_word' id='word_1_774' title='bbox 407 5356 490 5409; x_wconf 81' lang='lat' dir='ltr'>tucci.</span> <span class='ocrx_word' id='word_1_775' title='bbox 507 5351 614 5409; x_wconf 88' lang='lat' dir='ltr'>Editum</span> <span class='ocrx_word' id='word_1_776' title='bbox 625 5353 726 5410; x_wconf 78' lang='lat' dir='ltr'>Saron.</span> <span class='ocrx_word' id='word_1_777' title='bbox 738 5353 857 5410; x_wconf 89' lang='lat' dir='ltr'>Cbrcni·</span> <span class='ocrx_word' id='word_1_778' title='bbox 947 5343 1005 5410; x_wconf 71' lang='grc' dir='ltr'>(ὓῖ)</span> <span class='ocrx_word' id='word_1_779' title='bbox 1023 5342 1211 5415; x_wconf 58' lang='lat' dir='ltr'>Commini-</span> <span class='ocrx_word' id='word_1_780' title='bbox 1226 5359 1252 5400; x_wconf 61' lang='grc' dir='ltr'>Β·</span> <span class='ocrx_word' id='word_1_781' title='bbox 1268 5357 1299 5399; x_wconf 79' lang='lat'>⁶··</span> <span class='ocrx_word' id='word_1_782' title='bbox 1309 5342 1381 5400; x_wconf 50' lang='lat' dir='ltr'>dee·</span> <span class='ocrx_word' id='word_1_783' title='bbox 1397 5342 1429 5408; x_wconf 91' lang='lat' dir='ltr'>l.,</span> <span class='ocrx_word' id='word_1_784' title='bbox 1442 5343 1607 5425; x_wconf 58' lang='grc' dir='ltr'><strong>(ΝΟΜ,</strong></span> <span class='ocrx_word' id='word_1_785' title='bbox 1623 5362 1651 5405; x_wconf 76' lang='lat'>⁵·</span> 
     </span>
     <span class='ocr_line' id='line_1_63' title="bbox 62 5411 1495 5493; baseline 0.004 -14"><span class='ocrx_word' id='word_1_786' title='bbox 62 5436 116 5479; x_wconf 83' lang='lat' dir='ltr'>con</span> <span class='ocrx_word' id='word_1_787' title='bbox 127 5424 229 5491; x_wconf 83' lang='lat' dir='ltr'>nullam</span> <span class='ocrx_word' id='word_1_788' title='bbox 245 5424 279 5477; x_wconf 84' lang='lat' dir='ltr'>rte</span> <span class='ocrx_word' id='word_1_789' title='bbox 292 5423 346 5479; x_wconf 90' lang='lat' dir='ltr'>bac</span> <span class='ocrx_word' id='word_1_790' title='bbox 359 5438 389 5478; x_wconf 89' lang='lat' dir='ltr'>re</span> <span class='ocrx_word' id='word_1_791' title='bbox 402 5424 568 5478; x_wconf 90' lang='lat' dir='ltr'>mentionem</span> <span class='ocrx_word' id='word_1_792' title='bbox 585 5424 657 5493; x_wconf 91' lang='lat' dir='ltr'>lacit,</span> <span class='ocrx_word' id='word_1_793' title='bbox 668 5424 716 5480; x_wconf 88' lang='lat' dir='ltr'>sed</span> <span class='ocrx_word' id='word_1_794' title='bbox 727 5424 781 5481; x_wconf 92' lang='lat' dir='ltr'>duo</span> <span class='ocrx_word' id='word_1_795' title='bbox 795 5432 859 5481; x_wconf 92' lang='lat' dir='ltr'>aunt</span> <span class='ocrx_word' id='word_1_796' title='bbox 960 5411 1005 5479; x_wconf 69' lang='grc'><strong>88)</strong></span> <span class='ocrx_word' id='word_1_797' title='bbox 1021 5413 1122 5480; x_wconf 70' lang='lat' dir='ltr'>Olim·</span> <span class='ocrx_word' id='word_1_798' title='bbox 1139 5428 1169 5469; x_wconf 62' lang='grc' dir='ltr'>ἃ·</span> <span class='ocrx_word' id='word_1_799' title='bbox 1188 5430 1230 5482; x_wconf 76' lang='lat'>⁸··</span> <span class='ocrx_word' id='word_1_800' title='bbox 1244 5413 1315 5487; x_wconf 62' lang='grc'><strong>880(</strong></span> <span class='ocrx_word' id='word_1_801' title='bbox 1341 5429 1370 5472; x_wconf 80' lang='lat'>⁰·</span> <span class='ocrx_word' id='word_1_802' title='bbox 1388 5412 1459 5470; x_wconf 89' lang='lat' dir='ltr'>d..e.</span> <span class='ocrx_word' id='word_1_803' title='bbox 1473 5414 1495 5471; x_wconf 83' lang='lat'>¹·</span> 
     </span>
     <span class='ocr_line' id='line_1_64' title="bbox 62 5454 1671 5570; baseline 0.005 -22"><span class='ocrx_word' id='word_1_804' title='bbox 62 5492 243 5566; x_wconf 84' lang='lat' dir='ltr'>manuscripti</span> <span class='ocrx_word' id='word_1_805' title='bbox 252 5496 303 5570; x_wconf 84' lang='lat' dir='ltr'>qui</span> <span class='ocrx_word' id='word_1_806' title='bbox 313 5504 373 5552; x_wconf 83' lang='lat' dir='ltr'>eam</span> <span class='ocrx_word' id='word_1_807' title='bbox 384 5493 517 5553; x_wconf 79' lang='lat' dir='ltr'>referunt.</span> <span class='ocrx_word' id='word_1_808' title='bbox 530 5495 856 5554; x_wconf 79' lang='lat' dir='ltr'>Vidamas.cou.Ttber.</span> <span class='ocrx_word' id='word_1_809' title='bbox 961 5482 1006 5554; x_wconf 75' lang='lat'>⁸⁹)</span> <span class='ocrx_word' id='word_1_810' title='bbox 1023 5483 1257 5559; x_wconf 60' lang='lat' dir='ltr'>Attilwdtmld·</span> <span class='ocrx_word' id='word_1_811' title='bbox 1271 5454 1382 5545; x_wconf 56' lang='lat' dir='ltr'>crisa.</span> <span class='ocrx_word' id='word_1_812' title='bbox 1397 5483 1436 5554; x_wconf 58' lang='lat' dir='ltr'>lo</span> <span class='ocrx_word' id='word_1_813' title='bbox 1452 5486 1630 5560; x_wconf 74' lang='lat' dir='ltr'>currentes,</span> <span class='ocrx_word' id='word_1_814' title='bbox 1647 5505 1671 5546; x_wconf 77' lang='lat'>0·</span> 
     </span>
    </p>
   </div>
   <div class='ocr_carea' id='block_1_13' title="bbox 65 5562 1679 5659">
    <p class='ocr_par' dir='ltr' id='par_1_16' title="bbox 65 5562 1679 5659">
     <span class='ocr_line' id='line_1_65' title="bbox 65 5562 1679 5659; baseline 0.007 -39"><span class='ocrx_word' id='word_1_815' title='bbox 65 5562 96 5620; x_wconf 83' lang='lat' dir='ltr'>B.</span> <span class='ocrx_word' id='word_1_816' title='bbox 111 5570 164 5624; x_wconf 85' lang='lat' dir='ltr'>tet</span> <span class='ocrx_word' id='word_1_817' title='bbox 177 5578 216 5622; x_wconf 86' lang='lat' dir='ltr'>ar.</span> <span class='ocrx_word' id='word_1_818' title='bbox 950 5564 1269 5653; x_wconf 60' lang='lat' dir='ltr'>(supercommune.</span> <span class='ocrx_word' id='word_1_819' title='bbox 1284 5568 1322 5631; x_wconf 89' lang='lat' dir='ltr'>d</span> <span class='ocrx_word' id='word_1_820' title='bbox 1328 5562 1413 5657; x_wconf 65' lang='lat' dir='ltr'>sb,</span> <span class='ocrx_word' id='word_1_821' title='bbox 1419 5562 1640 5659; x_wconf 70' lang='lat' dir='ltr'>cbreqcbuptcr,</span> <span class='ocrx_word' id='word_1_822' title='bbox 1656 5590 1679 5632; x_wconf 89' lang='lat' dir='ltr'>s.</span> 
     </span>
    </p>
   </div>
   <div class='ocr_carea' id='block_1_14' title="bbox 0 0 1880 6000">
    <p class='ocr_par' dir='ltr' id='par_1_17' title="bbox 0 0 1880 6000">
     <span class='ocr_line' id='line_1_66' title="bbox 0 0 1880 6000; baseline 0 0"><span class='ocrx_word' id='word_1_823' title='bbox 0 0 1880 6000; x_wconf 95' lang='lat' dir='ltr'> </span> 
     </span>
    </p>
   </div>
  </div>
 </body>
</html>
