3750 6000
78 223 133 280 315

663 229 840 289 EPISTOLAE
858 232 903 291 ET
920 233 1131 292 PRIVILEGld.

1681 241 1733 298 ild

78 349 128 408 fati
145 351 267 409 canonici
288 352 385 410 vestris
410 352 520 410 ntouitis
539 369 594 410 nnn
617 355 762 428 pamcrint,
788 367 885 416 extunc
898 362 926 423 Α
941 363 1123 435 precipimus,
1139 372 1269 434 quatenus
1292 366 1347 437 jam
1363 364 1449 424 dictos
1475 369 1570 425 fratres
1587 385 1669 442 super
1688 386 1734 425 en-

78 454 126 496 eos
141 456 158 495 a
172 440 228 496 suis
241 440 337 497 officiis
355 441 554 515 suspendimus,
576 445 754 517 eamdemque
772 455 883 504 seuten-

76 527 146 583 tiam
164 529 243 585 vobis
257 528 369 588 iinuiter
382 531 579 589 observandam
594 532 772 609 injungimus.

111 616 184 673 Data
198 618 293 677 Romae
307 635 326 676 x
340 620 403 679 Kal.
418 621 547 678 Februar.

397 720 563 776 ccxctttt.

391 817 432 874 Aa
451 816 572 875 cosdem.

305 913 395 984 (Anno
415 915 495 982 11³8,
515 917 579 973 lan.
601 920 659 987 13.)

364 1011 491 1086 [Bsuuz.,
512 1013 599 1087 itit]

115 1108 310 1168 memmius
329 1111 480 1182 opiscopus,
499 1128 592 1168 servus
609 1129 747 1171 servorum
763 1115 822 1185 Dei,
838 1116 882 1172 di·

76 1196 157 1253 lectis
184 1197 247 1255 filiis
273 1204 308 1256 Α.
337 1200 526 1258 archidiacono
549 1211 576 1257 et
597 1207 630 1259 1.
654 1204 883 1278 archipresbytero

79 1287 199 1343 Lucnnre
221 1288 362 1357 Ecclesia,
385 1289 499 1345 salutem
523 1298 550 1347 et
572 1291 747 1363 apostolicam
767 1292 883 1351 benedi·

78 1377 212 1433 ctionem.

115 1479 194 1535 Sicut
218 1486 328 1535 testatur
349 1481 479 1537 canonica
498 1482 652 1551 auctoritas,
675 1483 753 1540 sedes
770 1492 883 1559 aposto·

80 1567 136 1623 lies
149 1566 282 1624 fasbabet
297 1569 331 1625 de
345 1570 419 1624 omni
438 1570 558 1628 Ecclesia
581 1572 731 1644 judicandi,
755 1582 782 1630 et
805 1581 884 1647 prout

77 1655 140 1727 ipsa
155 1656 305 1712 decreverit
318 1656 490 1729 disponendi.
503 1659 622 1732 Ideoque
636 1661 773 1718 dilectioni
787 1671 883 1719 vestre

75 1744 265 1816 pmcipiende
283 1745 445 1801 mandamus
463 1756 491 1804 ut
505 1750 647 1807 occasione
667 1750 882 1821 juramentorum

77 1833 188 1888 illorum
213 1848 272 1903 quae
286 1835 374 1906 potius
388 1835 416 1890 in
437 1837 585 1906 perniciem
600 1855 680 1909 quam
703 1840 816 1896 salutem
832 1841 883 1897 Ec-

75 1921 173 1978 clesiae
195 1921 226 1978 S.
250 1922 422 1979 pantaleonis
444 1925 516 1981 faeta
534 1941 592 1983 esse
615 1928 747 1997 dicuutur,
779 1929 883 1986 dilectis

77 2010 143 2065 filiis
163 2010 271 2077 uostris,
287 2012 312 2065 J.
326 2011 411 2082 priori
431 2019 458 2068 et
470 2014 607 2070 canonicis
627 2016 656 2072 S.
683 2017 798 2073 Eridisui
819 2019 882 2074 nul-

81 2098 138 2154 lam
159 2099 253 2155 inferri
267 2099 393 2171 iujuriam
410 2101 454 2157 vel
469 2103 620 2161 molestiam
634 2105 785 2177 patiamini.
804 2106 883 2177 Quod

79 2188 170 2260 siipsi
186 2188 234 2258 qui
259 2188 355 2244 eadem
373 2189 528 2259 juramenta
551 2199 605 2247 tem
629 2193 719 2250 illicite
733 2212 814 2266 quam
837 2196 882 2252 in·

77 2285 160 2333 caute
182 2276 318 2344 feccmnt,
343 2276 371 2332 in
394 2294 444 2335 sua
471 2279 650 2338 obstinatione
673 2283 817 2355 perdurare
831 2301 884 2343 vo·

80 2364 189 2432 luerint,
225 2364 394 2420 dissimulare
414 2382 468 2422 non
491 2368 640 2438 poterimus
678 2370 745 2443 quin
770 2371 805 2429 de
825 2373 884 2445 ejus

84 2452 194 2524 plenam
207 2453 340 2524 justitiam
356 2454 496 2511 faciamus.

116 2542 186 2597 Date
200 2541 295 2598 Eomae
306 2560 326 2597 x
341 2542 405 2599 ital.
426 2544 577 2602 Eebmarii.

409 2640 552 2698 ccxctx.

78 2735 231 2806 leronymo
271 2736 340 2792 riori
350 2740 379 2793 cf
388 2740 528 2808 fratribus
544 2743 671 2800 ecclesie
683 2743 717 2800 S.
736 2746 784 2802 Fn·
802 2746 883 2803 diunt

97 2806 233 2863 taenea
259 2810 873 2889 esuperioribasduoboscpiatolisripmficnt.

300 2905 389 2971 (Anno
410 2910 489 2977 1138,
509 2909 572 2964 lau.
601 2912 660 2981 23.)

288 2999 418 3072 ibicum,
438 3005 517 3075 itta,
537 3023 569 3079 p.
594 3007 669 3082 5⁹¹l

938 451 1000 506 clem
1015 468 1096 509 causa
1110 453 1260 510 nullatenus
1288 454 1430 523 infestetis,
1453 456 1500 512 scd
1520 457 1608 529 potius
1622 458 1694 530 quoti
1718 474 1734 514 a

937 542 1016 597 uobis
1029 542 1126 599 exinde
1141 550 1268 600 statutum
1283 553 1323 599 est
1336 544 1557 619 irrefragabiliter
1576 547 1732 617 observetis,

938 629 1057 701 alioquin
1081 639 1206 704 unquam
1230 633 1258 688 in
1279 641 1478 705 contemptores
1504 635 1672 693 decretnmm
1692 654 1734 693 se-

937 720 979 774 dis
988 720 1142 791 apostolice
1156 721 1184 777 in
1199 737 1247 781 vos
1260 724 1388 780 noveritis
1403 723 1609 780 vindicandum.

1292 834 1379 892 CCCl.

938 938 1074 997 canonici
1097 940 1337 998 ditemincncnscs
1361 942 1527 999 institutam
1557 943 1731 1001 cistercien·

1175 1014 1251 1071 atam
1269 1014 1494 1080 amplectantur.

1150 1122 1337 1194 (1111101138,
1359 1120 1436 1177 Febr.
1459 1122 1521 1194 f't.)

1060 1229 1149 1304 [Gall.
1172 1229 1287 1300 Christ,
1307 1230 1344 1299 X,
1364 1230 1489 1286 lustrum.
1512 1232 1609 1308 1111]

972 1356 1167 1412 tusoceuvms
1182 1355 1335 1427 episcopus,
1352 1370 1444 1411 servus
1460 1369 1598 1410 servomm
1612 1354 1673 1424 Dei,
1688 1354 1733 1410 ‹ti-

936 1442 1006 1501 lecto
1025 1443 1081 1500 filio
1106 1445 1257 1502 Srsvumo
1282 1443 1373 1501 abbati
1397 1443 1551 1499 monasterii
1570 1443 1603 1499 do
1626 1443 1735 1500 Tribus·

938 1532 1077 1602 Fontibus,
1106 1535 1220 1607 ejusque
1246 1538 1446 1595 suecessoribus
1480 1537 1636 1611 regulaliter
1664 1533 1733 1590 sub·

936 1622 1087 1691 stituendis,
1104 1625 1314 1699 inperpetuum.

974 1739 1079 1795 Laudes
1106 1748 1134 1796 et
1159 1743 1259 1816 gratim
1294 1745 1471 1816 omnipotenti
1495 1745 1553 1801 Deo
1581 1741 1732 1810 referimus,

938 1827 1010 1900 quod
1025 1843 1124 1885 nomen
1139 1838 1167 1886 et
1188 1831 1270 1887 vitam
1291 1833 1403 1889 fratrum
1427 1832 1671 1890 clarevallensium
1685 1846 1736 1900 per

938 1916 1058 1973 diversas
1084 1926 1174 1990 partes
1195 1920 1297 1988 mundi,
1319 1922 1357 1978 ita
1379 1922 1523 1991 celebrem,
1543 1923 1580 1978 ita
1594 1921 1656 1977 feeit
1669 1936 1734 1991 spe-

937 2006 1063 2062 ctabilem
1090 2024 1157 2076 esse,
1183 2017 1211 2065 ut
1230 2026 1323 2066 corum
1345 2011 1545 2067 laudabili...
1565 2051 1573 2067 .
1592 2009 1642 2082 ipsi
1664 2022 1734 2079 quo-

937 2112 989 2165 que
1003 2095 1054 2151 viri
1067 2097 1186 2170 religiosi
1199 2098 1381 2171 religiosiores
1396 2100 1453 2156 fieri
1463 2106 1608 2172 appetant,
1624 2098 1736 2168 etjuxta

938 2184 1003 2239 illud
1018 2185 1176 2252 Psalmistce,
1191 2187 1225 2243 de
1239 2189 1345 2246 uirtute
1364 2192 1395 2245 in
1411 2190 1548 2245 virtutem
1562 2188 1600 2243 ire
1620 2192 1735 2242 conteu-

938 2272 1011 2328 dant.
1029 2273 1123 2331 Placet
1133 2274 1216 2349 igitur
1238 2275 1318 2333 nobis
1340 2284 1367 2333 et
1385 2280 1437 2334 boc
1463 2277 1551 2349 ipsum
1579 2275 1736 2332 auctoritate

937 2363 1085 2436 apostoliea
1099 2363 1299 2433 confirmamus,
1316 2365 1388 2437 quod
1403 2367 1524 2422 canonici
1539 2364 1735 2422 cheminonen-

936 2468 979 2509 ses
992 2453 1152 2526 semetipsos
1164 2462 1191 2509 et
1200 2455 1288 2511 locum
1304 2473 1381 2512 suum
1392 2456 1556 2513 monasterio
1578 2455 1612 2511 de
1625 2453 1734 2509 Tribus-

938 2541 1076 2610 Fontibus,
1103 2544 1282 2610 contulerunt,
1312 2546 1338 2600 e‘t
1365 2544 1418 2602 sub
1448 2552 1537 2603 vestra
1563 2559 1626 2600 cura
1653 2550 1733 2613 atque

936 2631 1093 2704 magisterio
1108 2631 1247 2689 decaetero
1260 2633 1351 2690 vivere
1365 2634 1550 2700 decreverunt,
1565 2639 1592 2688 et
1604 2631 1733 2703 quoniam

935 2720 1008 2777 Deus
1035 2728 1127 2791 utpote
1154 2721 1382 2778 incommutabilis
1409 2732 1436 2779 et
1458 2730 1565 2779 aeternae
1593 2720 1734 2777 mutabilia

936 2809 1018 2866 corda
1046 2824 1101 2866 nou
1127 2810 1269 2882 approbat,
1299 2819 1379 2883 atque
1408 2811 1480 2884 apud
1505 2813 1592 2884 ipsum
1611 2825 1666 2867 non
1693 2817 1733 2865 est

937 2898 1121 2954 transmutatio
1148 2915 1198 2955 nce
1225 2899 1415 2957 vicissitudinis
1446 2900 1626 2966 obumbratio,
1652 2898 1733 2955 simili

936 2987 1018 3042 modo
1032 2989 1178 3056 sancimus,
1203 2995 1231 3043 ut
1236 2988 1294 3059 jam
1309 2989 1386 3045 dictis
1395 2987 1532 3046 canonicis
1559 2987 1734 3060 presentibus
1842 3048 1845 3053 ,

113 3095 306 3152 mmm,
329 3099 481 3170 episeopus,
496 3120 590 3161 smus
602 3123 740 3164 servorum
760 3109 820 3177 Dei,
835 3109 880 3166 di·
895 3075 920 3140 C
935 3075 978 3132 vel
996 3074 1101 3142 futuris,
1130 3076 1282 3132 nullatenus
1313 3077 1393 3135 liceat
1425 3093 1585 3149 quocunque
1611 3085 1732 3149 tempera

77 3184 156 3240 lectis
168 3184 241 3250 liliis,
258 3186 311 3241 Jer.
327 3187 411 3259 priori
435 3197 462 3246 et
476 3189 602 3251 fratribus
627 3196 757 3253 Ecclesia
769 3199 801 3256 S.
822 3200 882 3256 Fri·

77 3270 165 3339 diani,
179 3272 294 3329 salutem
309 3283 337 3330 et
350 3278 527 3348 apostolicam
541 3282 772 3343 benedictionem.

113 3369 204 3441 Super
218 3371 361 3428 vexatione
375 3388 457 3443 quam
480 3392 532 3448 pro
547 3379 667 3437 Ecclesia
682 3382 714 3439 S.
742 3385 882 3444 Pantaleo-

77 3455 121 3511 nis
148 3473 167 3513 a
189 3458 357 3527 quibuslibet
382 3463 478 3517 vestris
513 3467 618 3523 emulis
644 3471 780 3528 sustinetis
803 3474 882 3531 valde

78 3561 238 3617 gravamur.
257 3547 334 3605 Unde
351 3550 432 3605 etiam
447 3554 638 3614 archidiacono
653 3567 679 3615 et
693 3563 882 3634 nrctvipresby·

80 3642 139 3690 tero
155 3635 263 3691 Lucano
287 3637 488 3708 mandavimus,
516 3651 545 3698 ut
565 3645 616 3700 nisi
643 3649 783 3721 presbyter
807 3653 883 3708 blan·

81 3723 175 3778 fredus
189 3740 252 3779 cum
276 3725 389 3797 reliquis
404 3729 448 3798 qui
467 3731 545 3787 vobis
572 3735 670 3792 exinde
696 3737 881 3813 adversantur,

80 3810 152 3866 infra
180 3812 337 3883 quindecim
367 3816 425 3871 dies
447 3821 616 3892 postscripta
631 3833 721 3882 nostra
747 3839 881 3902 suscepta,

80 3897 114 3954 ab
133 3899 292 3970 hujusmodi
321 3901 524 3976 impugnatione
556 3914 727 3983 cessaverint,
755 3923 783 3972 ct
809 3926 881 3989 tunc,

80 4004 222 4058 quousque
236 3989 424 4057 satisfecerint,
440 4009 457 4049 a
472 3996 527 4051 suis
546 3997 643 4055 officiis
670 4005 878 4074 suspendantur.

81 4077 119 4132 De
133 4077 276 4134 bisetium
291 4079 337 4150 qui
366 4080 412 4136 illa
433 4082 525 4141 illicita
552 4093 579 4142 et
600 4087 707 4145 incauta
730 4091 884 4163 juramenta

82 4167 216 4234 fecerunt,
245 4167 297 4222 uisi
310 4169 480 4242 resipuerint,
496 4183 605 4232 auctore
617 4178 744 4251 Domino,
774 4183 882 4255 plenam

79 4256 212 4324 justitiam
223 4256 363 4314 faciemus.
381 4261 419 4316 lie
441 4271 538 4319 cetero
552 4280 602 4321 nos
615 4275 642 4323 et
668 4267 764 4325 fruues
777 4282 884 4330 nostros

81 4344 176 4398 vestris
190 4345 360 4402 orationibus
373 4352 498 4408 attentius
511 4355 744 4414 commendamus.

114 4431 187 4487 Data
202 4433 298 4491 Rome
311 4451 331 4489 x
344 4435 457 4495 lisleud.
468 4440 613 4500 Februarii.

445 4539 518 4596 CCC.

82 4628 120 4686 fd
138 4629 281 4702 precedam
296 4636 470 4708 presbyteros
485 4644 513 4694 ct
528 4643 680 4699 canonicos
702 4645 827 4704 ecclesie
853 4649 882 4707 S.

340 4709 458 4764 bertini
473 4711 618 4769 lucensis.

344 4804 433 4870 (duno
452 4809 531 4877 1138,
551 4810 624 4882 ian.)

258 4896 382 4970 [Bscuz.,
402 4901 450 4958 abt
467 4921 565 4978 capro,
586 4922 614 4978 p.
635 4910 710 4983 ete]

117 5001 315 5059 lsxocenrvus
329 5006 482 5080 episcopus,
493 5026 586 5067 servus
594 5031 733 5072 servorum
742 5018 887 5087 Deilliu-

84 5102 178 5143 nroo
191 5096 219 5144 et
233 5094 372 5150 duramen
394 5096 568 5168 presbyteris,
586 5118 635 5158 neo
657 5119 710 5160 nnn
726 5106 884 5179 Ltuauaro,

84 5179 223 5246 Carano,
244 5180 372 5236 ttsvuco
399 5186 537 5243 canonicis
556 5189 686 5247 Ecclesiae
710 5193 738 5249 S.
767 5196 885 5271 Martini,

82 5263 196 5320 sulutem
213 5273 241 5322 et
256 5271 433 5341 apostolicam
448 5271 675 5335 benedictionem.

119 5362 258 5420 Pcrlntum
286 5368 374 5423 estad
390 5385 469 5426 aures
490 5382 596 5430 nostras
617 5377 689 5448 quod
715 5379 883 5451 institutioni,

83 5468 166 5522 quarn
180 5452 257 5510 deS.
286 5454 456 5515 Pantaleouis
484 5461 604 5520 Ecclesia
618 5466 730 5524 fecimus
756 5474 885 5528 commit·

82 5540 167 5597 teudo
180 5557 242 5599 eam
270 5542 302 5601 S.
335 5544 452 5604 Fridiaui
466 5552 613 5621 canonicis,
632 5558 777 5614 conuaitis.
807 5559 885 5630 Quo-

80 5628 154 5687 circa
168 5629 248 5685 robis
272 5634 419 5704 apostotici
446 5640 604 5697 atrctoritnte
618 5645 777 5703 mandamus
804 5657 885 5719 atque

934 3179 964 3220 se
991 3181 1007 3220 a
1035 3173 1124 3221 vestra
1151 3165 1320 3237 subjectione
1347 3167 1513 3232 subtrahere,
1542 3183 1590 3222 scu
1614 3165 1734 3237 quelibet

935 3254 1078 3311 occasione
1091 3263 1184 3310 contra
1197 3271 1246 3311 vos
1273 3255 1427 3312 calcaneum
1442 3257 1557 3323 elevare,
1573 3255 1621 3311 scd
1643 3255 1733 3325 potius

936 3343 1008 3398 idem
1023 3343 1097 3399 locus
1110 3360 1171 3400 cum
1198 3344 1365 3417 appendiciis
1379 3347 1467 3402 suiset
1479 3360 1601 3418 personae
1630 3343 1731 3399 ibidem
1820 3370 1825 3391 ι

935 3448 985 3504 pro
998 3439 1119 3504 tempore
1133 3434 1250 3490 Domino
1277 3435 1433 3505 servientes,
1460 3434 1588 3505 subjecta
1615 3441 1642 3490 ct
1668 3433 1733 3489 obe·

935 3521 1039 3577 dientes
1053 3521 1131 3579 vobis
1145 3523 1269 3590 existant,
1292 3522 1520 3594 quemadmodum
1543 3523 1659 3580 abbatim
1673 3538 1734 3594 quse

936 3610 1082 3665 secundum
1093 3612 1215 3683 regulam
1233 3613 1446 3668 Cistercicnsium
1462 3612 1587 3668 iustitutae
1610 3620 1671 3667 suut
1684 3628 1732 3668 suo

935 3698 1017 3770 capiti
1054 3699 1250 3770 obsequuntur.
1283 3701 1365 3758 Salvo
1405 3701 1532 3757 nimimm
1572 3717 1653 3758 censu
1692 3714 1733 3757 ιιι

935 3803 1107 3844 nummorum
1131 3789 1366 3845 Catalaunensium
1395 3789 1509 3864 siugulis
1535 3791 1613 3847 anuis
1653 3790 1732 3846 nobis

936 3878 1086 3948 nostrisque
1113 3877 1311 3933 successoribus
1324 3879 1574 3950 persolvendorum.
1607 3878 1733 3934 Decerni·
1838 3912 1842 3919 ·

936 3981 997 4021 mus
1010 3982 1076 4039 ergo
1089 3973 1119 4022 ut
1139 3966 1204 4021 nulli
1227 3967 1339 4024 omnino
1353 3968 1493 4024 hominum
1508 3968 1588 4023 liceat
1613 3984 1662 4023 vos
1688 3967 1733 4025 vel

936 4071 1103 4111 successores
1124 4063 1227 4111 vestros
1252 4057 1398 4126 superbae
1425 4064 1516 4112 nostra
1530 4054 1734 4113 confirmatione

936 4153 1038 4201 temere
1060 4143 1227 4215 perturbare,
1243 4145 1420 4216 autaliquem
1435 4144 1513 4201 vobis
1540 4144 1637 4201 exinde
1664 4160 1733 4200 con-

937 4234 1098 4290 trarietatem
1125 4232 1235 4290 inferre.
1261 4232 1291 4292 Si
1313 4235 1373 4306 quis
1386 4244 1476 4291 autem
1496 4251 1562 4291 ausu
1589 4234 1733 4290 temerario

935 4330 1028 4378 contra
1056 4324 1126 4378 banc
1153 4332 1311 4395 presentem
1341 4324 1556 4381 constitutionem
1569 4323 1662 4381 venire
1677 4330 1734 4378 ten·

896 4411 1041 4494 Dtaverit,
1053 4411 1171 4468 seeundo
1185 4412 1298 4469 tertiove
1321 4412 1509 4479 commonitus,
1525 4413 1578 4469 nisi
1604 4428 1734 4485 praesum·

937 4501 1056 4573 ptioncm
1096 4517 1173 4557 suam
1213 4517 1334 4575 congrua
1374 4501 1555 4559 satisfactione
1578 4502 1734 4570 correxerit,

936 4590 1208 4647 excommunicationi
1249 4591 1400 4661 subjaceat.
1443 4593 1638 4649 Conservantes
1669 4582 1735 4648 vero

936 4678 1129 4748 omnipotentis
1156 4679 1207 4735 Dei
1226 4694 1258 4735 nc
1284 4678 1427 4736 beatorum
1454 4681 1636 4752 apostolorum
1664 4680 1736 4736 Patri

936 4775 963 4823 ct
976 4767 1051 4824 Pauli
1065 4767 1180 4841 gretiam
1195 4776 1402 4841 cousequantur,
1417 4785 1510 4826 amen.

972 4899 1033 4971 Ego
1073 4872 1244 4954 Innocentius
1268 4898 1425 4970 Catholicae
1462 4899 1592 4956 Ecclesiae
1627 4901 1735 4974 episco-

938 5003 997 5058 pus,
1013 4997 1067 5043 etc.

973 5115 1050 5172 Datae
1077 5116 1208 5173 Romanae
1249 5132 1298 5188 per
1337 5133 1447 5173 manum
1475 5118 1620 5175 llnimeriei
1638 5129 1738 5179 ssactte

938 5204 1068 5263 Romanae
1083 5205 1210 5262 Ecclesiae
1231 5204 1337 5263 diaconi
1363 5206 1507 5263 cardinalis
1521 5216 1549 5264 et
1574 5210 1738 5278 cancellarii,

939 5308 987 5349 xuv
1004 5294 1140 5351 Kalendas
1153 5295 1252 5362 llartii,
1281 5294 1430 5353 indictione
1444 5296 1541 5367 prima,
1571 5298 1740 5355 lucarnatio·

938 5381 980 5435 nis
994 5381 1143 5439 Dominicoe
1158 5399 1230 5439 anuo
1260 5384 1340 5452 tito,
1351 5384 1521 5456 pontificatus
1540 5402 1605 5444 vero
1633 5386 1738 5444 clomioi

938 5470 1086 5526 innocentii
1098 5486 1177 5544 papae
1191 5473 1216 5529 ll
1231 5488 1306 5528 auno
1319 5487 1405 5530 nono.
