3772 6006
165 250 244 319 {655
512 306 514 311 .
613 251 811 313 wintntttt
834 250 1200 315 nstttnsnnninnsis
1224 253 1401 317 nonnoni
1814 257 1864 317 itti

164 390 297 450 contulit.
312 390 442 462 Longum
453 391 497 444 est
507 403 634 456 narrare,
648 390 765 458 quanta
782 385 943 443 devotionis
956 386 987 443 in
1002 386 1030 455 Α
1044 386 1694 459 stannaadjunxitsanctoAldelmosccinm3
1704 402 1864 463 necunqau
1879 441 1883 448 .

164 478 351 538 monasteriis
362 476 542 534 edificandis
557 480 585 532 et
596 475 761 532 reficiendis
776 480 849 532 sunt
863 474 913 547 [al.
931 475 992 532 lue·
1046 490 1077 530 se
1092 473 1141 531 iile
1156 475 1353 533 dissimulavit
1367 492 1431 534 esse
1449 481 1593 535 sanctum
1612 477 1789 549 frequentia
1807 481 1866 537 min

164 571 228 642 rit];
239 573 379 642 quantam
389 567 552 624 barbariem
565 565 743 638 paucissimo
754 563 881 621 exercitu
890 564 989 636 proili-
1045 562 1256 621 culorum.Hoc
1264 565 1441 636 quoddicam
1450 566 1585 638 majores
1593 565 1698 622 nostri
1708 566 1866 641 agragianas

164 659 290 732 gaverit;
306 658 382 729 qnod
396 656 555 712 terminum
566 654 689 726 imperio
699 654 728 709 in
740 654 836 710 Sectis
845 653 988 709 statuerit.
1043 652 1199 720 minorant,
1214 658 1242 708 et
1256 654 1399 727 praecipue
1417 653 1563 711 terebant.
1584 657 1653 711 rur
1666 654 1864 724 bracteamaaq

164 747 368 806 vidererenim
378 743 677 817 indulgentimateriae
689 743 868 807 incumbere,
877 747 907 798 at
916 742 989 800 alias
1043 757 1077 798 ιιι
1091 743 1199 799 scrinio
1214 742 1329 812 tulerat,
1351 759 1548 816 egressusque
1568 744 1754 813 ecclesiam,
1770 746 1798 802 in
1815 764 1864 820 qva

165 837 243 893 dicta
258 851 310 908 pro
322 833 430 906 eloquii
441 850 547 906 pompa
557 836 697 905 repetere,
714 831 862 903 simulque
876 830 987 887 videre·
1042 830 1167 888 libuerat
1177 833 1560 904 usuaconsumperat.Ncn
1569 833 1864 907 hocsanctna,qarn
1882 867 1886 894 ÷

163 929 212 982 tur
229 924 364 980 Ecclesia
382 928 489 979 nostru
508 922 605 979 landis
622 921 788 991 ostentatio,
799 920 887 978 toties
901 919 986 976 ilium
1042 919 1163 978 vlsalias
1175 921 1370 992 patiens,tulit
1382 922 1622 991 tacitum.Nam,
1632 939 1708 980 cnm
1722 934 1862 982 reatusrcn

163 1013 283 1071 laudare
299 1014 349 1085 qni
366 1011 466 1069 multis
489 1011 518 1068 in
535 1012 592 1068 vita
613 1010 771 1078 henellciis,
792 1015 937 1082 postremo
956 1009 988 1065 in
1042 1008 1121 1065 scius
1142 1010 1265 1083 impune
1280 1026 1313 1067 se
1332 1015 1446 1083 putaret
1466 1010 1700 1070 reintraturum
1725 1015 1860 1084 ecclesian,
1883 1015 1884 1020 ’

164 1098 987 1173 mortevensrandicorporisreliquiiseamhonoraverit.
1042 1097 1126 1154 hesit
1155 1099 1191 1155 ad
1214 1101 1322 1156 ostium
1351 1099 1550 1158 invisibilibus
1573 1100 1659 1159 loris
1688 1102 1820 1160 irretitus.
1839 1107 1858 1160 ti

163 1191 370 1249 Verumtamen
386 1192 439 1248 hoc
461 1191 555 1248 anaim
571 1190 677 1257 dicere,
703 1189 780 1260 qnod
803 1188 868 1245 iicet
884 1202 987 1243 omnes
1042 1192 1196 1244 conaretur
1206 1189 1298 1258 ultra;
1309 1193 1448 1246 tumrero
1459 1191 1569 1264 ingens
1582 1191 1633 1248 vis
1645 1191 1753 1250 invisa
1765 1197 1856 1251 danna

162 1287 229 1339 ante
244 1297 275 1338 se
290 1280 333 1338 vel
354 1280 436 1338 solus
451 1279 641 1352 superaverit,
657 1280 701 1335 vel
722 1282 754 1333 ut
768 1279 867 1334 minus
890 1277 986 1334 dicam
1041 1279 1180 1335 miserum
1192 1280 1318 1336 adurens
1328 1281 1527 1337 miserabilem
1539 1281 1698 1354 ejulatum
1711 1286 1853 1342 excutiebat

163 1369 339 1443 equavcrit3
365 1370 439 1426 nibil
464 1371 500 1425 ad
516 1368 763 1439 comparationem
789 1368 987 1425 faciendorum
1041 1367 1072 1424 Si
1096 1372 1172 1425 retro
1196 1372 1332 1439 tentaret,
1358 1369 1562 1427 retrahebatur
1588 1372 1727 1429 obtortis
1754 1374 1852 1432 lancihu

163 1459 217 1516 luit
233 1458 311 1531 qnod
327 1459 413 1528 iecit;
431 1459 500 1532 qnia
524 1458 657 1530 ingentes
671 1464 753 1512 actus
769 1456 907 1513 testinata
925 1456 989 1513 dies
1041 1455 1157 1528 laqueo.
1173 1457 1250 1514 Nihil
1273 1458 1376 1516 harum
1392 1463 1522 1516 astantes
1542 1460 1710 1529 videbant,
1727 1461 1850 1520 clamans

162 1548 235 1605 satis
250 1549 375 1619 abrupit.
393 1549 553 1604 immatura
566 1562 632 1619 ergo
648 1550 739 1602 morte
754 1554 782 1603 et
795 1562 859 1618 qua
876 1547 987 1603 animo·
1040 1550 1070 1601 et
1084 1546 1183 1603 nisum
1198 1546 1355 1604 latrunculi
1366 1552 1530 1619 stupentes.
1543 1548 1608 1606 Sed
1625 1549 1730 1606 edocti
1742 1567 1775 1608 cc
1788 1553 1850 1608 cerl-

163 1636 278 1693 sitatem
303 1633 384 1692 illam
409 1635 435 1691 si
460 1636 601 1693 Dominus
616 1633 765 1704 voluisset,
782 1650 840 1690 non
862 1634 986 1702 deceret,
1040 1639 1119 1692 tente
1134 1642 1161 1692 et
1176 1635 1294 1710 culpam
1313 1644 1341 1694 et
1361 1653 1483 1709 punam,
1501 1638 1746 1696 intercessiones
1761 1641 1849 1698 adau-
1885 1701 1886 1704 ,

163 1727 275 1783 munda
285 1726 315 1783 in
325 1727 473 1784 Glocestre
483 1725 621 1800 [ablatus]
643 1765 799 1783 ......
818 1724 987 1782 Meldnnnm
1001 1711 1026 1778 Β
1040 1727 1118 1782 ctum
1127 1726 1335 1783 adhibuerunt.
1345 1725 1445 1784 Saluto
1455 1726 1558 1800 itaqua
1569 1728 1704 1796 damno,
1714 1729 1848 1787 solatuact

162 1817 298 1873 deventus
321 1823 375 1884 est,
399 1816 499 1888 ibique
523 1815 576 1871 snb
598 1814 691 1871 altare
713 1815 823 1872 Sanctae
843 1815 939 1871 Maria
953 1814 984 1871 in
1039 1813 1087 1871 ille
1101 1815 1256 1889 supplicio.
1273 1816 1305 1873 In
1320 1816 1375 1874 hoc
1387 1816 1495 1873 scrinia
1511 1818 1576 1874 heo
1591 1818 1847 1893 scripturalagitr:

161 1906 233 1963 turri
249 1906 381 1979 sepultus
395 1911 447 1962 est.
465 1904 547 1961 Unde
557 1903 710 1975 falluntur,
726 1903 776 1977 qui
791 1905 893 1960 dicunt
906 1903 983 1977 quod
1039 1925 1053 1954 ι
1070 1903 1129 1960 Hac
1143 1921 1217 1977 opus
1229 1922 1278 1961 rex
1288 1905 1471 1962 litbelstanus
1482 1906 1576 1962 totins
1593 1906 1762 1965 Britannis
1772 1909 1846 1965 multr-

161 1994 288 2053 biiricns
303 1994 393 2052 abbas
409 1995 510 2051 turrim
523 1993 603 2051 illam
616 1993 699 2061 lecit3
714 2009 799 2066 quem
811 1998 877 2064 post
891 1992 985 2049 nibet·
1038 1995 1302 2066 rumqusgantium
1313 1996 1343 2051 in
1354 1995 1477 2053 circuitu
1489 1994 1665 2069 positarum
1678 1997 1847 2070 imperatoria

161 2084 239 2142 ataui
255 2088 380 2141 mortem
401 2084 469 2157 plns
490 2083 576 2141 annia
594 2100 649 2139 xxx
663 2086 777 2140 constat
792 2083 926 2139 abbatem
942 2083 982 2138 ia·
1039 2084 1178 2142 honorem
1194 2085 1287 2141 sancti
1302 2084 1420 2143 Paterni
1432 2085 1495 2142 lieri
1507 2085 1622 2156 lussit:
1639 2087 1724 2158 quod
1741 2087 1792 2144 has
1803 2088 1847 2144 rdi-

161 2177 241 2230 ctum
263 2174 361 2229 luisse.
1038 2174 1121 2245 quiae
1136 2189 1171 2230 ex
1184 2174 1389 2231 transmarinis
1403 2172 1535 2246 partibus
1550 2175 1715 2232 meruerit.
1733 2198 1745 2225 ι
1762 2176 1846 2249 Epistr-

195 2264 246 2319 liic
254 2262 328 2333 y’acet
342 2261 416 2320 orbis
430 2262 526 2330 honor,
542 2261 644 2335 patriae
658 2261 745 2332 dolor,
761 2261 851 2317 orbita
865 2261 944 2331 vecti,
1038 2262 1096 2320 lam
1108 2263 1280 2337 sublicium:

230 2354 348 2410 institiae
361 2355 479 2425 fvlmen,
495 2353 645 2411 munditias
656 2353 793 2424 spcmtcr.
1072 2375 1086 2403 ιι
1099 2353 1229 2411 Summa
1239 2358 1268 2411 et
1278 2353 1433 2411 individua
1443 2352 1729 2413 Trinitatishcnora
1738 2356 1849 2413 cunina·

195 2446 309 2503 AEtbcrc
322 2447 406 2517 piatas
420 2446 480 2502 adit
497 2448 591 2502 carnis
603 2461 733 2516 compcqa
746 2445 856 2507 rotata:
1036 2459 1091 2515 que
1110 2448 1275 2501 sanctorum
1291 2442 1561 2516 praecellentissima
1583 2442 1802 2505 intercessione
1812 2445 1849 2518 gir

232 2536 307 2592 Urna
322 2536 503 2608 triumphales
516 2535 620 2607 excipit
632 2533 758 2591 acacius.
1036 2533 1111 2590 rinsc
1125 2541 1152 2590 et
1166 2532 1306 2591 munifica
1330 2534 1390 2607 regi
1405 2533 1565 2591 adelstano
1586 2533 1752 2592 Samsonis
1770 2534 1849 2592 sunni

194 2623 239 2680 Sel
254 2622 409 2681 illustravit
423 2624 529 2682 bisseno
544 2624 674 2696 scorpion
688 2629 768 2692 ortm-
1035 2621 1181 2694 pontilicis
1204 2638 1257 2695 ega
1283 2622 1439 2680 Radhodua
1461 2622 1645 2695 propositus
1672 2623 1764 2683 istius
1777 2624 1848 2682 sscati

229 2714 297 2770 Cam
311 2730 404 2787 regem
417 2715 507 2772 cauda
523 2714 687 2788 portentu.
708 2716 839 2789 perculit]
855 2715 904 2773 illc
918 2732 979 2773 suo.
1033 2710 1156 2786 gloriam
1171 2720 1198 2769 et
1209 2711 1309 2770 sterni
1320 2711 1541 2770 beatitudinem.
1556 2711 1764 2786 Benignitatis
1776 2730 1806 2771 aa
1815 2730 1847 2769 u·

192 2803 386 2862 accumulant
401 2805 619 2876 meritaejusin
636 2804 797 2862 coenobinm
818 2805 978 2861 multorum
1033 2801 1848 2876 hlimitatisveatrspiissimastiuomnibushujustanpr

156 2896 323 2948 sanctornm
331 2893 470 2964 reliquie,
483 2909 554 2964 quas
564 2894 685 2962 iuverim
695 2896 725 2951 in
734 2894 977 2966 qnibnsemendis
1032 2891 1074 2948 ris
1088 2890 1204 2962 regibus
1219 2890 1342 2948 terranis
1355 2890 1468 2947 lamosa
1478 2889 1568 2947 laude
1581 2891 1845 2963 percellentiaslnr.

155 2978 308 3038 thesauros
318 2983 410 3054 patris
421 2982 467 3038 sni
477 2981 609 3055 speciose
618 2982 910 3055 prodigusdistraxit,
922 3000 977 3040 cm·
1032 2979 1247 3037 rexAdelatane
1259 2977 1494 3053 optime,noverit
1505 2976 1602 3052 pietas
1616 2980 1845 3039 manentaadhrc

991 3029 1188 3128 estabilitate
1207 3077 1311 3127 nestra
1335 3069 1472 3142 regionis,
1498 3069 1577 3141 qnod
1594 3073 1686 3142 petar
1707 3070 1846 3128 vastsrid

155 3066 220 3126 isati
233 3085 337 3127 somna
348 3070 525 3128 admonitus.
542 3072 644 3146 Itaque
659 3088 691 3129 aa
709 3073 906 3130 transmarina
916 3073 975 3129 Bri·

155 3159 256 3217 tannia
270 3164 299 3216 et
313 3159 508 3230 Normsania;
525 3161 632 3235 quippe
653 3177 720 3219 cum
736 3161 856 3220 italicae
870 3163 976 3221 comita
1029 3158 1155 3232 gvardus
1171 3176 1220 3230 per
1236 3159 1348 3216 litteras
1363 3174 1393 3215 se
1408 3157 1633 3216 commendavit
1649 3159 1845 3218 consorticlrs

155 3247 976 3324 amicoobligatasfudere,maitassanctcrnminqulbus
1030 3249 1176 3307 ternitatis
1197 3248 1291 3306 sancti
1314 3248 1463 3306 samsonis
1486 3247 1599 3305 summi
1624 3250 1804 3308 contessoris
1821 3264 1844 3305 ιι

155 3341 183 3394 et
197 3339 292 3394 sancti
309 3339 425 3396 Paterni
447 3339 666 3396 abrincatensis
680 3341 819 3414 episcopi,
835 3340 975 3414 reliquias
1027 3338 1181 3397 Joveniani
1197 3337 1408 3412 archiepiscopi
1422 3336 1547 3395 senioris
1564 3353 1600 3396 ac
1615 3340 1791 3397 consobrini
1803 3335 1845 3394 nei

154 3430 299 3483 marcatas
310 3430 364 3483 est.
381 3428 583 3499 lsAqnitauus
599 3445 692 3502 genus
707 3430 739 3502 [l.
755 3431 883 3503 general,
898 3430 974 3502 aju-
1029 3445 1062 3486 ac
1076 3428 1248 3487 clericorum
1270 3428 1343 3499 ejus,
1365 3427 1444 3484 unda
1467 3442 1564 3500 usqne
1585 3426 1683 3487 hodie
1704 3429 1844 3487 indalaaan

45 3517 50 3524 '
152 3528 226 3571 vene
249 3515 422 3587 monachus,
447 3532 583 3589 processu
612 3517 704 3574 atatis
727 3519 846 3575 eremita
870 3520 972 3576 iuerat.
1028 3518 1088 3592 regi
1108 3519 1221 3577 Christo
1247 3534 1298 3591 pro
1319 3519 1382 3588 ejas
1406 3517 1505 3576 anima
1525 3523 1554 3574 et
1570 3532 1626 3590 pro
1649 3519 1752 3577 salute
1768 3523 1845 3574 vestra

153 3603 286 3677 Cumque
310 3604 476 3663 secretioris
500 3606 690 3678 philosophia
709 3608 817 3666 studiis
833 3610 973 3666 virtulum
1028 3607 1182 3665 fundimus
1197 3624 1307 3682 preces,
1322 3613 1352 3664 et
1375 3607 1423 3664 die
1446 3610 1595 3680 noctuque
1621 3606 1764 3667 videntes
1776 3621 1845 3680 anper

153 3707 211 3750 non
226 3693 363 3765 exignum
379 3701 523 3768 questam
538 3694 703 3768 conflasset,
719 3697 859 3768 processit
872 3698 902 3754 in
918 3714 972 3771 pu·
1029 3713 1082 3754 nos
1099 3713 1236 3769 maguam
1251 3695 1482 3754 misericordiam
1506 3711 1653 3768 apparere
1675 3696 1844 3762 vestramia

153 3781 261 3839 blicam
279 3783 388 3856 dignus
403 3784 454 3857 qni
478 3785 644 3842 animarum
669 3794 762 3843 rector
775 3794 863 3856 esset,
878 3787 928 3860 qui
941 3803 973 3844 aa
1028 3784 1151 3843 Psalmis
1159 3791 1187 3843 at
1197 3786 1295 3843 missis
1305 3784 1543 3857 orationibusque
1555 3787 1686 3859 nostris,
1700 3788 1783 3862 quasi
1792 3802 1844 3858 pro

151 3870 247 3943 ipsum
263 3888 362 3945 regere
379 3882 488 3932 nosset.
504 3875 604 3948 ltaque
616 3875 698 3947 prins
712 3876 741 3931 in
757 3876 974 3934 constantiensi
1027 3875 1143 3934 volutus
1158 3892 1210 3949 ego
1220 3880 1249 3934 et
1261 3894 1301 3934 ιιι
1311 3876 1443 3934 canonici
1455 3876 1511 3934 mai
1520 3877 1654 3949 genibus
1668 3879 1776 3936 vostris
1786 3879 1844 3934 tuis·

152 3975 226 4034 pago
241 3961 343 4030 abbas,
357 3963 546 4035 deindeapud
557 3966 697 4022 Abrincas
709 3966 874 4038 episcopas,
886 3966 974 4023 mira·
1027 3981 1137 4037 semus,
1161 3967 1356 4038 promittimus
1376 3965 1469 4023 Deam
1490 3964 1675 4024 clamantem
1700 3983 1783 4026 orara
1800 3981 1843 4039 pre

152 4048 283 4106 cularum
293 4067 350 4108 non
360 4067 463 4125 expers
474 4054 539 4111 init.
550 4053 723 4111 Sitienslevi
731 4055 865 4113 allisione
876 4055 972 4113 baculi
1026 4056 1118 4113 vohis.
1136 4055 1168 4111 itt
1191 4057 1278 4113 modo
1293 4054 1443 4128 reliquias,
1460 4069 1533 4128 quas
1554 4055 1639 4112 omni
1657 4065 1774 4115 terrena
1786 4056 1843 4113 aab·

152 4138 189 4196 ad
203 4139 313 4197 silicem
329 4139 427 4198 elicuit
450 4143 577 4200 laticem.
592 4144 774 4216 stupendum
796 4144 926 4211 omnino,
941 4148 973 4201 nt
1026 4145 1137 4203 stantia
1149 4144 1232 4202 vobis
1244 4146 1355 4202 scimus
1368 4160 1431 4201 ease
1446 4144 1604 4211 chariores,
1621 4148 1793 4204 transmitto
1806 4160 1845 4200 m·

152 4233 277 4302 negante
292 4235 399 4288 natura
413 4233 553 4290 sanctitas
567 4232 621 4290 viri
641 4250 819 4290 marmoreas
839 4251 926 4291 venas
940 4235 970 4291 in
1027 4235 1084 4304 bis,
1100 4235 1129 4291 id
1145 4237 1189 4291 est
1204 4251 1270 4291 ossa
1285 4233 1377 4292 sancti
1392 4232 1553 4300 senatoris,
1565 4238 1595 4289 et
1613 4235 1719 4292 sancti
1734 4233 1845 4297 Paterni,

150 4317 291 4389 aquatiles
301 4320 972 4396 procuderetbnllas.Pnellaeori,lingueolticio
987 4356 1010 4421 D
1027 4333 1111 4398 atque
1135 4325 1228 4381 sancti
1253 4323 1430 4381 Scnbilicnis
1453 4322 1588 4395 ejusdem
1613 4325 1719 4382 sancti
1743 4324 1845 4382 Patami

151 4406 299 4465 destitutae
322 4407 419 4466 eleum
439 4411 557 4478 inludit,
580 4421 607 4469 et
625 4429 767 4485 organum
783 4414 968 4471 restauravit.
1025 4413 1169 4486 magistri,
1182 4413 1233 4486 qni
1244 4413 1380 4470 similiter
1391 4429 1449 4469 unc
1464 4411 1510 4468 die
1523 4411 1696 4486 eademque
1708 4413 1846 4472 horacnn

150 4495 315 4555 Contractio
331 4499 519 4557 muliebrium
530 4502 684 4574 digitorum
701 4501 769 4559 clim
785 4501 855 4559 volu
869 4502 970 4562 inflixa
1024 4504 1192 4576 supradicto
1207 4505 1331 4561 Paterno
1346 4503 1483 4576 migravit
1496 4501 1531 4559 ad
1548 4501 1718 4560 Christum.
1730 4492 1783 4562 isti
1796 4520 1846 4561 car·

151 4590 286 4643 contamn
311 4588 405 4644 sancti
429 4589 562 4647 devoluta
577 4595 632 4647 est.
656 4591 780 4649 Puerum
797 4592 827 4648 in
849 4597 971 4648 mortam
1025 4594 1137 4651 tissime
1153 4594 1210 4651 dno
1221 4594 1389 4651 anaeticum
1406 4598 1506 4648 sancto
1521 4591 1651 4648 Paterno
1662 4593 1769 4651 dextra
1778 4594 1846 4651 leva·

150 4675 970 4753 intumescentem,cnivirososmolarasanguisinlixerat,
1024 4699 1082 4755 que
1093 4684 1250 4756 jacuerunt
1261 4683 1290 4738 in
1306 4681 1457 4757 sepulcrm
1473 4685 1561 4752 atque
1576 4678 1704 4738 illorum
1719 4682 1846 4740 solemni·

150 4764 242 4822 erexit
254 4765 448 4836 incolumem
474 4768 547 4825 cutis
562 4768 677 4826 lascivia
697 4770 794 4827 sedata
808 4774 838 4827 st
853 4770 889 4826 ad
906 4786 971 4842 pro·
1025 4777 1098 4830 tates
1107 4773 1185 4830 sicnt
1198 4777 1226 4829 et
1241 4773 1358 4830 Paterni
1372 4789 1401 4829 ix
1414 4769 1533 4827 satane.
1547 4767 1690 4827 Octobris
1704 4772 1845 4830 calabrar-

151 4853 247 4927 prinm
264 4856 383 4912 modum
398 4856 535 4913 edomita.
558 4858 685 4931 Spiritus
705 4875 832 4931 nequam
848 4875 970 4931 presen-
1025 4865 1081 4919 tur.
1098 4863 1201 4938 Igitur,
1217 4879 1266 4919 rex
1278 4861 1415 4934 gloriosa,
1426 4864 1532 4917 sanctu
1546 4861 1698 4917 exaltator
1709 4862 1845 4924 Ecclesia,

149 4943 254 5000 tientes
263 4943 358 5001 sancti
369 4946 703 5013 adventum,iamiliares
714 4948 833 5005 clientes
845 4948 970 5021 reliqna·
1025 4953 1193 5025 gentilitatis
1218 4951 1389 5009 humiliator
1410 4965 1514 5023 pravas,
1531 4947 1614 5021 regui
1632 4949 1675 5006 tui
1692 4950 1843 5023 speculan,

150 5042 228 5103 runt,
244 5039 381 5091 excusata
406 5038 481 5109 iuges
504 5036 667 5106 timiditate,
688 5040 764 5111 qnod
788 5056 838 5111 pro
859 5039 971 5112 paterni
1025 5037 1846 5113 totinshonitatisexemplum,diasipatorhostium,pstct

150 5121 284 5179 violentia
300 5125 455 5198 nequirent
477 5125 649 5184 subsistere.
664 5129 788 5185 hvicnla
805 5134 893 5201 pasta
914 5129 971 5184 lru·
1024 5132 1205 5199 clericorum,
1216 5128 1500 5202 adiutoregentlnm,
1512 5130 1624 5184 amator
1635 5130 1777 5186 omnium
1789 5146 1842 5186 saa

151 5214 259 5279 mento,
271 5213 348 5284 qnod
360 5214 560 5271 bencdictione
575 5215 732 5287 condierat,
749 5218 968 5291 digredientem,
1024 5226 1146 5291 clarum,
1162 5221 1311 5276 invocator
1335 5218 1502 5290 angelornm
1519 5231 1527 5272 ε
1545 5216 1751 5289 [leprecamur
1765 5224 1841 5291 atqua

151 5299 300 5371 permulta
308 5301 443 5360 milliaria
454 5305 693 5378 remigioalarum
703 5314 969 5381 secutannnqnam
1023 5308 1173 5366 humiliter
1184 5308 1376 5382 imploramus
1389 5309 1476 5380 quiin
1488 5305 1620 5362 exsulatu
1632 5315 1728 5379 atque
1739 5307 1843 5382 captivi·

150 5388 260 5458 abejus
276 5389 372 5445 divelli
384 5392 524 5450 charitate
538 5401 704 5470 potnerunt,
717 5400 810 5470 quoad
826 5400 969 5454 vixerunt.
1023 5402 1080 5454 tate
1095 5397 1203 5454 nostris
1219 5397 1331 5455 meritis
1342 5402 1430 5467 atque
1445 5393 1572 5469 parcatis
1583 5393 1611 5450 in
1627 5394 1761 5454 Francia
1774 5412 1841 5454 ccm-

149 5477 288 5536 Praterea
302 5482 373 5535 sunt
387 5479 453 5547 alia,
465 5498 530 5554 qua
542 5483 716 5543 Fortunatus
731 5486 828 5559 lepida
842 5487 892 5543 illo
907 5485 970 5543 elc-
1023 5502 1191 5557 moramnr;
1211 5496 1240 5542 nt
1250 5503 1306 5543 non
1322 5484 1414 5542 nostri
1425 5482 1736 5541 obliviscatarvestrn
1750 5486 1841 5542 laticis·

149 5568 213 5643 quii
228 5568 289 5627 sate
304 5570 408 5628 nostra
424 5569 543 5641 ingessit
567 5574 684 5631 notitia.
709 5574 791 5634 itanc
806 5592 854 5635 rea
869 5574 970 5637 ltthat-
1022 5578 1104 5637 sime
1120 5577 1260 5650 largitatis
1270 5590 1378 5649 magna
1389 5571 1629 5632 misericordiaat
1639 5586 1724 5632 nunc
1738 5573 1841 5632 anate
