3750 6000
74 314 77 323 Ι
99 236 177 301 thee
553 239 754 303 wthtnhltt
777 236 1143 303 eathbseuetertsts
1164 237 1347 302 totitem
1724 238 1804 302 tetta

96 368 267 428 domitioum
282 370 424 444 flagitium
434 370 585 440 iacientes,
601 376 630 429 st
640 386 690 429 eos
701 370 731 428 in
744 371 799 429 hee
812 370 918 428 volun·
931 371 960 440 Α
1010 391 1026 423 a
1041 369 1099 428 Nee
1113 385 1180 427 varo
1194 369 1381 445 episcopatus
1396 386 1482 443 onus,
1497 373 1648 431 tantorum
1667 370 1803 446 negotio·

96 459 171 517 taria
198 460 327 518 urentes
351 461 414 534 [ol.,
438 462 598 534 juvantem,
613 461 644 518 in
664 461 765 520 eedem
795 459 918 520 coneilio
972 476 1039 518 rum
1053 459 1154 531 molas,
1169 459 1577 520 consuetismiraenlislerles
1589 461 1696 521 lntixit.
1715 461 1801 535 ignes

96 548 176 621 gravi
192 548 379 608 anathemata
395 550 525 607 damnati
536 555 616 619 sunt,
632 552 724 608 donee
738 551 919 608 confessione
973 550 1141 609 materiales
1156 555 1186 608 et
1200 550 1368 623 fulmineos,
1384 555 1434 627 qui
1447 554 1510 625 jem
1526 552 1638 611 ricinus
1652 554 1731 611 ardes
1746 553 1801 610 de-

96 641 127 694 et
147 638 319 709 punitentia
341 638 556 697 absolutionem
581 644 757 697 mereantur.
774 640 828 708 Qui
853 656 919 699 aare
973 641 1178 713 pascebantur,
1204 646 1336 714 porrecto
1361 643 1482 700 salutari
1505 643 1590 718 signo
1614 644 1643 700 in
1672 642 1798 700 cinerem

95 726 127 784 ln
144 727 197 785 hoo
212 729 334 786 crimine
358 729 525 801 publicatus
550 731 647 800 luerit,
663 735 808 788 statutum
823 734 877 799 est,
893 731 918 789 si
971 730 1161 802 compescuit.
1180 730 1298 804 Stupuit
1316 732 1475 804 Campania
1490 748 1598 789 norom
1624 730 1748 790 ebullire
1762 732 1798 788 da

95 816 215 891 quidem
230 818 315 876 luerit
326 834 451 891 persone
461 817 607 895 religiosa,
619 825 652 877 ut
670 822 705 877 ud
725 820 840 878 nullum
859 837 920 878 em·
972 833 1046 891 rupe
1065 818 1186 885 tantam,
1202 819 1320 892 quando
1334 819 1430 893 ipsius
1443 820 1645 878 benedictione
1659 819 1735 879 silex
1748 836 1797 876 oa-

96 905 173 983 plius
187 910 310 981 gradum
326 913 579 983 promoveatur,et
593 909 618 967 si
635 911 754 983 quidem
769 910 865 979 habat,
881 911 918 968 ab
971 912 1057 966 ratus
1072 909 1197 967 evomuit
1212 908 1338 967 laticem.
1351 909 1531 984 Lepusculus
1545 911 1583 967 ab
1596 910 1731 968 hostibus
1745 910 1799 966 oir-

95 1011 130 1054 eo
145 998 326 1070 deponatnr3
342 999 368 1055 ai
393 1005 487 1056 autam
515 999 618 1069 laicus,
635 1004 667 1057 ut
690 1000 720 1056 in
744 1003 803 1058 toto
830 1016 919 1073 reguo
972 1001 1158 1068 oemrentos,
1174 998 1243 1054 dum
1258 999 1314 1055 sub
1330 997 1452 1071 pedibus
1466 998 1602 1057 animalia
1617 999 1664 1057 cui
1679 1003 1797 1057 sanetus

97 1082 210 1156 englite
224 1083 308 1157 legali
325 1101 383 1142 sua
395 1086 726 1160 conditionisdignitata
736 1087 874 1161 privatur,
890 1092 920 1145 et
972 1085 1129 1156 insederat,
1146 1088 1250 1159 querit
1271 1088 1445 1157 remedium,
1462 1087 1558 1144 salvus
1572 1087 1676 1160 effugit
1687 1104 1695 1157 3
1707 1087 1799 1160 jussit

95 1187 133 1232 ne
160 1172 250 1246 huius
274 1174 406 1232 criminis
430 1176 655 1244 absolutionem,
671 1176 717 1234 his
740 1178 790 1250 qui
810 1195 841 1235 sa
864 1177 918 1235 suh
971 1176 1032 1246 lile,
1057 1183 1084 1233 et
1115 1180 1314 1250 persecutores
1337 1176 1484 1234 inhiantes
1508 1175 1631 1234 latratos
1655 1176 1797 1245 destituit,

94 1262 196 1336 regula
212 1278 268 1320 nou
293 1269 442 1334 vorarunt,
457 1265 563 1338 aliquia
582 1264 639 1323 nisi
656 1267 812 1341 episcopus
831 1268 917 1327 ateiu-
972 1265 1799 1325 simuletconantesoursosieiellit.Eecemulierisorbes

94 1365 165 1426 ceps
193 1352 287 1411 faeere
315 1354 645 1426 presumat.Statntom
665 1372 783 1430 quoque
809 1361 865 1427 est,
886 1363 919 1417 ut
971 1371 1079 1414 vacuos
1094 1356 1543 1429 sputoinjeetolnharserenum
1557 1355 1699 1429 implavit,
1713 1356 1798 1414 lebri-

95 1457 148 1517 psr
169 1443 260 1500 totam
282 1443 420 1518 engliam
445 1444 477 1502 in
505 1444 640 1502 omnihus
671 1444 813 1516 aeclesiis,
829 1452 858 1505 et
887 1449 917 1506 in
972 1442 1090 1502 citantis
1116 1444 1241 1517 rigerem
1257 1444 1442 1517 panisabao
1469 1444 1709 1503 datuaoeareuit.
1726 1443 1797 1500 Cum

17 1578 21 1585 .
95 1531 235 1588 omnibus
249 1531 517 1590 Dominicisdiebua
527 1534 788 1593 excommunicatio
798 1536 918 1609 prelata
968 1532 1033 1604 lam
1047 1548 1218 1605 supremum
1233 1537 1297 1607 post
1310 1534 1411 1591 decem
1425 1537 1455 1591 at
1468 1549 1520 1590 sex
1534 1548 1627 1591 annos
1642 1531 1797 1606 episcopa-

95 1628 258 1678 renovetur.
274 1641 289 1670 »
933 1620 1799 1736 Btuaaissasaet,percunctatusestBeidwinumttadulphus

132 1708 327 1767 Perseverarit
349 1726 417 1784 ergo
436 1710 466 1768 ln
486 1711 624 1771 Anselmo
648 1712 683 1769 ad
713 1715 823 1772 exitum
851 1716 918 1774 vitae
972 1709 1115 1769 Roheuals
1130 1713 1285 1785 episcopua
1300 1711 1348 1785 qui
1365 1711 1475 1783 aderat,
1491 1727 1528 1769 an
1543 1710 1668 1769 balsami
1681 1710 1728 1769 rel
1743 1710 1795 1768 ali·

94 1797 221 1856 leviatus
243 1798 335 1871 rigor,
352 1799 467 1870 pietatis
490 1800 595 1859 terror.
611 1803 743 1861 excessit
766 1820 843 1862 anno
868 1807 917 1863 tn·
972 1800 1345 1874 quantasguttasbabsrst,
1359 1799 1796 1874 quosaputsatttmcsttbumn

19 1928 29 1945 .
95 1886 273 1944 carnationis
297 1886 456 1945 Dominioas
476 1889 633 1949 millesimo
655 1891 816 1952 centesimo
840 1911 917 1952 nono
971 1890 1166 1963 corruptionis
1189 1889 1285 1947 lahem
1309 1889 1651 1964 evitaretimpostarum.
1672 1887 1800 1948 Protulit

95 1975 158 2050 [al.,
174 1975 309 2050 daeimoJ,
325 1977 405 2051 regni
421 1977 536 2036 Henriol
551 1996 638 2049 none,
653 1981 747 2038 atatis
761 1998 822 2040 sum
835 2000 917 2040 saxa·
971 1978 1143 2052 ampullam,
1159 1979 1189 2035 in
1214 1979 1304 2036 tundo
1319 1979 1403 2051 enjus
1429 1978 1636 2053 parvissimum
1658 1978 1798 2052 quiddam

95 2065 208 2141 gesimo
236 2071 327 2136 sexte,
348 2067 537 2139 pontificatus
557 2069 670 2128 decimo
698 2075 778 2128 sexto
794 2088 803 2142 3
819 2073 919 2144 sepul·
971 2069 1130 2126 resederet.
1157 2067 1255 2126 Manui
1279 2083 1347 2143 erge
1371 2068 1499 2126 AEdmeri
1522 2072 1677 2125 nectareus
1703 2066 1799 2141 liquor

95 2156 682 2231 tosqueprimoadcaputpradaecasoria
695 2161 917 2232 suiLantranci,
971 2163 1102 2231 quantus
1117 2162 1178 2214 erat
1200 2157 1326 2226 inlusus,
1341 2157 1388 2214 rix
1403 2157 1475 2215 rotas
1495 2157 1677 2215 medietatem
1699 2156 1798 2214 made-

96 2249 197 2318 postea
227 2245 345 2317 dignius
377 2246 560 2305 mausoleum
586 2249 616 2306 in
645 2249 780 2308 orientali
805 2251 918 2325 porticu
972 2245 1797 2322 lacerat:qnevelocitarexpenao,iterumtantumeitiu-

97 2333 227 2408 aocepit3
247 2334 292 2391 rir
305 2335 354 2409 qui
376 2353 489 2409 omnes,
504 2354 579 2412 quoa
602 2339 722 2412 quidem
746 2341 917 2411 viderimus,
971 2336 1048 2395 xiaae
1064 2336 1183 2396 miratos
1197 2342 1252 2406 est,
1273 2352 1327 2395 nee
1340 2335 1450 2393 destitit
1465 2352 1569 2394 avarus
1584 2338 1703 2393 exactor
1717 2350 1797 2407 repa·

95 2421 239 2493 sapientia
254 2427 282 2480 et
297 2423 437 2501 religione
461 2434 619 2498 prestaret.
635 2430 715 2486 Adeo
730 2434 917 2503 peccatorum
971 2426 1035 2485 titis
1049 2427 1280 2500 aosibueurgera
1295 2426 1472 2501 prodigium,
1485 2426 1575 2484 donee
1585 2429 1796 2496 totumoorpus

93 2511 229 2583 extorris,
251 2515 283 2569 ut
305 2514 366 2572 viro
390 2515 589 2585 veracissimo,
612 2518 745 2591 mihique
764 2519 918 2579 notissimo
971 2516 1099 2575 exomni
1114 2515 1161 2574 sni
1176 2523 1268 2591 parta,
1284 2533 1343 2574 non
1357 2515 1551 2589 pertitnetoria
1564 2513 1727 2572 balsamico
1742 2530 1795 2571 uu·

93 2600 404 2675 dixerit,nunquemse
415 2609 605 2679 posteaquam
624 2609 784 2666 monachus
802 2610 917 2680 luisset,
971 2604 1060 2678 8¹th
1087 2604 1229 2662 inficeret·
1258 2607 1380 2678 Quoque
1408 2604 1505 2677 '¹²⁸8ie
1528 2604 1605 2660 stim
1619 2601 1794 2676 wiltuim.

92 2689 135 2748 ita
156 2691 284 2748 stimulis
299 2692 349 2749 irre
363 2701 459 2751 actum
475 2703 506 2751 ut
529 2695 616 2754 alicui
632 2698 806 2771 impingeret
824 2700 918 2758 eonvi-
971 2694 1102 2768 ampulla
1112 2695 1196 2751 modo
1211 2693 1339 2751 demitto
1353 2697 1463 2760 venitm
1475 2691 1721 2766 m0d⁰⁰bliq¹¹⁸i0
1732 2690 1795 2748 ⁵5⁰⁰

91 2778 181 2849 ctum,
193 2780 250 2837 nisi
261 2782 352 2838 semel
363 2785 478 2841 tantum
489 2783 519 2842 tn
532 2784 587 2843 hoo
598 2787 917 2862 excidissa.tiunquam
971 2783 1058 2840 toties
1088 2787 1220 2851 vacuata,
1250 2787 1366 2856 peracto
1403 2781 1573 2839 solemniter
1615 2779 1795 2838 inunctionis

90 2868 148 2926 nisi
172 2885 264 2926 unum
289 2870 399 2928 dietum
416 2873 560 2942 emisisse,
578 2877 663 2947 cujus
684 2877 826 2936 momoria
844 2894 916 2936 00⁰.
971 2871 1194 2929 oltioioinventa
1209 2869 1546 2946 estplanaplosmadio.
1560 2867 1795 2943 Posterequedie

91 2957 245 3015 seientiam
259 2958 465 3018 exulcerasset.
477 2963 572 3034 Super
585 2980 696 3022 omnam
708 2967 856 3038 quondam
868 2984 912 3026 re·
930 2973 952 3043 c
971 2976 1037 3019 rum
1062 2961 1096 3018 ad
1121 2958 1321 3034 sepeliendum
1351 2964 1588 3032 componeretur,
1610 2958 1797 3015 attenderunt

91 3046 227 3103 cordatus
242 3048 366 3106 crudum
383 3065 414 3107 se
429 3049 509 3107 halec
525 3053 696 3125 comedisse,
713 3072 850 3126 percusso
866 3074 914 3130 pe·
969 3049 1096 3124 lapidem
1111 3049 1240 3121 eorporis
1251 3049 1468 3122 immistum
1485 3050 1582 3106 mim
1597 3048 1685 3121 P¹⁰¹¹⁰
1697 3047 1795 3120 9⁸¹⁰¹⁰

92 3139 171 3193 otore
195 3142 344 3207 peccatum
368 3138 522 3214 ingemuit,
543 3143 620 3215 quod
649 3145 770 3203 crudam
797 3162 914 3204 carnem
970 3142 1079 3198 temere
1089 3139 1375 3212 erratumctrmque
1384 3154 1487 3196 omnes
1499 3138 1699 3208 mussitarent,
1714 3134 1793 3210 qood

92 3230 195 3283 eontra
210 3226 302 3302 legem
317 3230 536 3302 assumpsisset.
553 3233 676 3290 ddmere
691 3250 758 3292 vero
774 3235 824 3309 qui
839 3235 914 3292 assi.
970 3244 1024 3287 neo
1050 3228 1127 3286 alius
1154 3227 1230 3300 lapis
1253 3227 1349 3285 taeilis
1376 3232 1454 3285 esset
1472 3227 1603 3295 inventu,
1625 3241 1661 3281 na
1685 3239 1794 3296 eorpus

90 3314 172 3372 deret
187 3315 305 3384 direnti,
322 3319 400 3392 quod
413 3320 456 3377 ast
472 3323 645 3380 eruditatem
662 3323 771 3383 halecis
784 3325 915 3382 excoxis.
969 3319 1115 3378 curvando
1138 3317 1275 3389 injuriam
1300 3315 1409 3374 vallent
1427 3316 1523 3374 saneti
1547 3314 1674 3388 Spiritus
1700 3314 1794 3370 lacere

23 3406 26 3413 '
90 3409 154 3463 sat:
176 3427 192 3456 e
207 3408 322 3464 sanasti
351 3425 408 3477 ma,
431 3410 538 3484 inquit,
564 3428 600 3469 na
627 3414 736 3485 peccati
763 3418 916 3487 torquerer
968 3423 1087 3482 organo,
1099 3412 1217 3481 repente
1231 3407 1368 3464 viderunt
1380 3404 1509 3478 lapidem
1525 3405 1676 3475 idoneum,
1691 3406 1721 3460 at
1735 3417 1795 3459 cer

18 3502 21 3511 '
90 3492 244 3551 memoria.
261 3515 276 3544 s
293 3494 470 3553 obedientis
490 3502 622 3571 pertinax
647 3505 758 3571 eustos,
775 3518 842 3559 cum
866 3520 916 3560 ar·
968 3515 1023 3573 pus
1044 3501 1108 3556 sina
1134 3496 1313 3555 adminiculo
1336 3496 1473 3554 decenter
1494 3494 1629 3568 sepulcro
1643 3493 1792 3566 illapsum.

90 3581 296 3655 ohiapiscopus
308 3581 406 3642 liberte
419 3587 572 3658 potestatis
587 3597 673 3657 esset,
686 3591 797 3664 rogarit
809 3609 912 3665 papam
968 3590 1132 3647 latentium
1162 3588 1265 3645 oborta
1285 3583 1395 3654 letitia,
1413 3584 1523 3641 elamor
1547 3581 1665 3656 impulit
1689 3588 1792 3652 astra3

90 3669 252 3740 Urbanum,
268 3672 368 3729 nisibi
383 3673 511 3747 aliquem
528 3687 709 3750 proponeret,
726 3681 914 3754 uniusjussls
967 3693 1053 3752 quem
1082 3692 1140 3734 nou
1168 3680 1228 3732 tam
1260 3675 1365 3732 meruit
1392 3674 1571 3746 (quanquam
1595 3670 1792 3746 praedicanda)

90 3758 179 3817 aitarn
196 3759 412 3834 disponeretis
426 3764 584 3823 Edmerum
599 3768 740 3841 exhibuit,
755 3771 839 3844 quus
853 3776 912 3828 An·
968 3766 1100 3825 miraculi
1116 3764 1253 3838 dignitas,
1269 3780 1356 3837 qnam
1372 3763 1574 3820 subventionis
1588 3777 1647 3819 non
1667 3762 1793 3832 expetita

89 3848 202 3907 seimus
213 3851 299 3921 tussa
311 3854 386 3908 tanti
402 3853 536 3924 iaciebat,
553 3861 666 3915 etcum
686 3876 753 3917 eum
769 3860 858 3918 cubili
873 3860 914 3918 lo·
967 3855 1108 3915 celeritas.
1124 3854 1282 3912 Undecimo
1306 3851 1502 3909 Kalendarum
1518 3850 1586 3908 Maii
1608 3849 1640 3908 iu
1664 3850 1791 3906 alterum

91 3941 196 4007 cassat,
213 3954 271 3996 eoo
286 3938 383 3997 selum
394 3941 457 3999 sina
469 3951 612 4016 precepto
625 3949 688 4019 sius
699 3957 911 4023 consurgeret,
966 3946 1105 4005 seculum
1120 3945 1210 4013 abiit;
1227 3959 1279 4001 nae
1294 3951 1391 4001 tamen
1402 3946 1536 4000 amantes
1549 3941 1595 3998 sui
1606 3955 1713 3998 vacuos
1727 3939 1791 4013 opis

89 4026 210 4083 sedneo
225 4026 302 4084 latus
316 4027 480 4088 inverteret.
492 4033 670 4106 Eloquentia
684 4037 771 4094 etiam
787 4037 817 4095 in
832 4055 912 4096 eom·
966 4035 1234 4106 mundoexposuit;
1247 4030 1458 4089 militatadhue
1469 4046 1501 4089 se
1511 4030 1728 4098 invocantibus,
1739 4042 1792 4085 neo

92 4114 175 4173 urani
190 4115 306 4189 loquela
316 4122 430 4176 terreus
444 4120 584 4194 protinus,
596 4124 646 4197 qui
662 4141 715 4183 neo
728 4125 805 4185 inter
818 4144 913 4186 aema-
966 4124 1050 4183 tacita
1064 4125 1321 4198 quisquamprone
1331 4137 1383 4195 ape
1393 4120 1505 4178 arradit
1519 4119 1556 4177 sd
1568 4118 1730 4188 tumulum,
1740 4116 1789 4190 qui

89 4204 217 4262 dandum
233 4223 249 4263 a
263 4207 371 4265 divinis
381 4217 495 4267 vacaret
505 4212 637 4284 eloquiis.
653 4214 913 4291 Delectabaturqne
965 4229 1023 4273 non
1041 4215 1170 4288 plenarie
1183 4227 1302 4285 precum
1312 4213 1418 4268 relerat
1428 4209 1574 4267 attactum.
1585 4207 1692 4266 Mirum
1705 4205 1790 4274 illud,

87 4292 193 4353 eximie
216 4312 282 4353 eom
306 4297 508 4371 questionibus
532 4302 687 4376 propositis
709 4304 911 4377 obiicientium
965 4304 1044 4377 quod
1061 4318 1155 4375 nuper
1176 4300 1310 4375 Lugduni
1324 4299 1466 4372 contigit;
1480 4301 1564 4356 erant
1578 4298 1620 4354 ibl
1634 4297 1699 4355 due
1715 4312 1789 4353 auus

89 4396 210 4439 acumen
231 4385 419 4457 experiretur,
436 4386 495 4444 lere
515 4391 614 4447 omnia
628 4390 672 4449 rel
692 4409 745 4450 sua
759 4399 911 4470 assumpta
965 4395 1097 4459 reolusra,
1112 4390 1222 4464 quibus
1233 4388 1305 4446 nihil
1316 4388 1538 4460 sanetius,nihil
1549 4386 1723 4443 concordius
1734 4402 1742 4454 ;
1754 4386 1790 4441 ad

32 4526 36 4532 .
88 4469 340 4542 similitudinibus,
356 4473 399 4531 vel
415 4474 539 4534 alierum
554 4478 667 4551 objecta
686 4482 854 4557 transigens
866 4484 910 4543 vel
965 4482 1020 4541 has
1033 4479 1190 4540 Auselmns
1203 4481 1273 4536 dum
1288 4478 1328 4535 ibi
1343 4482 1475 4534 manerat
1489 4477 1645 4549 dignanter
1658 4474 1789 4540 venians,

88 4559 222 4619 eludens.
237 4559 303 4618 Jam
320 4578 385 4619 rero
400 4579 435 4622 ex
449 4564 777 4629 industriahahetemiu
791 4573 910 4631 sacula-
965 4573 1083 4631 crebras
1108 4568 1325 4627 admonitiones
1356 4567 1497 4623 virtutum
1523 4563 1717 4632 iulundehat;
1737 4563 1788 4620 aad

87 4650 213 4707 rihuaae
223 4651 381 4723 prebebat,
393 4659 426 4712 ut
439 4655 721 4718 turbulentatallum
733 4663 911 4736 nagmiornm
965 4665 1033 4737 pest
1052 4661 1117 4732 ejus
1145 4658 1321 4724 discessum,
1335 4654 1472 4713 simultas
1494 4652 1572 4711 inter
1596 4668 1647 4710 aas
1668 4667 1790 4726 propere

87 4738 213 4812 procella
236 4744 365 4811 vexatus,
381 4746 504 4801 artubus
526 4760 641 4821 qnoque
670 4749 812 4810 deiiceret.
829 4754 911 4821 Quod
964 4752 1009 4824 (ut
1038 4766 1099 4807 reos
1119 4753 1163 4805 est
1182 4747 1372 4816 laminarum)
1395 4743 1548 4813 ebulliens,
1575 4741 1655 4816 rupit
1679 4755 1788 4812 paoem

87 4843 154 4885 cum
186 4828 340 4888 domestici
369 4832 595 4894 contubernales
623 4838 763 4912 videraut,
792 4843 911 4900 semotis
965 4840 1051 4900 scidit
1077 4837 1275 4897 concordiam.
1291 4834 1407 4892 Sensim
1422 4833 1525 4905 itaque
1545 4832 1575 4889 tn
1595 4847 1704 4888 manus
1722 4845 1791 4904 pro·

86 4917 182 4974 turbis
196 4919 397 4978 subornabant
412 4921 551 4997 aliquem,
567 4925 617 4999 qni
632 4927 761 4986 animum
786 4930 910 4989 residem
965 4945 1080 4989 cessum
1097 4945 1104 4985 :
1122 4927 1198 5001 quod
1229 4924 1347 4997 obliqua
1360 4922 1481 4991 invidia,
1496 4929 1524 4979 at
1538 4921 1649 4979 amaris
1663 4917 1790 4977 stimulis

86 5011 151 5064 eota
164 5007 444 5081 quaestiuncularum
464 5019 626 5073 exacueret.
642 5017 845 5090 Continuoque
862 5020 911 5079 illa
965 5018 1188 5093 opprobriorum
1212 5015 1274 5072 diae
1297 5016 1458 5086 noctesque
1479 5012 1610 5084 agerent,
1634 5008 1715 5066 teror
1743 5022 1791 5066 ar·

86 5098 228 5156 suscitata
243 5104 352 5166 menta,
363 5104 391 5157 et
400 5101 574 5162 scintillanti
587 5104 699 5166 lumine
709 5109 911 5185 inqusrantes
965 5110 1066 5167 mahat
1092 5107 1219 5181 linguas,
1241 5104 1286 5161 ira
1314 5101 1498 5162 ministrabat
1524 5097 1733 5166 contumelias,
1761 5105 1791 5157 et

87 5184 242 5243 intendens
271 5188 359 5245 robur
392 5191 545 5266 utriusque
578 5196 743 5255 resumebat
771 5201 909 5258 materiae.
963 5199 1065 5259 amhae
1076 5197 1194 5270 quidem
1205 5192 1337 5253 stultitia
1351 5190 1514 5249 involvebat
1527 5186 1791 5250 communiotaad

86 5274 180 5343 Quam
196 5275 312 5347 penitus
335 5294 403 5337 vero
418 5297 540 5342 arcanos
562 5283 760 5345 bumanorum
778 5294 809 5347 at
835 5290 910 5348 divi·
965 5289 1058 5363 magis
1086 5301 1176 5343 unam
1204 5283 1355 5356 premebat
1381 5288 1490 5352 reatus,
1506 5295 1572 5353 quas
1594 5278 1726 5337 dedisset
1744 5276 1790 5334 liti

87 5377 193 5419 nerum
207 5378 347 5424 sensuum
363 5369 447 5428 sinus
457 5370 619 5446 intraverit,
630 5375 738 5435 indicio
748 5383 818 5437 aunt
832 5379 912 5452 libri,
966 5378 1154 5457 principium.
1170 5375 1244 5433 iloio
1266 5372 1424 5430 dussimus
1445 5377 1528 5429 nocta
1542 5369 1646 5440 astitit,
1660 5366 1789 5426 multum

31 5520 37 5527 ¹
89 5451 196 5524 qulbus
220 5451 399 5524 iamdudum
420 5459 577 5522 decedente
604 5461 705 5542 livore,
721 5469 798 5528 orbis
821 5469 912 5528 Latini
966 5473 1099 5528 mutatus
1120 5464 1156 5522 ah
1181 5462 1232 5520 iila
1259 5460 1378 5518 lenitate
1396 5459 1608 5536 vultua,quanr
1627 5457 1659 5516 in
1673 5456 1790 5517 drenta

89 5541 226 5601 ⁸⁰⁰⁰0⁸⁸i¹
243 5542 330 5600 stiffi·
966 5554 1194 5616 decretumst
1207 5549 1410 5608 auctoritatem
1426 5546 1613 5607 sermonibus
1622 5546 1789 5614 ausuritas,
