3750 6000
70 227 148 290 1505
553 218 1075 322 permanseruntque.
1099 257 1137 271 -
1161 224 1234 285 nra.
1258 225 1283 286 1.
1694 231 1772 296 raca
1856 208 1859 213 ’

66 367 95 418 et
109 361 192 434 quasi
206 376 222 417 a
237 359 331 425 longe,
347 361 376 415 et
390 358 426 414 ab
441 357 536 415 alieno
547 354 796 431 petitaseveritaa.
814 355 887 410 Pur·
905 361 931 427 Α
946 353 1039 411 sidia:
1066 356 1139 414 uulll
1154 361 1288 415 nestrum
1309 365 1416 431 parcet,
1438 361 1598 432 prasertim
1618 379 1686 421 curn
1703 379 1771 423 eum

65 449 145 516 chre,
157 451 207 519 ait,
221 448 330 504 monita
346 462 411 503 mea
420 447 570 515 servastis,
580 461 642 517 qua
653 442 733 500 vobis
745 442 890 499 servanda
945 458 995 499 rex
1011 445 1170 502 annaliter
1186 445 1338 518 suscipiat,
1358 464 1447 520 quam
1462 449 1487 506 si
1502 468 1518 508 e
1533 451 1604 509 cralo
1623 453 1773 514 demissus
1857 460 1870 483 ’·

64 538 270 597 commendare
285 535 458 593 debuissent
473 532 828 607 relproiessionisvestrre
845 547 890 587 re·
945 530 991 586 ait.
1013 531 1070 588 Sed
1094 531 1154 590 hec
1179 534 1276 606 palem
1302 552 1359 593 nou
1385 537 1528 607 dicanda;
1556 540 1669 598 dicatur
1692 542 1772 615 quod

65 629 145 702 ligio,
174 627 216 683 vei
240 642 310 684 maa
339 624 506 682 sedulitatis
530 622 657 682 dilectio.
684 621 766 681 Nunc
789 619 889 678 seritis
945 618 1772 701 nulllusvulneretconscientiam.scissuperqueatrena

63 716 171 789 jurgia,
187 715 306 772 irritatis
321 714 389 770 odia
410 713 509 770 oblitas
524 714 607 770 lamae
630 715 742 780 vestras,
757 723 890 767 reseren-
943 709 1040 779 gentis
1069 709 1204 770 homines
1234 713 1325 772 luisse
1350 715 1596 788 archiepiscopos.
1622 719 1773 777 abundare

67 806 114 862 tie
130 821 211 873 msa,
236 803 379 876 proiectus
404 802 718 875 utrorumqueliuare
744 816 794 871 per
809 804 890 856 tanta
947 797 1049 868 patria
1079 796 1189 873 linguae
1222 800 1311 868 viros,
1341 803 1391 877 qui
1420 804 1547 860 relerant
1580 803 1772 862 hanireucum

67 900 211 952 terrarum
226 890 379 951 intervalla
393 909 440 949 me
455 893 490 949 ad
506 907 557 949 vos
573 888 737 964 fatigastis,
759 894 791 945 ιιι
807 888 830 945 si
846 890 892 946 de-
945 885 1079 958 scieutia,
1105 886 1244 964 religione
1274 889 1444 948 anselmum
1470 891 1639 959 exhibeant,
1667 893 1774 965 pannis

67 982 177 1052 sinitis,
193 998 294 1055 pacem
311 982 474 1051 restituam,
487 981 512 1038 si
528 978 706 1054 permanetis
721 977 894 1036 interminer
948 978 1118 1048 utrumque.
1128 980 1197 1035 iisse
1208 977 1396 1050 hadulphum
1407 979 1574 1037 lioliensem
1590 981 1772 1054 episcopum,

68 1088 192 1145 panem.
217 1071 282 1127 Haec
304 1071 377 1127 visio
399 1069 588 1144 litigatricum
605 1067 797 1127 mansuefecit
812 1082 892 1125 meu·
947 1064 996 1135 qui
1014 1064 1090 1122 lama
1104 1074 1199 1139 aquet
1212 1067 1355 1139 antiquos,
1372 1067 1476 1125 humili
1492 1067 1659 1126 allahilitata
1674 1070 1773 1128 vincat

68 1167 139 1231 tem,
155 1159 258 1218 lenivit
280 1164 444 1217 tumorem:
469 1159 640 1233 eisdemque
655 1162 740 1217 nocte
760 1155 892 1230 sequenti
946 1156 976 1209 et
990 1157 1143 1212 veteraset
1166 1172 1265 1213 noros.
1289 1157 1426 1229 sigeum
1447 1156 1592 1230 explores,
1618 1158 1771 1232 spectabili

68 1267 134 1307 cum
151 1256 216 1323 post
231 1249 375 1324 lacrymas
391 1251 480 1324 juges
497 1249 589 1308 lassas
604 1265 691 1322 sopor
709 1248 892 1319 reclinasset,
947 1245 1182 1300 Ncrmannerum
1199 1245 1334 1318 prosapia
1348 1246 1522 1316 oriundum
1537 1248 1563 1304 si
1574 1249 1661 1304 vilem
1676 1248 1774 1322 inqui-

67 1343 198 1397 coelestes
214 1342 366 1423 prqtelavit
380 1340 528 1397 excubias.
544 1341 617 1397 Nem
634 1339 753 1396 remotis
768 1347 892 1394 terreno·
947 1348 1005 1396 rte.
1021 1331 1103 1389 nulls
1117 1334 1207 1390 eliam
1222 1333 1344 1390 infamia
1364 1337 1570 1408 praestrictum.
1591 1337 1691 1395 Solum
1707 1353 1773 1396 esse

68 1446 290 1488 rumsensuum
315 1428 443 1500 nebulis,
460 1428 521 1487 risa
539 1433 585 1485 eat
601 1427 753 1500 perspicue
767 1425 892 1483 domina
946 1421 1032 1492 cujus
1055 1420 1226 1495 religionem
1250 1439 1303 1480 nec
1333 1424 1407 1481 livor
1430 1441 1546 1498 carpere
1575 1428 1669 1500 possit
1691 1426 1773 1501 quod

66 1524 172 1575 nostrae
188 1524 295 1576 sancta
312 1518 407 1575 liaris
423 1519 571 1586 assistere,
591 1519 678 1588 iussa
695 1515 818 1588 pedibus
842 1531 892 1572 as·
947 1508 1073 1566 discreta
1088 1510 1137 1568 sit.
1153 1511 1184 1569 Si
1198 1512 1350 1569 seientiam
1369 1513 1531 1572 litterarum
1548 1516 1674 1586 rimeris,
1695 1521 1773 1575 totas

66 1608 151 1665 sedit.
165 1608 298 1679 Cumque
312 1606 438 1663 domine
454 1605 584 1680 dignatio
600 1603 714 1674 copiam
730 1620 793 1676 quae
809 1602 893 1660 vellet
947 1596 1082 1654 exhausit
1103 1600 1246 1670 Athenas3
1275 1601 1300 1658 si
1320 1601 1515 1674 eloquentiam
1535 1603 1645 1677 exigas,
1668 1602 1772 1664 melleo
1857 1622 1862 1635 ¹

65 1696 263 1769 interrogandi
288 1697 415 1766 iecisset,
440 1695 492 1753 illa
516 1693 592 1751 ielici
614 1709 687 1750 ausu
701 1694 844 1762 animata,
859 1694 894 1748 de
911 1691 934 1759 Β
949 1687 1076 1760 quodam
1098 1687 1182 1761 lapsu
1197 1705 1232 1745 ex
1247 1690 1310 1762 ejus
1325 1708 1374 1749 ore
1389 1691 1454 1749 lluit
1468 1692 1562 1751 oratio
1575 1710 1583 1764 ;
1598 1695 1644 1750 cui
1660 1692 1774 1752 accedit

65 1785 377 1859 Hugoneilliusrerbis
389 1781 892 1857 archiepiscoporecenterdsiuncto
948 1776 1073 1850 genialia
1088 1778 1154 1851 soii,
1168 1778 1197 1836 id
1214 1792 1256 1837 est
1271 1781 1464 1839 Cenomanici
1481 1788 1638 1841 accuratus
1651 1788 1679 1841 et
1689 1781 1780 1857 qnasi

67 1874 255 1948 interrogavit
269 1875 338 1947 quid
354 1890 473 1948 sperare
484 1877 592 1946 posset.
609 1871 695 1939 Rene,
711 1871 819 1942 inquit,
832 1869 893 1929 lilia
948 1866 1076 1939 depexus
1091 1885 1184 1926 sermo
1197 1885 1204 1924 ε
1228 1869 1288 1926 hac
1304 1880 1474 1928 meruerunt
1489 1872 1638 1943 suliragia,
1654 1878 1687 1930 ut
1702 1888 1775 1933 con·

67 1965 132 2033 erit,
148 1970 178 2020 et
192 1980 243 2037 per
259 1963 490 2021 misericordiam
510 1963 560 2019 liei
575 1961 606 2018 iu
622 1961 763 2033 proximo,
783 1961 891 2032 etjam
945 1955 1029 2012 tinuo
1053 1963 1165 2015 mutata
1184 1959 1330 2017 sententia
1349 1976 1399 2016 rex
1419 1960 1449 2016 iu
1469 1975 1570 2019 eorum
1590 1961 1771 2022 voluntatem

67 2055 98 2112 in
115 2055 225 2113 loribus
239 2060 284 2112 est
298 2050 443 2112 remissio.
455 2059 491 2113 st
503 2056 537 2111 de
552 2051 670 2110 domino
682 2052 892 2108 mechuselmo
945 2044 1091 2101 lransiret.
1114 2047 1220 2104 actum
1245 2048 1346 2121 quinto
1370 2049 1417 2106 dis
1441 2052 1506 2121 post
1528 2055 1660 2108 exactum
1681 2050 1771 2125 quin·

68 2144 231 2201 cantuaria
246 2143 463 2216 archiepiscopo
487 2143 558 2216 quid
584 2141 756 2199 sciendum?
774 2138 813 2196 lle
829 2140 891 2211 illo,
945 2132 1108 2203 quenulam
1123 2150 1141 2191 a
1158 2140 1249 2194 merle
1271 2134 1414 2194 anselmi.

68 2228 890 2304 aitnuilomododubitssquininmagneliaisitgloria.»
981 2220 1772 2298 hadulphusapudSagiumquaestahhatialiorman·

68 2320 133 2378 Haec
162 2322 240 2378 diota
268 2322 351 2395 quasi
380 2320 503 2378 anilium
527 2321 710 2377 somniorum
740 2320 890 2394 figmenta,
945 2310 1118 2383 nla,primo
1140 2312 1341 2372 adolescentiae
1361 2315 1771 2376 horemcnachumsedevo·

67 2408 178 2480 nunus,
190 2425 300 2482 qum,
315 2409 604 2483 excipiatenchinm,
619 2411 719 2471 nunu,
734 2426 890 2486 pfogqqup.
945 2401 1773 2480 verat;coalescentibusqucrirtulumincrementisprimo

68 2503 116 2556 tur
130 2500 266 2556 ludibrio.
292 2499 411 2557 Constat
430 2498 509 2557 anim
529 2499 652 2557 seminas
670 2500 736 2562 illes
751 2507 780 2560 et
794 2500 892 2559 omnis
946 2490 1091 2563 sublimi,
1108 2508 1176 2549 ⁰¹⁰¹
1192 2492 1280 2566 Ρῑῑθῐ,
1298 2500 1443 2567 postremo
1458 2495 1550 2554 abbat
1565 2497 1669 2554 suerti-
1685 2496 1771 2557 Hune
1829 2491 1833 2495 ¹

68 2586 165 2660 rigore
181 2587 363 2645 abstinentie
385 2591 413 2643 et
428 2587 540 2645 salubri
561 2591 669 2648 mentis
689 2591 892 2666 compunctio·
946 2580 994 2639 5¹¹0
1012 2581 1108 2640 locum
1135 2583 1240 2641 ‘uilem
1255 2586 1414 2643 idm0d¹¹ffl
1439 2593 1469 2644 02
1483 2593 1659 2661 flsssslilufflt
1680 2589 1771 2663 probe

68 2692 115 2744 ne,
133 2675 222 2733 nullis
238 2692 362 2749 usquam
378 2676 489 2734 sanatis
504 2677 655 2735 inferiores
667 2679 766 2738 ruisse,
946 2670 1015 2728 loris
1030 2675 1058 2727 et
1074 2673 1155 2729 intus
1171 2672 1358 2731 exaltaverat.
1380 2676 1598 2734 issentichatur
1622 2679 1648 2736 ai
1673 2679 1769 2751 prime

104 2765 553 2838 Igiturpontqunmvennmndae
574 2767 720 2826 memorie
735 2768 892 2828 nummu.
944 2759 1088 2817 liebertus
1100 2761 1549 2838 Belesmeusisilliusproriucia
1560 2766 1709 2836 dominus,
1720 2784 1771 2841 pa·
1863 2770 1866 2777 '

68 2853 139 2911 lutei
161 2855 291 2926 corporis
316 2854 408 2911 nodos
429 2856 565 2923 evadens,
582 2856 650 2913 huic
665 2857 729 2914 vita
750 2857 891 2927 ralelecit,
944 2849 1131 2925 tiebaturqua
1142 2852 1293 2910 hominem
1304 2854 1395 2912 libere
1406 2854 1538 2929 religioni
1549 2856 1701 2914 excubare.
1713 2857 1771 2917 Sed
1852 2907 1855 2911 .

69 2945 180 3002 vacarit
197 2944 464 3017 archiepiscopatus
489 2944 574 3018 pleno
596 2946 809 3020 quinquennio.
833 2947 891 3005 Hoc
946 2938 1044 3010 simul,
1057 2940 1171 2998 militi
1183 2942 1322 3015 dimini,
1334 2942 1370 3000 ⁸1)
1382 2942 1504 3002 Ηθῐιῐῑθῡ
1515 2945 1771 3019 lsssssshugliapul·

72 3038 134 3092 tole
149 3034 245 3107 spatio
266 3050 333 3090 cum
358 3050 408 3091 rex
431 3035 638 3093 admoueretur
655 3041 686 3093 nt
710 3038 811 3094 matris
837 3052 894 3094 sue
910 3007 932 3076 c
950 3043 1011 3097 δῦθι
1027 3029 1236 3088 N0lffi⁸⁰¹¹¹⁸m
1251 3031 1408 3103 ⁰⁰11⁰0⁸⁸lb
1423 3031 1458 3089 (¹0
1474 3039 1656 3091 ⁵fl⁰l³m0⁰1⁰
1669 3040 1698 3091 οἱ
1717 3034 1770 3093 ¹¹⁰·

72 3123 206 3181 Ecclesia
228 3122 365 3181 viduitati
386 3124 561 3197 consuleret,
578 3125 642 3183 miti
657 3141 798 3200 responso
813 3126 896 3183 dilie-
951 3119 1046 3188 m²¹850
1067 3118 1201 3175 flbbfflffi
1233 3119 1390 3193 e“liniris
1417 3121 1593 3193 pertinacius
1620 3123 1773 3191 issiisslliret
1851 3120 1854 3125 ¹

74 3213 172 3271 rebat:
199 3213 324 3285 optimos
345 3211 436 3271 luisse
460 3214 695 3289 archiepiscopos
719 3232 795 3289 quos
814 3220 897 3288 pater
950 3203 1773 3285 alterquiRomaepapeprohibitionemaudisset‚prorsua
1835 3218 1839 3225 ’

74 3300 220 3373 fraterque
236 3301 404 3368 misisaeul;
421 3318 452 3358 se
468 3301 573 3360 uullea
589 3309 743 3374 parentum
759 3303 896 3363 felicitate
949 3291 1087 3352 abnuere.
1112 3295 1291 3370 Quapropter
1305 3296 1421 3354 &bbilfss
1445 3297 1544 3357 lilim
1565 3299 1701 3373 dudulim
1718 3315 1771 3373 ap·

73 3389 258 3462 degenerare.
275 3389 413 3456 Quocirca
433 3405 537 3462 magno
559 3391 701 3449 scrutinio
716 3392 821 3449 debere
835 3392 896 3466 agi·
950 3383 1064 3456 pulsus,
1084 3385 1255 3445 ῢῖΐῦῦῑῑίθῠθ
1273 3387 1465 3457 abbfllifll'umr
1481 3388 1511 3446 5⁰
1536 3389 1641 3461 quibus
1663 3391 1729 3449 Vllffi
1742 3395 1773 3448 Οἱ

73 3479 129 3535 tari
141 3477 306 3549 consilium,
323 3486 353 3535 ut
363 3493 430 3535 eum
445 3484 564 3550 poneret
579 3479 829 3554 archiepiscopum
845 3481 895 3554 qul
948 3474 1222 3533 sermocinationum
1230 3477 1776 3553 meritogratiosesuscipiebalur,mul·

73 3567 117 3624 vel
132 3568 222 3639 aquis
233 3566 368 3638 passibus
383 3567 524 3624 virtutum
536 3573 735 3627 antecessores
750 3588 819 3628 suos
829 3588 896 3629 ceu·
948 3567 1013 3619 tum
1028 3568 1143 3637 tempus
1157 3567 1248 3623 θΙΰῦῑῑ
1269 3575 1296 3623 ⁸¹
1311 3567 1448 3640 Pflfdldst·
1470 3566 1527 3626 Nec
1546 3569 1625 3627 euim
1648 3571 1685 3627 ad
1700 3571 1771 3629 Νθῑ·

72 3661 255 3727 sequeretur,
263 3654 746 3730 velemulareturprcrimis.ialia
756 3675 896 3732 responsa
949 3650 1099 3709 masmim
1113 3653 1148 3710 fid
1164 3653 1323 3713 liebertum
1337 3657 1588 3728 redimiudlssssbil
1598 3658 1771 3732 inditum·

69 3744 245 3803 ridebantur
261 3743 346 3817 plena
358 3743 433 3815 juris
447 3748 476 3801 et
490 3745 577 3817 equi,
590 3750 618 3803 et
632 3754 712 3803 erant
727 3746 822 3820 plane.
840 3748 893 3806 uin
949 3739 1025 3813 quod
1040 3746 1116 3798 esset
1131 3741 1179 3799 illa
1199 3745 1332 3801 omnium
1349 3744 1513 3802 ioedltatum
1532 3749 1561 3802 et
1583 3746 1771 3819 iniquitatum

69 3851 137 3907 ergo
153 3833 338 3906 multumque
352 3833 458 3890 librato
477 3834 599 3891 consilio
618 3835 774 3893 concilium
791 3837 894 3895 Wind·
948 3829 1108 3887 lilllsslmllfl
1122 3847 1237 3905 surges·
1265 3831 1322 3891 Neo
1345 3848 1413 3890 vero
1428 3833 1536 3892 alicubi
1551 3835 1581 3892 ln
1600 3835 1705 3910 Anglia
1720 3838 1771 3896 dlu

69 3923 173 3981 lescris
197 3922 302 3996 coegit,
326 3939 471 3981 summam
492 3938 610 3980 manum
636 3926 751 3998 negotio
774 3926 895 4000 imposi.
948 3919 1043 3976 lovere
1055 3919 1215 3993 hospitium
1231 3922 1352 3994 putabat
1367 3923 1533 3994 honestum,
1548 3940 1584 3982 ne
1598 3923 1773 3999 importuni·

68 4016 161 4069 turus.
189 4015 314 4084 Eratque
335 4011 443 4068 mentis
469 4011 661 4084 propositum,
686 4016 719 4070 ut
738 4012 895 4088 eligeretur
947 4012 1005 4065 tate
1020 4026 1075 4067 sua
1088 4010 1295 4083 indigenarum
1314 4028 1453 4071 nauseam
1478 4014 1594 4073 irritare
1611 4016 1771 4075 rideretur.

68 4100 197 4157 Fericius
216 4100 307 4157 abbas
329 4100 575 4168 abandoniensis,
598 4103 642 4158 vir
665 4103 795 4175 ingentis
817 4105 893 4162 acri·
946 4099 1100 4157 Multitudo
1110 4099 1189 4157 enim
1204 4103 1590 4162 Normanuorumabbatum
1606 4111 1676 4162 tunc
1686 4107 1773 4167 iuun-

69 4191 184 4260 monia,
207 4194 236 4247 et
255 4190 379 4262 insignis
400 4189 551 4247 industria
573 4191 608 4247 ad
624 4207 657 4249 ea
678 4208 742 4265 que
757 4194 894 4268 coepisset
947 4188 1511 4264 daveratpreeinciarn,quimeditalcsin
1521 4197 1648 4266 patriast
1657 4197 1772 4253 exscul-

69 4278 222 4351 explenda.
243 4277 321 4334 Nihil
344 4288 441 4336 tamen
468 4280 498 4336 in
520 4279 734 4354 archiepiscopi
755 4282 894 4341 duntaxat
948 4285 1010 4349 ptos
1021 4293 1171 4336 sermones
1183 4279 1461 4354 inserebantenglls,
1473 4298 1553 4339 nuuc
1563 4282 1611 4340 hie
1622 4299 1700 4341 nuno
1711 4282 1772 4343 illie

69 4368 210 4426 electione
229 4373 294 4425 voto
316 4369 473 4442 indulgens
492 4387 554 4438 suo,
578 4370 609 4429 in
635 4388 790 4431 cornmune
814 4375 893 4431 aoht.
948 4364 1072 4423 aliorum
1085 4366 1234 4439 impendio
1248 4367 1329 4425 lenta
1348 4376 1556 4428 consumentes
1568 4371 1645 4429 otia:
1660 4372 1772 4431 assueti

70 4458 160 4515 trium
186 4457 294 4514 retudit
318 4457 503 4515 electionem:
530 4461 608 4533 quod
628 4465 657 4518 et
679 4470 759 4534 tunc,
774 4471 800 4520 el
820 4464 894 4522 alias
948 4457 1098 4513 venditare
1112 4455 1239 4530 linguas,
1257 4457 1363 4516 laveris
1376 4459 1476 4516 venari
1490 4474 1587 4531 auras,
1602 4461 1676 4518 istas
1690 4460 1770 4518 lasti-

69 4546 180 4621 insigni
196 4547 373 4604 continentia
389 4549 492 4606 iecisse
505 4550 699 4623 dignoscitur,
716 4553 848 4626 ipsorum
864 4554 895 4612 in
947 4544 1100 4602 (illosum
1110 4550 1255 4618 quantum
1266 4547 1397 4604 modeste
1406 4552 1520 4618 poterat
1531 4547 1703 4622 liudulphus
1714 4549 1774 4605 evi·

70 4636 169 4693 divino
200 4635 335 4693 examine
367 4635 510 4709 intererit,
539 4654 598 4711 quo
627 4641 723 4699 animo
749 4642 894 4714 judicium
947 4636 1024 4701 ΜΒ,
1046 4634 1140 4706 ¹¹1⁸ssi⁵
1162 4635 1240 4691 illm
1260 4633 1510 4708 archiepiscopum
1536 4641 1771 4710 ⁰⁰¹²V⁰f³²⁰⁸i⁰¹o

70 4724 127 4782 sibi
163 4723 329 4797 delegatum
363 4723 577 4785 ventilaverint.
610 4728 692 4786 Tunc
725 4746 793 4804 ergo
825 4748 894 4790 cum
948 4723 1770 4796 euJ'usJamiudeabadolesceulialuissetsanctoiami·

69 4810 617 4883 exclericaliordinealiquemvellent,
630 4815 819 4874 reclamatum
832 4822 890 4879 est:
948 4812 1029 4870 liaris
1048 4813 1250 4871 contubernio.
1273 4814 1346 4872 iiine
1369 4816 1435 4888 fuit,
1451 4823 1484 4873 ut
1506 4816 1602 4887 illum,
1622 4817 1771 4877 Gundulio

69 4902 185 4959 nullum
202 4917 333 4973 unquam
349 4901 485 4959 clericum
500 4901 751 4977 archiepiscopum
766 4907 892 4964 Cantua·
947 4901 1075 4959 Rcliensi
1089 4903 1226 4976 episcopo
1236 4903 1373 4961 defuncto
1388 4906 1582 4979 subrogaret:
1597 4911 1718 4980 accepto
1732 4906 1770 4965 ab
1847 4907 1856 4921 “

70 4992 118 5048 rie
130 4992 217 5049 luisse
228 4996 332 5063 prater
342 5007 434 5049 unum
444 4990 629 5064 Stigandum,
650 4993 701 5065 qui
720 4997 750 5051 et
762 5000 893 5068 proterve
947 5006 979 5048 ec
995 4994 1078 5066 prius
1093 4992 1456 5066 homagicetsacrameuto
1468 4995 1582 5053 lidelam
1592 4997 1652 5053 iore
1662 4999 1770 5053 sancta

68 5079 234 5150 ingressus,
249 5084 278 5137 et
297 5079 383 5152 digne
402 5079 543 5153 expulsus
560 5080 656 5139 fuerit.
673 5083 737 5140 Non
757 5100 821 5141 esse
841 5100 891 5142 ne·
947 5078 1148 5140 Cautueriensi
1170 5082 1313 5142 lieclesie.
1342 5083 1516 5142 Imminente
1542 5084 1771 5143 consecrationis

69 5184 150 5226 cesse
164 5170 407 5228 consuetudinem
428 5174 515 5227 tante
536 5171 720 5245 antiquitatis
742 5174 892 5246 infatuari,
947 5170 1004 5241 die,
1025 5174 1194 5230 tusciarum
1218 5172 1322 5230 obnixe
1341 5172 1434 5230 Deum
1456 5191 1572 5248 rogasse
1591 5173 1771 5248 accepimus,

69 5258 229 5331 prasertim
245 5275 313 5316 cum
330 5265 432 5317 contra
453 5259 540 5316 iidem
560 5274 623 5319 esse
638 5278 695 5320 non
715 5268 815 5337 posset
828 5280 894 5338 pro·
948 5268 978 5318 ut
992 5264 1062 5334 quia
1080 5260 1269 5334 hadulphum
1293 5263 1429 5334 elegisset
1448 5265 1629 5337 episcopum,
1645 5266 1703 5322 tale
1725 5263 1771 5323 illi
1868 5292 1870 5300 ·

70 5346 143 5404 bari.
159 5346 218 5402 lice
237 5346 342 5419 deiecti
357 5349 491 5420 consilio,
513 5350 710 5424 habentesque
726 5358 894 5426 suspectum
948 5353 1134 5423 pronosticon
1149 5349 1343 5424 afferretque
1356 5353 1769 5426 suumiudiciurudivinevo·

70 5435 196 5508 rigorem
221 5435 336 5505 Fartcii,
362 5438 421 5495 bac
450 5439 608 5497 contulere.
633 5441 663 5498 Si
689 5441 895 5516 longobardas
946 5438 1052 5496 luetati
1069 5442 1246 5498 concordare
1265 5440 1414 5515 gauderet.
1430 5442 1532 5500 Adfuit
1545 5442 1673 5518 simplici
1688 5442 1769 5516 preci

69 5524 120 5584 ille
134 5523 224 5583 inerit
238 5524 484 5601 archiepiscopus,
505 5543 609 5588 rursus
623 5528 698 5602 lites,
715 5547 819 5592 rursus
835 5531 894 5590 dia·
948 5529 997 5606 pla
1011 5527 1160 5604 diviuitas,
1175 5536 1203 5589 et
1216 5529 1296 5588 hunc
1305 5544 1423 5591 sarsum
1437 5532 1587 5592 exhibuit:
1598 5553 1614 5585 κ
1625 5531 1717 5589 lirum
1726 5532 1768 5593 si·
