3750 6000
98 250 144 309 lib

679 243 857 303 EPISTOLAE
876 243 924 302 ΕΤ
946 245 1155 305 l’ltlvllsuln.

1692 262 1743 329 lau

98 376 206 450 poribus
220 375 250 429 in
264 389 316 430 sna
334 369 706 430 stalvilitaleaerrentur.‘Si
722 370 783 442 quis
797 378 888 426 autem
903 372 933 435 Α
949 388 1046 441 nuere,
1072 385 1119 429 sat
1134 378 1285 434 temerariis
1314 384 1502 443 vexationibus
1525 389 1665 468 latigare;
1694 401 1743 456 sed

99 467 174 536 bajas
201 473 304 520 nostrae
340 461 542 518 constitutionis
570 463 720 516 temerator
746 459 889 525 exstiterit,

100 553 314 626 indignationem
329 551 473 607 beatarum
487 548 672 620 apostolomm
687 547 761 604 Petri
775 557 800 603 et
817 547 891 603 Pauli

100 660 126 701 ta
139 643 248 700 noverit
260 642 449 698 incursurum.

129 733 189 804 Ego
202 731 378 787 Innocentius
391 728 534 785 catholicas
548 725 679 784 Ecclesia
693 723 852 797 episcopus.

129 814 200 868 [tata
213 811 360 868 Placentiae
373 825 394 867 u
407 809 503 865 Nonas
517 807 690 864 Novembris.

445 908 544 964 CXXII

100 1010 140 1067 lld
156 1007 336 1079 (laufredum
352 1008 554 1064 carnotensem
568 1009 598 1062 et
616 1003 792 1076 Stephanum
807 1003 891 1058 Pari-

128 1100 457 1171 ricnm,eplseopcs.-
469 1093 718 1153 vesuntionensi
732 1088 892 1148 subdecano

123 1200 156 1240 ac
165 1183 250 1240 suns
264 1182 383 1238 honores
397 1184 425 1236 et
441 1179 512 1235 bona
525 1179 621 1234 abluta
635 1176 750 1233 restitui
764 1178 890 1247 stagnat.

324 1271 414 1340 (Anno
429 1270 509 1333 llas,
524 1267 599 1322 Nor.
618 1266 664 1335 li.)

279 1358 390 1432 [hansa.
409 1358 534 1419 concil„
549 1355 615 1410 xxl
629 1354 704 1426 toll

127 1460 320 1514 insonamus
333 1456 593 1527 episcopusservus
607 1469 749 1510 servorum
765 1451 825 1514 Dei,
841 1468 890 1509 ve-

95 1548 253 1604 nerabilitas
271 1544 402 1601 iratribus
417 1543 567 1599 Gauramo
583 1542 760 1606 Carnotensi,
776 1550 889 1611 aposto-

95 1637 150 1694 lice
163 1637 241 1692 sedis
255 1635 357 1706 legato,
365 1643 392 1689 et
405 1633 553 1689 Srsraaao
568 1631 727 1697 Parisiensi,
740 1630 888 1702 episeopis,

95 1727 208 1783 salutem
224 1734 250 1781 et
265 1724 443 1795 apostolicam
459 1721 685 1777 benedictionem.

125 1812 210 1867 Pront
224 1809 300 1865 novit
323 1816 416 1863 vestr-a
441 1805 606 1871 laetemitas,
622 1806 719 1860 damna
735 1812 761 1861 et
775 1805 889 1875 injurias

93 1900 198 1957 dilectis
216 1897 280 1953 filiis
294 1896 396 1952 nostris
410 1894 615 1952 erchembaldo
625 1895 812 1950 Aurelianensi
825 1895 890 1950 sub·

94 1989 206 2051 decano,
222 1986 357 2057 magistro
380 1984 418 2039 G.
440 1993 466 2039 et
490 1998 587 2038 eornm
604 1984 686 2038 sociis
701 1983 847 2055 irrogatas,
864 1990 890 2039 et

93 2079 210 2133 bonores
225 2074 280 2130 sibi
293 2072 611 2137 ablatos,restitaendos,
627 2073 655 2126 in
670 2081 763 2128 vestro
777 2072 890 2128 arbitrio

93 2175 118 2223 et
129 2164 313 2222 estimatione
327 2162 481 2233 posuimus.
495 2160 576 2230 Quod
590 2162 653 2231 quia
666 2160 777 2217 minime
790 2161 890 2234 imple·

93 2266 145 2311 tum
167 2270 232 2311 esse
250 2251 419 2324 accepimus,
444 2250 582 2306 dilectioni
605 2257 704 2306 vestre
728 2250 890 2305 mandamus

92 2351 169 2416 atque
191 2342 380 2415 precipimus,
395 2349 425 2396 ut
443 2339 672 2409 quemadmodum
699 2339 768 2395 bene
784 2340 896 2395 inchoa·

92 2433 148 2502 stis,
162 2433 189 2488 in
204 2431 323 2487 nomine
338 2428 447 2486 Domim
461 2428 625 2500 procedatis,
639 2436 665 2484 et
679 2429 804 2485 eamdem
820 2444 888 2486 cau·

93 2536 148 2576 nm
161 2519 271 2576 effectui
287 2518 466 2589 mancipetis.

124 2609 224 2665 Mum
240 2607 387 2665 Placentiae
401 2606 488 2662 Nonis
501 2605 678 2662 Nouembris.

422 2704 550 2760 cxxllt.

91 2803 275 2875 &mugiunt
288 2817 341 2875 pro
351 2801 477 2858 Ecclesia
487 2800 514 2856 S.
525 2800 588 2857 llrsi
597 2799 785 2872 lupuslensr's
796 2800 886 2873 (prou.

413 2888 574 2961 forantur).

310 2989 398 3060 (Anno
415 2989 493 3052 ilbi,
508 2986 582 3041 Nor.
605 2986 669 3059 lo.)

945 461 1036 516 omnia
1053 463 1161 536 integra
1186 479 1382 527 conserventur
1403 476 1569 547 regularium
1595 487 1743 544 canonico-

946 566 1005 604 rum
1022 551 1117 608 usibus
1131 553 1158 608 in
1173 567 1337 628 perpetuum
1351 561 1506 632 prolatura.
1527 566 1559 623 Si
1575 572 1637 641 qais
1650 586 1742 634 autem

947 638 1010 695 huic
1024 654 1126 698 nostre
1140 646 1327 703 constitutioni
1345 654 1492 710 temerario
1514 672 1581 714 ausu
1606 666 1744 724 contraire

946 731 1231 793 tentaverit,secuado
1240 737 1355 794 tertiove
1365 745 1555 815 commanitus,
1563 748 1586 803 si
1594 765 1648 806 non
1663 755 1743 812 salis·

946 815 1064 873 lectione
1080 834 1203 889 congrua
1219 826 1404 884 emendaverit
1419 836 1563 901 potestatis
1577 837 1745 916 honorisque

946 904 988 959 sai
1014 906 1149 979 dignitate
1164 922 1263 982 careat,
1282 923 1363 987 alque
1386 922 1529 979 sententie
1550 934 1743 989 excommuni-

946 993 1061 1050 cationis
1086 996 1240 1067 snbjaceat.
1273 1003 1478 1065 Conservantes
1506 1020 1596 1071 autem
1619 1021 1743 1093 omnipo·

946 1083 1027 1138 tentis
1043 1083 1090 1140 Dei
1116 1088 1234 1158 gratiam
1250 1099 1277 1146 et
1299 1102 1408 1153 aterne
1422 1098 1485 1154 vile
1507 1105 1620 1172 praemia
1642 1125 1743 1169 conse-

946 1179 1073 1243 quantur.

982 1261 1041 1332 Ego
1065 1263 1237 1323 Innocentius
1265 1270 1410 1331 Catholicae
1436 1276 1568 1336 Ecclesia
1596 1284 1744 1361 episeopus

944 1349 1107 1421 subscripsi.

981 1438 1080 1493 Datum
1096 1441 1239 1501 Placentiae
1253 1460 1305 1502 sur
1320 1447 1458 1509 Kalendas
1478 1455 1649 1531 Decembris,
1670 1463 1742 1522 iadi-

945 1525 1035 1583 ctione
1050 1545 1077 1592 x,
1093 1531 1291 1590 luminationis
1306 1537 1452 1598 dominice
1467 1558 1540 1602 anno
1554 1550 1631 1618 tlte,
1647 1556 1741 1625 ponti-

945 1614 1042 1672 ficatus
1057 1617 1154 1675 Domni
1170 1622 1319 1680 innocentii
1334 1644 1411 1700 pape
1426 1631 1450 1686 ll
1464 1648 1534 1692 anno
1550 1652 1589 1693 ru.

1280 1741 1403 1797 CXXIV.

944 1828 985 1885 lc
994 1832 1111 1887 Petrum
1126 1835 1315 1894 Venerabile-m
1333 1841 1547 1904 cluniacensem
1563 1852 1741 1911 abluunt.-

979 1919 1025 1975 SS.
1045 1923 1168 1979 Facundi
1183 1929 1211 1980 et
1225 1928 1371 1986 Primitial
1386 1935 1417 1988 in
1434 1934 1570 2008 Hispania
1585 1945 1741 2004 cenobium

979 2010 1153 2067 conceditur.

1167 2110 1257 2181 (huno
1271 2115 1352 2179 llas,
1369 2118 1437 2177 Dec.
1459 2122 1522 2194 la.)

1121 2197 1232 2271 [blanca
1251 2201 1368 2274 Concil,
1386 2209 1463 2274 xxi,
1480 2212 1561 2284 lla]

980 2293 1169 2350 tsaocsanus
1195 2298 1352 2371 episcopus,
1382 2320 1479 2361 servas
1507 2324 1649 2367 servorum
1677 2315 1738 2383 Dei,

943 2379 1045 2436 dilecto
1066 2384 1161 2438 l‘crno
1189 2386 1363 2444 cluniacensi
1384 2392 1486 2461 abbati,
1503 2396 1617 2469 ejusque
1632 2418 1742 2461 succes·

942 2470 1051 2527 scribas
1066 2474 1230 2544 regulariter
1244 2478 1449 2547 substituendis,
1465 2483 1492 2538 in
1507 2496 1682 2557 perpetuam.

978 2561 1074 2633 ignem
1089 2563 1162 2617 venit
1186 2565 1318 2621 Dominus
1333 2568 1440 2626 mittere
1455 2571 1482 2627 in
1507 2582 1618 2644 terram,
1634 2587 1662 2635 et
1685 2581 1742 2638 vult

942 2649 971 2701 ul
987 2647 1093 2703 ardeat.
1110 2647 1180 2718 Quia
1193 2667 1261 2724 ergo
1273 2657 1395 2725 gratuita
1412 2656 1461 2712 Dei
1476 2658 1607 2718 beneficia
1629 2681 1740 2724 sacram

943 2735 1122 2793 Cluniacense
1144 2740 1291 2814 collegium
1308 2760 1368 2801 sue
1390 2746 1553 2806 visitationis
1572 2755 1659 2825 gratia
1675 2756 1740 2814 illu·

941 2822 1046 2890 stravit,
1065 2823 1156 2895 ignem
1172 2826 1199 2879 in
1215 2842 1248 2882 eo
1270 2829 1411 2886 charitatis
1428 2836 1562 2901 accendit,
1579 2845 1607 2893 et
1620 2839 1741 2899 discreta

941 2909 1082 2982 religionis
1096 2914 1247 2971 humilitale
1270 2918 1411 2988 pertudit:
1432 2924 1581 2994 aequissimi
1597 2927 1672 2997 juris
1686 2939 1739 3001 est,

940 3006 968 3052 al
984 3000 1057 3070 quod
1072 3004 1158 3073 gralia
1169 3004 1275 3075 accipit,
1292 3005 1422 3063 fratribus
1443 3011 1629 3085 indigentibus
1641 3018 1740 3078 devote

89 3086 229 3161 [name
242 3084 355 3144 Patrioe
369 3087 559 3151 documenta,
575 3085 689 3151 Chartae,
699 3084 720 3138 l.
732 3101 759 3156 p.
776 3087 837 3152 769,
855 3100 887 3141 ex
903 3078 928 3142 C
942 3088 1091 3158 impendat,
1113 3089 1205 3161 lapsos
1230 3093 1345 3161 relevet,
1372 3098 1480 3168 tepidos
1503 3103 1611 3170 excitet,
1638 3116 1663 3162 el
1686 3109 1739 3179 pia

158 3177 266 3234 archiv.
283 3175 421 3247 collegiat.
437 3174 466 3230 S.
482 3174 544 3231 Ursi
560 3173 675 3229 d’Aosta
688 3172 735 3245 (L.
751 3172 825 3247 C.)]

124 3275 304 3330 insensatas
332 3271 492 3343 episcopas,
523 3287 619 3327 servus
651 3287 796 3327 servorum
825 3270 884 3340 Dei,

91 3363 241 3419 venerabili
277 3361 358 3418 fratri
386 3361 538 3416 hasenaro
566 3360 730 3431 tagastensi
757 3359 887 3431 episcopo

92 3452 200 3524 ejusqm
224 3449 435 3508 successoribus
464 3448 596 3506 canonice
626 3448 830 3516 substituendis,
859 3448 887 3504 in

91 3550 260 3613 perpetuam.

126 3629 293 3702 hpostolioae
307 3627 381 3685 sedis
395 3626 574 3684 moderamini
589 3626 716 3700 coagruit
738 3626 886 3701 religioso-

95 3733 149 3774 rum
172 3721 294 3776 viroram
321 3717 467 3774 desideriis
491 3716 639 3772 elementer
661 3732 793 3780 annuere,
814 3723 888 3772 etat

97 3815 197 3878 gratum
210 3808 269 3864 Deo
289 3806 438 3877 suscipiant
457 3806 658 3863 incrementum
673 3821 753 3859 suam
772 3804 812 3860 eis
827 3803 886 3860 sul-

99 3894 205 3968 lrtgium
234 3895 380 3967 impertiri.
409 3894 475 3950 Tuis
503 3893 594 3967 igitar,
611 3891 696 3948 frater
720 3892 887 3949 venerabilis

99 3984 222 4040 herberte
232 3986 373 4056 episcope,
382 3981 615 4055 postulationibus
629 3991 790 4051 annuentes,
798 3983 887 4038 eccle-

100 4072 156 4127 aiam
172 4073 266 4129 Sancti
279 4073 343 4129 Ursi
359 4089 420 4145 qaae
433 4072 462 4127 in
484 4071 664 4144 tagastensis
677 4070 794 4127 civitatis
818 4071 886 4125 sub·

99 4161 167 4219 arbio
186 4163 236 4217 sita
252 4168 303 4227 est,
319 4160 414 4231 scripti
435 4161 524 4216 nostri
545 4161 646 4231 pagina
669 4160 882 4215 communimus.

100 4248 237 4306 statuimus
258 4251 330 4306 enim
351 4256 390 4317 ut,
403 4250 483 4319 juxta
497 4258 591 4304 votum
609 4256 729 4304 tuamet
744 4247 887 4303 collauda·

101 4337 190 4395 ionem
205 4349 231 4395 et
246 4354 387 4395 assensum
412 4338 527 4393 lrstrum
547 4345 667 4405 luorum,
683 4336 808 4392 videlicet
833 4338 887 4392 Bo-

941 3177 1082 3250 religiouis
1093 3179 1196 3246 radios,
1209 3189 1236 3236 et
1250 3181 1322 3238 bene
1337 3185 1395 3241 Deo
1409 3186 1541 3257 placeatis
1555 3197 1740 3254 conversatio·

941 3265 984 3319 ais
999 3266 1123 3331 odorem,
1139 3267 1264 3323 diversas
1285 3271 1378 3327 maadi
1393 3273 1555 3334 illustrando
1568 3281 1738 3352 provincias,

941 3352 1023 3425 longe
1038 3355 1146 3425 lateque
1160 3357 1334 3414 translundat
1350 3378 1356 3415 :
1373 3370 1400 3418 et
1414 3362 1454 3419 sic
1467 3379 1544 3421 amor
1557 3375 1584 3424 et
1598 3370 1685 3442 gloria
1698 3374 1740 3430 di·

941 3442 999 3498 vini
1011 3444 1110 3510 cultas,
1121 3462 1181 3517 quae
1189 3448 1312 3518 copiose,
1322 3449 1380 3505 Deo
1388 3452 1505 3523 gratias,
1518 3455 1620 3529 vigent,
1637 3460 1665 3515 in
1674 3462 1739 3531 vita,

940 3547 992 3604 per
1006 3542 1123 3589 vestram
1134 3535 1398 3594 administrationem
1415 3542 1473 3598 Deo
1488 3553 1565 3616 grata
1580 3553 1609 3603 et
1622 3547 1739 3609 lecuada

941 3622 1065 3678 abertate
1086 3624 1307 3696 multiplacentur
1325 3626 1351 3682 in
1371 3632 1522 3703 propagine
1544 3635 1739 3698 Monasterium

941 3725 1009 3782 ergo
1031 3710 1086 3766 SS.
1106 3721 1254 3783 martyrum
1280 3715 1400 3773 Facundi
1423 3729 1449 3774 et
1463 3721 1606 3792 Primitivi,
1620 3728 1696 3799 qaod
1709 3729 1739 3787 in

941 3799 1133 3868 Hispaniarum
1149 3803 1271 3872 partibus
1286 3805 1367 3860 sitam
1388 3816 1442 3878 est,
1459 3818 1486 3865 et
1505 3812 1598 3879 adjus
1624 3816 1654 3873 n.
1670 3818 1741 3876 Petri

941 3894 1049 3944 constat
1064 3889 1220 3958 specialiter
1234 3893 1385 3962 pertinere,
1396 3897 1441 3967 qui
1456 3899 1623 3974 areligionis
1637 3904 1737 3978 nitore,

942 3982 969 4030 et
983 3976 1173 4046 temporalium
1200 3994 1292 4033 rerum
1315 3982 1463 4052 opulentia,
1487 3988 1586 4056 quibus
1616 3993 1740 4062 pristinis

941 4064 1111 4135 temporibus
1120 4063 1282 4133 effloruerat,
1291 4069 1363 4124 ande
1377 4071 1459 4128 valde
1473 4072 1609 4145 dolemus,
1618 4083 1740 4149 peccatis

941 4154 1112 4226 erigentibus
1127 4155 1250 4210 excidit.-
1264 4173 1325 4222 nos,
1341 4174 1456 4229 quoram
1468 4165 1610 4235 precipue
1625 4168 1741 4226 interest

941 4243 969 4297 in
982 4244 1123 4316 antiquam
1148 4260 1279 4301 revocare
1299 4246 1412 4303 illustris
1427 4247 1473 4304 filii
1495 4253 1580 4308 nostri
1599 4256 1741 4317 aldetonsi

942 4333 1133 4403 Hispanariam
1150 4334 1225 4406 regis
1240 4343 1305 4390 vola
1320 4336 1481 4395 clementias
1492 4341 1676 4413 admittentes,
1692 4364 1740 4404 re·

100 4427 164 4483 souis
189 4428 343 4501 prepositi,
374 4427 507 4498 Stephani
523 4425 720 4490 archidiaconi,
749 4440 782 4482 ac
804 4427 928 4498 totiusl)
943 4417 990 4472 llis
1014 4418 1240 4489 postulationibus
1269 4419 1444 4492 impertimur
1470 4441 1626 4485 assensum.
1654 4431 1741 4504 lgitnr

101 4518 210 4588 capituli,
222 4517 295 4574 ordo
316 4517 466 4573 canonicas
480 4516 507 4571 in
530 4516 628 4572 eadem
642 4514 767 4572 Ecclesia
791 4514 888 4570 lutaris

100 4607 258 4678 temporibus
285 4605 479 4663 inviolabiliter
491 4614 681 4672 conservetur,
702 4613 782 4676 atque
806 4605 887 4661 dece·

99 4693 217 4751 dentibus
250 4695 402 4761 canonicis,
436 4695 481 4766 qui
513 4694 614 4750 ibidem
648 4693 887 4764 inpresentiarum

98 4799 202 4842 aauere
219 4791 376 4852 nosmntar,
394 4782 486 4838 nullus
509 4783 549 4839 eis
574 4782 625 4838 nisi
640 4782 720 4839 vitam
742 4782 887 4853 professus

96 4878 247 4932 unonieam
262 4874 442 4946 subrogetur.
458 4869 634 4944 Quaecunque
647 4880 783 4942 praeterea
805 4871 886 4938 bona,

96 4977 137 5019 tea
152 4961 344 5036 possessiones
358 4961 555 5032 prenominata
574 4959 697 5016 Ecclesia
715 4959 744 5014 in
758 4959 888 5031 presenti

93 5051 238 5109 indictione
261 5051 368 5107 decima
387 5050 464 5121 juste
485 5057 512 5105 et
526 5049 648 5121 legitime
662 5049 846 5120 possiderant
860 5048 887 5103 in

92 5144 205 5197 totamm
224 5139 405 5198 concessione
420 5139 588 5210 pontificum,
604 5137 739 5194 oblatione
754 5137 886 5202 lidelium,

91 5245 136 5287 teu
159 5230 222 5287 aliis
239 5230 321 5301 justis
341 5229 441 5294 modis,
465 5236 615 5300 prestante
639 5227 765 5296 Domino,
788 5226 888 5298 poterit

90 5320 202 5392 adipisci
217 5318 298 5375 lirms
308 5318 437 5375 iratribus
451 5317 479 5373 in
494 5333 527 5373 ea
540 5316 708 5389 regulariter
722 5316 886 5382 viventibus,

89 5417 115 5465 at
125 5409 229 5466 illibata
240 5415 433 5481 persuadeant.
447 5407 521 5462 Nulli
535 5421 602 5479 ergo
619 5406 731 5461 omnino
745 5405 886 5462 bominum

87 5496 166 5557 liceat
188 5499 334 5571 praelatam
352 5496 501 5558 Ecclesiam
523 5504 626 5552 temere
649 5495 812 5566 perturbare
840 5503 887 5551 aut

86 5588 145 5661 ejas
158 5588 340 5662 possesiones
353 5585 470 5656 aulerre,
487 5600 536 5642 ver
557 5584 665 5641 ablatas
679 5584 806 5652 retinere,
829 5583 884 5640 mi-

941 4505 1032 4563 locum
1056 4507 1145 4578 ipsam
1169 4524 1234 4564 cum
1258 4509 1314 4565 sais
1337 4512 1464 4568 omnibus
1483 4516 1656 4587 pertinentiis
1678 4521 1738 4592 tibi,

941 4594 1040 4652 dilecte
1054 4596 1081 4651 in
1097 4597 1213 4653 Domino
1222 4596 1259 4652 fili
1277 4599 1353 4656 Petre
1363 4601 1460 4669 abbas,
1474 4604 1583 4678 turisque
1593 4624 1740 4667 successo-

941 4683 1026 4752 ribus,
1052 4684 1129 4741 salvo
1150 4687 1275 4742 nimimm
1299 4688 1328 4742 Β.
1347 4689 1418 4746 Petri
1437 4706 1521 4748 ceusu
1544 4709 1643 4766 annuo,
1665 4705 1693 4754 et
1707 4699 1738 4758 S.

942 4773 974 4827 B.
996 4775 1027 4827 E.
1044 4773 1072 4827 in
1086 4775 1213 4830 omnibus
1237 4775 1333 4831 debila
1351 4777 1458 4846 justitia
1472 4788 1498 4835 el
1521 4784 1686 4850 reverentia,
1703 4787 1740 4845 ad

942 4860 1164 4918 reformationem
1192 4863 1344 4935 religionis,
1374 4873 1401 4921 et
1428 4882 1519 4922 rerum
1547 4873 1740 4942 temporalium

942 4950 1154 5018 incremenlum,
1168 4968 1203 5007 ex
1218 4952 1374 5022 apostolice
1388 4955 1462 5010 sedis
1478 4955 1646 5030 benignitate
1660 4978 1739 5021 com·

943 5039 1085 5097 mittimus.
1106 5042 1202 5095 Vestra
1216 5041 1316 5111 itaque,
1331 5041 1485 5098 charissimi
1507 5043 1565 5115 lilii,
1581 5048 1697 5109 interest
1711 5063 1741 5113 nt

942 5152 1004 5209 ope,
1022 5147 1048 5195 et
1062 5139 1186 5204 consilio,
1196 5138 1483 5211 vestraqaeinstantia,
1493 5143 1590 5218 religio
1603 5147 1631 5204 io
1640 5150 1741 5209 eodem

942 5227 1106 5283 monasterio
1121 5227 1299 5293 reformetur,
1314 5236 1341 5284 et
1355 5236 1411 5284 tam
1426 5229 1453 5285 in
1467 5230 1645 5294 interioribus
1654 5256 1740 5310 quam

941 5316 968 5371 in
984 5317 1164 5372 exterioribus
1182 5315 1257 5371 locas
1272 5317 1331 5387 ipse
1354 5318 1390 5373 ad
1409 5327 1509 5377 statum
1526 5331 1552 5379 et
1576 5325 1739 5398 dignitatem

940 5405 1082 5477 pristinam
1096 5405 1243 5461 auxiliante
1258 5406 1374 5463 Domino
1389 5408 1545 5467 reducatur.

974 5496 1044 5635 5⁸⁰·
1060 5495 1234 5590 lanocentias
1257 5495 1404 5554 Catholicae
1424 5499 1558 5559 melasio
1579 5501 1737 5580 episcopias,

939 5598 970 5637 su
992 5597 1099 5652 serrpsr.
