3750 6000
65 247 140 308 rear
549 245 600 306 na
621 244 756 307 ousrrs
778 240 936 307 ronuta.
962 242 1220 309 suun-ura.
1243 246 1283 307 11.
1687 249 1765 311 reta
1858 200 1862 207 ¹

62 380 191 455 Osgitha
201 379 229 435 in
241 378 389 436 miraculis
403 379 521 437 lamosa
534 379 795 453 virginisrequiea:
808 380 886 438 hunc
902 385 926 448 Α
941 380 1122 437 cousuetudo
1133 380 1303 437 retraheret.
1315 377 1473 450 Hujusloci
1484 380 1539 438 luit
1555 382 1668 455 primus
1688 383 1766 456 prior

62 471 170 528 virille
196 468 283 527 terris
311 468 468 540 aliquantis
491 476 519 526 et
542 468 728 541 regularibus
753 468 886 542 implevit
939 467 1350 540 wtttistmusdccorbuthui
1367 467 1505 527 defuncto
1521 471 1675 547 Radulpho
1690 477 1766 530 Can-

62 558 222 618 canonicis.
244 559 335 614 Erant
349 557 388 615 ibi
409 561 438 615 et
465 561 536 614 sunt
550 558 646 615 clerici
662 558 826 616 litteratura
839 558 885 616 in·
940 558 1039 615 taurin
1054 558 1274 633 archiepiscopo
1286 559 1316 615 in
1332 556 1417 615 illum
1429 556 1570 617 honoram
1585 566 1701 621 evectus
1711 571 1765 623 eet.

61 650 161 724 signes
171 666 333 723 eorumque
347 649 479 721 exemplo
498 647 566 707 talis
584 649 704 706 habitus
718 648 885 717 bominum,
940 649 1040 716 Quem,
1064 650 1199 721 quamvis
1223 648 1357 706 monachi
1378 647 1575 721 trepidassent
1603 654 1765 727 suscipere,

60 738 137 810 leta,
153 745 188 797 ut
201 741 241 796 ita
270 740 379 809 dicam,
393 741 483 795 totam
504 738 629 811 patriam
658 738 775 797 vestivit
789 754 884 811 seges.
940 739 1018 810 quod
1029 739 1251 809 essetolericus,
1265 743 1363 795 tamen
1379 738 1453 794 nihil
1470 738 1671 812 poenitendum
1688 742 1766 802 lecit.

61 826 608 901 Meditabaturqueipsedepositisolim
619 827 885 886 involucrismundl
940 831 1008 885 Erat
1021 827 1100 885 enirn
1116 828 1266 900 religionis
1281 827 1390 894 multe,
1415 828 1596 888 affabilitatis
1615 830 1765 889 nonnulla

61 932 96 974 ec
109 917 247 989 transire,
262 915 425 989 presertim
443 916 535 990 longa
546 917 688 992 paralysis
703 918 771 976 tabe
784 919 885 976 admo·
939 923 1074 976 ceterum
1090 934 1143 976 nec
1158 917 1249 986 iners,
1264 934 1317 976 nec
1329 918 1514 991 imprudens.

62 1006 156 1076 nitus,
171 1006 194 1063 si
221 1023 278 1064 non
294 1022 403 1079 agrum
421 1005 566 1063 illecebris
583 1006 715 1064 animum
732 1007 885 1081 potestatis

373 1218 421 1274 DE
439 1218 623 1276 EPISCOPIS
646 1216 893 1276 otuuttratttttt
911 1218 1113 1279 tuutottttttt
1132 1220 1179 1276 ΕΤ
1199 1219 1448 1277 MONASl'liltllS.

96 1345 214 1402 Primus
234 1343 422 1401 orientalium
455 1344 610 1418 episcopua
640 1345 801 1418 Anglorum
832 1343 886 1402 luit
941 1348 1040 1402 tamen
1051 1345 1248 1419 episcopatus,
1258 1349 1331 1403 etex
1342 1345 1457 1402 duobus
1468 1361 1546 1402 unus
1560 1344 1653 1402 lactus
1668 1345 1765 1403 sedem
1869 1328 1873 1335 ⁵

61 1434 151 1502 Felix,
170 1435 346 1505 Burguudus
365 1434 493 1502 natibus,
509 1434 559 1508 qul
582 1434 732 1507 Sigeberto
746 1433 776 1490 in
791 1432 885 1490 Gallia
940 1435 1018 1506 apud
1032 1434 1203 1492 Helmabam
1219 1433 1317 1491 villam
1334 1450 1392 1491 non
1408 1434 1480 1491 adeo
1496 1449 1630 1507 magnam
1642 1433 1764 1507 accepit.

60 1522 203 1580 exsulanti
223 1522 375 1580 familiaris
388 1522 518 1590 allectus,
536 1520 672 1594 Angliam
694 1537 762 1579 cum
782 1521 884 1579 ecdem
939 1526 1065 1579 Fuerunt
1079 1539 1148 1595 argo
1165 1523 1194 1578 bi
1210 1523 1372 1596 pontifices.

60 1617 260 1686 postmortem
281 1611 548 1687 Eorpwaldivenit.
563 1612 673 1686 Illoque
687 1628 884 1686 regnumpre·
974 1611 1087 1680 Atbull,
1105 1610 1241 1681 affricus,
1262 1611 1320 1668 duo
1348 1611 1521 1680 theodredi,
1544 1612 1763 1683 Athselstanus,

59 1702 160 1760 vincia
188 1703 301 1770 sortito,
334 1704 490 1777 episcopus
518 1702 671 1761 ordinatus
703 1700 883 1759 animositati
937 1699 1072 1774 Algarus.
1095 1702 1133 1757 lie
1147 1700 1235 1757 istius
1257 1701 1413 1758 sanctitate
1427 1717 1485 1758 non
1502 1701 1658 1759 minimum
1686 1703 1764 1760 indi·
1832 1722 1835 1729 ·

59 1792 143 1864 regies
159 1808 217 1848 non
239 1792 342 1859 deluit,
362 1792 433 1863 quin
457 1792 570 1864 ingenti
585 1792 683 1848 studio
698 1795 728 1847 et
750 1789 882 1864 vigilanti
895 1780 921 1847 B
935 1789 1013 1846 cium
1027 1790 1109 1847 dedit
1119 1790 1244 1863 scriptor
1254 1791 1320 1847 vite
1332 1789 1507 1847 venerabilis
1518 1789 1595 1847 beati
1607 1790 1764 1859 liunstani,

58 1880 157 1938 labore
172 1881 224 1938 toti
235 1881 347 1954 regioni
358 1880 552 1937 Christianam
564 1880 766 1938 credulitatem
782 1880 880 1937 inlun-
937 1879 1014 1952 quod
1032 1878 1078 1934 bic
1101 1879 1234 1950 ejusdem
1265 1879 1362 1936 verbis
1386 1895 1542 1952 apponam.
1560 1880 1636 1950 Dies,
1653 1880 1762 1953 inquit,

58 1971 147 2026 deret.
164 1968 284 2027 scholas
301 1985 418 2043 quoque
436 1969 599 2028 litterarum
614 1969 789 2043 opportunis
809 1969 882 2028 locis
935 1969 1123 2025 ascensionis
1150 1968 1257 2025 Christi
1285 1969 1408 2026 festivus
1435 1968 1515 2027 diem
1543 1968 1762 2029 clarificatlenls

58 2060 215 2117 instituens
230 2061 394 2117 barbariem
409 2061 502 2131 gentis
513 2060 623 2117 sensim
633 2059 768 2116 comitate
778 2057 882 2116 Latina
935 2057 1012 2114 beati
1027 2057 1171 2113 Dunetani
1183 2056 1331 2129 precessit
1346 2055 1460 2114 tertius.
1476 2057 1575 2112 Tanta
1591 2057 1690 2131 itaque
1702 2058 1760 2115 diei

58 2149 245 2206 informabat.
262 2154 388 2207 Decursa
401 2149 469 2206 vitae
495 2153 570 2207 meta
586 2153 654 2223 post
674 2149 879 2222 septemdecim
935 2151 1072 2218 surgente
1087 2162 1192 2203 aurora
1215 2146 1350 2203 sacerdos
1366 2145 1487 2219 quidam
1502 2146 1621 2204 nomine
1634 2145 1760 2221 Algarus

58 2255 151 2296 annos
166 2239 353 2313 episcopatus
368 2239 502 2311 sepultus
513 2243 558 2295 est
568 2238 598 2295 in
614 2240 723 2296 Domuc
733 2240 802 2295 sede
815 2255 879 2307 sua,
935 2238 1111 2294 doctrinnet
1126 2236 1248 2293 actionis
1265 2236 1369 2292 merito
1379 2235 1553 2309 precipuus,
1563 2252 1648 2309 quem
1660 2245 1761 2309 postea

58 2330 125 2385 inda
140 2330 302 2386 translatus
329 2328 407 2401 apud
423 2328 538 2398 scham,
560 2344 622 2401 quac
652 2335 694 2385 cst
717 2327 786 2384 uilla
796 2328 881 2400 juxta
935 2325 1064 2383 nobilem
1076 2326 1105 2382 in
1118 2324 1288 2382 llelmeham
1304 2326 1474 2399 episcopum
1490 2324 1630 2383 claruisse
1646 2326 1760 2400 accepi-

59 2423 206 2493 strgnum,
232 2419 309 2491 quod
338 2418 561 2476 volentibusire
587 2419 617 2474 in
646 2417 708 2474 Heli
732 2419 881 2491 quondam
935 2415 1384 2482 mus,dumsecrusllominicn
1404 2415 1573 2472 ascensioni
1592 2415 1760 2474 honoresin

58 2507 253 2580 periculosum
273 2505 407 2578 nauibus,
433 2522 509 2563 nunc
524 2507 599 2563 lacta
617 2506 661 2561 vla
679 2522 730 2576 per
752 2505 881 2578 palustre
934 2506 1222 2564 ecclesiatialvatorls
1236 2504 1357 2578 pervigil
1379 2505 1570 2577 impenderet,
1586 2512 1614 2563 et
1629 2510 1756 2563 menbm

57 2595 267 2654 arundinetum
296 2597 437 2653 transitur
464 2594 598 2670 pedibus.
624 2597 696 2652 Sunt
716 2595 756 2651 ibi
784 2594 880 2652 adbuc
935 2595 970 2650 ad
987 2593 1114 2652 coelestia
1134 2593 1359 2666 contemplanda
1381 2595 1558 2661 extenderet,
1580 2610 1612 2651 se
1635 2595 1700 2666 ipso
1727 2600 1757 2652 et

55 2687 166 2744 indicia
180 2687 281 2743 diruta
296 2690 325 2744 et
345 2704 363 2744 a
390 2685 480 2744 Danis
503 2687 631 2744 incensae
654 2685 793 2755 ecclesie,
814 2701 879 2758 que
935 2685 1073 2741 omnibus
1092 2684 1180 2755 hujus
1196 2684 1299 2740 mundi
1315 2685 1401 2740 rebus
1416 2683 1606 2752 transcensis,
1629 2683 1757 2740 Donata·

55 2775 97 2832 ibi
115 2776 291 2834 habitatores
305 2777 412 2850 pariter
436 2782 553 2833 exustos
568 2775 662 2833 ruinis
676 2775 791 2848 operuit
805 2773 879 2831 suis.
934 2789 1007 2829 num
1034 2772 1193 2846 pontificali
1208 2773 1313 2830 throno
1328 2773 1472 2845 conspicit
1496 2772 1712 2844 presidentem,
1728 2776 1758 2830 et

56 2866 167 2938 Corpus
181 2881 248 2922 vero
263 2865 357 2922 sancti
377 2865 469 2923 multo
486 2870 553 2938 post
568 2865 723 2938 quesitum
737 2870 765 2921 et
779 2879 879 2935 reper-
935 2862 1011 2919 clero
1023 2863 1092 2934 iura
1107 2861 1248 2920 canonica
1261 2861 1432 2919 dictantem.
1454 2861 1490 2917 st
1504 2877 1570 2918 ecce
1591 2879 1643 2934 per
1662 2861 1758 2918 omnia

57 2959 120 3011 tum
136 2955 166 3010 in
182 2955 368 3013 liameeicnsi
383 2955 525 3025 coenobio,
541 2955 576 3012 de
600 2971 658 3028 quo
673 2953 819 3027 posterius
834 2951 880 3008 di·
934 2952 1061 3010 ecclesie
1078 2954 1186 3025 januas
1201 2951 1375 3008 irruentium
1396 2950 1567 3024 angelorum
1583 2951 1698 3008 infinita
1713 2951 1758 3008 in·

55 3047 149 3110 cetur,
165 3043 319 3103 humatum
335 3048 389 3101 est.
934 3042 1107 3114 gradiuntur
1122 3042 1251 3114 agmina.
1268 3040 1323 3107 Qui
1338 3040 1408 3097 dum
1419 3042 1525 3097 coactis
1542 3040 1696 3097 ordinibus
1711 3057 1759 3099 ae-

90 3134 126 3190 Et
140 3135 318 3191 substitutus
333 3138 379 3191 est
392 3134 516 3192 Thomas
527 3134 668 3192 diaconus
683 3149 757 3191 suus
768 3148 803 3189 ex
817 3095 915 3188 Gir·c
934 3130 1015 3188 denti
1030 3134 1160 3188 astarent
1175 3129 1304 3203 pontifici
1318 3130 1488 3201 hujusmodi
1504 3129 1548 3185 illi
1572 3128 1758 3187 salutationis

53 3222 167 3279 viarum
185 3223 332 3294 provincie
351 3223 502 3280 oriundus.
933 3219 1096 3293 alloquium
1126 3219 1332 3294 persolverunt.
1361 3219 1454 3286 Salve,
1474 3218 1624 3276 Dunstane
1648 3224 1755 3288 noster,

91 3311 181 3383 Cujus
192 3320 256 3382 post
269 3311 402 3384 quinque
416 3328 509 3368 annos
523 3312 652 3370 defuncti
664 3311 762 3368 sedem
777 3309 879 3382 imple·
933 3309 958 3365 si
968 3318 1088 3382 paratus
1102 3327 1144 3378 es,
1160 3309 1238 3378 veni,
1248 3312 1277 3366 et
1292 3313 1393 3366 nostro
1402 3309 1549 3381 gratiosus
1565 3307 1757 3365 contubernio

54 3399 98 3455 vit
113 3397 287 3469 Bonilacius,
308 3405 395 3470 gente
413 3400 594 3469 (lautumiis,
614 3401 776 3472 eodemque
789 3415 879 3456 anno-
933 3397 1755 3472 utere.Responditliunstanus,scitis,osanctispiritus,

55 3506 122 3545 rum
152 3503 285 3558 numero,
311 3505 369 3561 quo
385 3488 463 3545 Felix
488 3490 682 3562 predecessor
710 3506 793 3560 suus,
820 3488 879 3561 egit
933 3487 1018 3546 hodia
1041 3488 1188 3545 Christum
1213 3487 1388 3556 ascendisse,
1415 3487 1564 3560 nostrique
1583 3487 1672 3543 otllcii
1692 3501 1757 3543 esso

55 3577 197 3634 officium.
931 3582 992 3635 tam
1008 3578 1097 3635 verbo
1108 3594 1196 3649 qaam
1211 3585 1394 3634 sacramento
1407 3577 1543 3650 populum
1555 3577 1605 3633 lici
1622 3576 1755 3645 reticera;
1779 3574 1783 3581 “

92 3668 168 3723 Tum
179 3667 879 3740 BieivirvenerabiliusTheodoroarchiepiscopo
932 3667 1058 3739 ideoque
1078 3666 1164 3722 hodie
1193 3667 1292 3722 venire
1314 3681 1437 3739 nequeo.
1467 3666 1618 3734 Dixerunt,
1636 3668 1757 3736 paratus

55 3760 172 3814 creatus
186 3756 593 3828 episcopus,quoadvaletudo
616 3772 754 3829 prospera
769 3755 879 3827 permi-
933 3759 996 3813 esto
1011 3755 1059 3812 die
1086 3753 1204 3810 Sabbati
1227 3753 1295 3810 hinc
1310 3754 1462 3810 nobiscum
1483 3753 1606 3809 Romam
1621 3751 1757 3823 transire,

55 3845 292 3902 sitsinecrimine
303 3845 393 3903 vitam
404 3845 687 3902 duxit.Sedadverso
702 3845 804 3901 morbo
816 3860 879 3900 cor·
934 3848 963 3899 et
974 3849 1040 3899 ante
1054 3856 1207 3898 summurn
1226 3840 1394 3913 pontificem
1410 3844 1529 3896 sanctus
1541 3840 1588 3908 [ol.
1605 3854 1670 3895 cum
1688 3855 1758 3896 san-

56 3934 881 4007 reptusduobuelocumdedit.Rexeruntergoduosemper
935 3930 1001 4002 ctis]
1029 3928 1202 3986 eternaliter
1226 3943 1354 3984 manere.
1384 3927 1551 3984 Discessere
1590 3927 1696 3999 angeli.
1720 3929 1760 3984 nt

55 4020 183 4093 episcopi
201 4021 379 4092 prouinciam
391 4021 472 4079 illam
491 4038 585 4094 usque
596 4022 631 4077 ad
652 4025 768 4094 tempus
780 4018 881 4092 llgbri·
935 4018 1069 4076 sacerdos
1092 4018 1141 4090 qui
1157 4033 1256 4074 rerum
1276 4024 1334 4073 tam
1348 4016 1468 4074 evidens
1483 4016 1697 4090 contemplator
1710 4032 1760 4073 ex·

55 4110 97 4166 tbi
109 4111 186 4183 rogis
200 4112 433 4181 westsaxonum,
445 4128 572 4185 quorum
584 4128 661 4169 unus
671 4111 790 4169 sedebat
803 4109 881 4182 apud
936 4110 1058 4177 etiterat,
1075 4109 1186 4163 exitum
1206 4123 1303 4163 earum
1317 4106 1455 4179 stupidus
1470 4115 1497 4162 at
1508 4107 1615 4164 tacitus
1632 4105 1761 4178 explora·

58 4200 176 4266 tlomuc,
193 4199 266 4256 alter
278 4202 356 4272 apud
376 4201 560 4259 llelmaham.
935 4200 996 4256 bat.
1012 4199 1045 4255 llt
1064 4198 1160 4255 inira:
1181 4196 1321 4254 Sacerdos
1337 4197 1438 4263 etiam,
1454 4195 1578 4268 quitum
1595 4194 1760 4251 mirabilem

93 4288 245 4345 baldwine
265 4293 292 4345 et
308 4290 409 4355 Hctha,
430 4290 604 4348 Nortbertus
618 4295 647 4348 ct
669 4288 809 4358 betullae,
829 4287 883 4345 Ne·
935 4288 965 4345 in
981 4288 1105 4344 ecclesia
1128 4286 1240 4344 extasin
1263 4287 1386 4353 viderat,
1408 4284 1524 4356 cognito
1540 4282 1618 4357 quod
1647 4299 1705 4339 non
1728 4284 1759 4340 in

55 4377 188 4432 tbolacus
217 4381 246 4433 et
277 4377 419 4446 Emodus,
449 4379 616 4436 Edellridus
646 4382 674 4435 et
702 4374 1586 4488 cuthwinusnimagine,aedinrerumveritateeamdem
1606 4373 1762 4430 sustinuis-

56 4465 188 4521 Lamierd
204 4469 233 4521 et
248 4464 406 4536 tlbritbus‚
427 4468 553 4525 Athewli
570 4475 599 4525 et
614 4468 705 4540 Cglal,
721 4467 828 4524 llulerd
853 4470 883 4523 et
936 4470 991 4535 aet,
1006 4463 1103 4538 palam
1116 4465 1254 4521 omnibus
1264 4471 1289 4520 et
1301 4480 1369 4521 cum
1384 4462 1541 4536 gemitibus
1556 4461 1683 4534 magnis,
1694 4477 1759 4533 quie

58 4554 184 4621 Eudred,
200 4553 288 4625 Sigge
307 4559 336 4610 et
356 4555 464 4625 Athon,
482 4558 589 4613 Alberd
603 4557 760 4624 etTitlrid,
776 4557 805 4612 bi
823 4556 880 4611 duo
935 4554 1057 4622 viderat,
1072 4553 1206 4612 absolvit.
1224 4554 1289 4611 llec
1304 4555 1340 4610 ab
1360 4553 1456 4611 alieno
1471 4554 1579 4624 scripto
1606 4555 1760 4608 mutuatus

57 4647 142 4699 erant
165 4643 293 4715 episcopi
327 4644 513 4701 orientalium
550 4646 711 4718 Anglorum
739 4663 747 4714 ;
771 4643 880 4701 Alberd
936 4660 1012 4715 sum,
1028 4648 1061 4700 ut
1084 4646 1257 4701 ostendatur
1271 4643 1390 4703 lecturis
1411 4659 1501 4717 quam
1516 4642 1690 4701 venerabilis
1713 4640 1761 4697 Al·

57 4730 272 4797 Holmcnensls,
287 4732 733 4806 TitlridDomucensis,quando
753 4733 816 4790 ons
832 4749 882 4790 rex
936 4750 1024 4808 garns
1043 4733 1142 4801 luerit,
1167 4735 1216 4805 qni
1244 4737 1304 4790 tarn
1330 4733 1446 4792 occulta
1473 4731 1607 4803 mysticis
1634 4730 1761 4788 intuitus

57 4821 232 4878 Marciorum
247 4821 314 4878 lecit
332 4821 616 4897 archiepiscopatum
632 4826 709 4898 apud
728 4822 879 4881 Lichdeld.
936 4823 1108 4892 luminibus,
1124 4824 1203 4882 toras
1217 4840 1334 4896 quoque
1348 4824 1450 4880 ellerre
1465 4823 1574 4895 dignus
1591 4821 1689 4879 luerit.
1704 4821 1763 4878 lieo

91 4911 248 4968 Humbrith
264 4914 293 4968 et
317 4913 507 4982 Weremund,
523 4918 552 4969 et
575 4917 642 4987 post
656 4929 723 4971 eum
737 4912 880 4983 Wildred,
936 4929 1003 4971 voro
1018 4911 1157 4970 credibile
1171 4913 1346 4985 putaverlm,
1356 4916 1390 4968 ut
1401 4911 1506 4983 majori
1516 4911 1654 4982 suscepto
1670 4908 1764 4983 gradu

57 5005 184 5071 tempore
198 5001 277 5056 enim
293 5000 451 5059 Ludecanli
472 5001 551 5074 regis
570 5001 757 5068 Marciorum,
776 5005 806 5058 et
819 5000 882 5072 llg·
937 5003 1037 5059 minus
1052 5001 1241 5059 sanctitudini
1252 5001 1443 5073 advigilaret;
1463 5000 1524 5058 imo
1538 5000 1718 5058 credendum
1734 4999 1765 5056 et

56 5088 143 5146 britbi
154 5089 464 5160 reglsWestsaxonum
481 5091 675 5149 Humbritbua
690 5096 719 5149 et
733 5092 882 5149 wilredus
937 5096 1054 5164 propter
1069 5092 1259 5149 reuerentiam
1283 5091 1425 5148 virtutum
1451 5091 1624 5163 episcopum
1641 5090 1765 5158 lactum,

56 5181 174 5235 luerunt
185 5180 313 5252 episcopi
323 5180 514 5237 Orientalium
525 5182 697 5254 Anglcrum.
709 5183 762 5240 Sed
779 5184 883 5241 eodem
938 5187 965 5238 et
979 5180 1055 5237 inter
1068 5180 1240 5254 angelorum
1252 5181 1379 5253 agmina,
1396 5196 1460 5252 que
1476 5179 1595 5250 uiderat,
1612 5194 1666 5235 suo
1678 5176 1764 5234 dicin

56 5267 251 5323 Ludecanoet
265 5273 449 5327 antecessore
464 5271 528 5342 ejus
544 5271 691 5329 burhredo
713 5271 886 5330 incursante
940 5269 1044 5327 caelum
1069 5273 1228 5342 receptum.

58 5351 249 5425 provinciam,
278 5354 366 5412 etiam
393 5355 521 5430 episcopi
544 5357 778 5415 necessariorum
802 5359 887 5432 copia
976 5361 1044 5417 Post
1059 5375 1126 5416 eum
1152 5358 1309 5432 ditwinus,
1325 5359 1384 5416 duo
1399 5357 1508 5429 hiltrici,
1525 5357 1696 5431 stigandus,
1711 5357 1763 5414 sed

57 5441 190 5499 destituti
207 5447 288 5501 sunt.
304 5444 340 5500 ut
366 5446 482 5517 quidem
499 5447 615 5520 utrique
643 5464 726 5522 reges
744 5447 822 5506 intra
838 5464 889 5506 ra·
941 5451 1064 5523 ejectus.

56 5532 176 5606 gionem
192 5531 416 5603 prouincialium
432 5535 553 5595 incursu
570 5536 720 5606 exstincti,
734 5546 890 5597 cessarunt
979 5541 1013 5597 Et
1027 5556 1079 5613 pro
1093 5554 1165 5598 auro
1185 5538 1345 5599 Grimlaetel
1356 5538 1466 5599 electus
1480 5539 1575 5598 tenuit
1590 5554 1663 5612 quaa
1678 5549 1763 5610 paro·
