3750 6000
201 184 270 241 naa
676 174 854 233 wrutuum
872 176 1195 236 ntmasnunruusrs
1213 178 1378 239 nonaum
1460 138 1466 145 ⁶
1780 179 1841 239 (5(

200 306 258 365 suis
276 307 457 382 possederunt
471 307 538 380 (15),
551 304 722 362 auferantur.
741 303 821 372 Quod
843 321 923 362 nemo
943 304 996 364 lai·
1010 305 1039 366 A
1089 301 1102 373 ᾗ
1117 301 1178 357 316.
1195 301 1313 358 Posteris
1325 303 1421 360 diebus
1431 302 1562 375 processit
1571 318 1663 360 sermo
1673 303 1710 360 ad
1719 303 1841 376 populum

200 412 294 453 corum
310 397 428 469 acupile
440 395 550 468 jejunii,
564 408 646 450 nemo
661 391 823 449 clericomm
838 409 854 449 a
869 392 996 460 Quadra·
1052 406 1119 446 sane
1137 389 1290 447 luculentus
1313 401 1339 448 et
1362 392 1467 461 efficax,
1482 391 1590 465 qualem
1613 392 1693 448 decet
1717 392 1840 451 sacerdo-

196 484 306 559 gesima
322 501 409 559 usquo
431 484 460 542 in
486 485 603 550 Pascha,
631 497 728 539 carues
756 481 891 538 comedat.
915 488 936 550 5
942 484 996 552 25
1051 479 1083 533 tis
1098 478 1154 549 (53)
1169 494 1240 548 esse,
1256 480 1290 535 de
1305 480 1519 536 Christianorum
1546 480 1723 553 expeditione
1736 480 1765 536 in
1778 480 1840 536 Tur·

198 570 278 644 Quod
290 573 364 629 omui
378 581 503 644 tempore
517 569 780 644 primumjejmium
795 578 910 642 quatuor
924 579 996 626 tem·
1049 583 1111 631 cos:
1134 584 1230 639 quem,
1251 569 1325 625 sicut
1344 570 1379 625 ab
1402 569 1575 626 auditoribus
1603 569 1715 641 accepi,
1746 569 1840 642 placuit

199 677 296 732 porum
312 659 399 734 prima
412 660 585 718 hebdomada
600 658 826 731 Quadragesimae
841 657 899 715 fiat.
916 657 997 727 Quod
1048 657 1167 728 posteris
1182 658 1364 713 transmittere
1376 657 1443 729 (5t),
1459 657 1564 729 integro
1588 658 1740 715 verborum
1763 674 1838 714 sensu

197 748 309 804 ordines
332 748 406 804 omni
430 753 554 820 tempore
573 746 616 802 rel
630 744 658 800 iu
672 761 788 816 vespere
803 745 924 813 Sabbati,
940 746 994 815 vel,
1048 745 1181 801 custodito
1198 762 1205 799 :
1222 745 1295 800 illius
1323 747 1395 801 enim
1424 746 1560 802 facundiae
1587 745 1712 818 vigorem
1739 762 1838 803 serrare

197 844 391 908 perseverante
404 835 520 906 jejunio,
544 835 572 891 in
598 833 743 890 Dominica
756 834 928 889 celebrentur
944 850 951 890 ε
966 842 995 890 51
1048 832 1111 904 quis
1126 833 1246 903 poterit?
1274 834 1424 891 Nobiscum
1437 843 1536 907 agetur
1551 833 1670 891 feliciter
1683 834 1718 903 ai,
1736 835 1837 906 propiu-

197 924 225 978 in
241 922 367 979 Sabbato
393 925 519 991 Paschae,
543 921 670 979 nonnisi
692 929 754 992 post
775 923 872 977 horatn
893 937 993 978 nonam
1047 934 1131 993 quarn
1159 928 1276 976 terentes
1294 921 1423 988 orbitarn,
1447 923 1625 995 paratiquod
1653 923 1836 980 diverticulum

196 1009 315 1068 officium
329 1010 501 1079 celebratum
525 1019 554 1066 ut
564 1009 702 1081 ieiunium
716 1010 864 1066 secuudum
879 1011 906 1064 in
921 1010 993 1067 heb·
1047 1008 1189 1064 redeamus
1203 1010 1261 1080 (55)
1277 1011 1309 1065 ad
1326 1011 1500 1067 seutentiam.

195 1099 314 1156 domada
328 1099 502 1156 Pentecostes
521 1097 676 1155 celebretur
690 1098 760 1168 (16).
793 1097 871 1166 Quod
885 1100 919 1153 ab
934 1098 992 1154 ad·
1235 1101 1316 1168 527
1338 1114 1428 1155 551515
1447 1115 1550 1156 uanam
1571 1115 1659 1156 51515.

194 1196 278 1244 ventu
293 1188 401 1244 Domini
420 1204 507 1261 usque
532 1187 566 1242 ad
590 1195 701 1243 octavas
725 1185 902 1257 Epiphania,
927 1194 953 1241 et
975 1202 993 1241 a
1080 1185 1173 1257 gill.
1187 1210 1198 1234 α
1212 1187 1304 1251 115115,
1323 1210 1334 1234 υ
1353 1187 1475 1258 inquit«
1494 1188 1593 1244 iratres
1607 1191 1668 1261 (56)
1680 1188 1833 1256 charissimi,

195 1276 406 1349 septuagesima
424 1292 511 1349 usque
527 1275 561 1330 ad
574 1282 687 1332 octavas
702 1275 821 1343 Pasclrae,
839 1283 864 1329 et
876 1290 893 1329 a
906 1275 993 1345 prima
1046 1273 1088 1327 his
1103 1273 1200 1329 diebos
1214 1274 1292 1330 vobis
1307 1274 1379 1331 dictu
1392 1275 1530 1344 recolitis;
1545 1277 1673 1348 quaedam
1686 1278 1716 1332 in
1731 1278 1835 1334 coneilio

193 1364 238 1420 die
253 1363 436 1437 Rogationem
451 1379 536 1435 nsque
556 1363 591 1418 ad
612 1370 721 1419 octavas
736 1363 919 1425 Pentecostes.
935 1370 962 1420 51
975 1380 992 1420 a
1044 1370 1139 1418 nostro
1151 1363 1239 1433 jussa,
1259 1363 1384 1434 quaedam
1405 1364 1527 1420 inhibita.
1548 1365 1720 1422 lncnuditum
1735 1373 1833 1422 51555-

194 1462 291 1525 quarta
307 1452 377 1509 seria
390 1451 532 1509 occidente
546 1451 604 1507 sole
618 1449 694 1506 omui
715 1459 837 1522 tempore
858 1468 942 1523 usque
957 1452 991 1506 ad
1043 1450 1133 1505 iusum
1163 1451 1296 1507 scelerum
1324 1453 1409 1510 chaos
1441 1453 1567 1525 exigebat
1602 1454 1713 1510 dierum
1742 1455 1834 1510 multo-

193 1540 341 1596 secundam
357 1540 453 1596 leriam
469 1539 575 1596 oriente
589 1539 647 1594 sole
662 1537 747 1595 trevia
762 1538 811 1594 Dei
828 1540 990 1607 (1555515-
1043 1555 1105 1594 rum
1119 1539 1311 1609 interstitium,
1336 1550 1462 1596 veternus
1485 1541 1596 1597 morbus
1616 1542 1730 1599 volebat
1748 1551 1833 1599 caute·

192 1628 292 1683 diatur.
322 1626 403 1697 Quod
417 1627 575 1698 episcopum
590 1626 636 1698 qui
650 1628 765 1697 ceperit,
781 1627 892 1684 omnino
906 1627 987 1682 exlex
1042 1627 1120 1682 rium
1137 1628 1206 1683 Dum
1222 1628 1293 1684 enim
1309 1628 1460 1701 indulgenti
1475 1630 1539 1687 lune
1553 1630 1707 1687 clementie
1728 1630 1833 1687 dimitti·

190 1714 336 1771 habeatur.
363 1714 445 1783 Quod
460 1715 506 1788 qui
521 1715 592 1771 sacri
606 1713 709 1771 ordinis
725 1715 800 1770 viros
824 1715 867 1770 vel
892 1731 987 1771 eorum
1043 1732 1104 1770 rnns
1120 1715 1229 1783 lineam,
1245 1716 1329 1772 multa
1344 1717 1425 1773 modo
1439 1718 1608 1788 apostolatus
1626 1720 1717 1775 nostri
1732 1719 1836 1776 offendit

190 1802 306 1859 Famulus
329 1802 444 1874 ceperit,
470 1802 614 1858 anathema
637 1803 684 1857 sit.
708 1801 789 1870 Quod
813 1803 860 1875 qui
879 1803 990 1874 episco·
1043 1801 1160 1859 officium
1173 1820 1235 1875 quae
1249 1805 1417 1876 praecideret,
1435 1805 1510 1861 nulla
1524 1806 1622 1877 quibus
1637 1816 1774 1878 parceret.
1790 1808 1835 1864 Sed

191 1907 288 1963 porum
315 1891 357 1947 vel
385 1891 548 1949 clericorum
575 1889 751 1947 morientium
780 1890 852 1946 bona
879 1893 990 1963 ceperit,
1043 1891 1123 1946 luerit
1137 1893 1266 1947 hactenus
1286 1895 1412 1950 hnmanae
1435 1894 1589 1967 tragilitatis
1602 1897 1676 1967 quod
1689 1898 1835 1968 peccastis,

191 1980 337 2037 anathema
361 1981 407 2035 sit.
432 1979 511 2049 Quod
533 1979 580 2052 qui
601 1995 686 2052 usque
709 1980 743 2034 ad
768 1980 908 2050 septimam
932 1982 989 2052 (18)
1043 1981 1114 2050 qnod
1128 2023 1134 2046 ,
1163 1979 1353 2037 illecebrarum
1390 1983 1535 2040 involucris
1567 1985 1664 2055 sopiti,
1701 1984 1834 2042 coelestem

189 2068 394 2142 generationem
409 2067 641 2140 consanguinitati
669 2082 699 2122 se
726 2067 904 2138 copulaverit,
920 2082 990 2123 ana·
1042 2068 1224 2136 exasperastis
1251 2069 1482 2137 misericordiam,
1505 2088 1666 2143 suspensam
1695 2074 1836 2146 parvipen-

190 2154 990 2227 1115515511.05ο(1555151555155555555551555151
1042 2156 1132 2212 dendo
1160 2156 1341 2213 iracundiam.
1379 2159 1471 2214 Fuerit
1497 2161 1644 2217 mundanae
1676 2163 1834 2219 temulentie

188 2243 990 2317 presbytenautdiaconus,autsubdinconus,etcuinata·
1043 2244 1133 2314 qnod,
1162 2244 1283 2317 legitima
1311 2263 1365 2302 non
1392 2257 1517 2304 curantes
1541 2250 1728 2321 matrimonio,
1760 2252 1834 2309 alieni

187 2333 255 2388 lium
268 2332 387 2405 dignitas
402 2329 579 2403 suffragatur,
590 2331 640 2386 uisi
656 2331 770 2386 maxima
787 2331 947 2387 necessitate
962 2339 988 2387 ct
1043 2333 1141 2388 cubilis
1169 2351 1223 2389 nou
1251 2335 1389 2407 pensastis
1420 2336 1562 2409 injuriam.
1588 2337 1679 2394 Fuerit
1706 2341 1835 2397 ariditatis

188 2412 299 2479 licentia
312 2435 401 2492 papae.
414 2418 492 2488 Quod
507 2418 557 2475 lilii
573 2418 796 2491 presbyterorum
809 2418 850 2474 rel
861 2418 988 2475 concubi·
1043 2420 1133 2476 nimiae
1161 2422 1232 2492 quod
1262 2422 1362 2479 iratres
1390 2433 1506 2496 vestros,
1523 2426 1568 2481 illo
1590 2443 1692 2499 magno
1708 2437 1737 2484 et
1751 2429 1835 2486 eodem

189 2527 288 2567 narum
313 2509 347 2564 ad
369 2508 586 2580 presbyteratum
613 2523 668 2563 uon
696 2516 919 2579 promoveantur,
936 2507 990 2562 nisi
1044 2508 1129 2579 pretio
1158 2518 1283 2580 emptos,
1312 2521 1341 2568 ut
1367 2513 1482 2586 quisque
1510 2522 1618 2585 poterat
1655 2515 1835 2588 illaqueantes,

191 2599 266 2671 prius
276 2598 434 2671 religiosam
445 2596 525 2653 vitam
536 2594 702 2652 transierint.
712 2594 790 2665 Quod
801 2595 890 2666 quiad
901 2594 990 2651 eccle·
1044 2597 1240 2654 contumeliose
1264 2601 1389 2670 pecuniis
1413 2603 1582 2658 emunxistis.
1602 2605 1683 2662 Nunc
1700 2607 1837 2673 (5111515-

188 2685 320 2742 siamvcl
343 2685 380 2741 ad
404 2700 513 2740 crucem
528 2684 710 2756 confugerint,
725 2684 788 2738 data
803 2683 990 2738 membrorum
1045 2691 1088 2740 ter
1116 2685 1166 2741 ista
1192 2697 1363 2757 peccatorum
1394 2692 1535 2765 nnul'ragia
1563 2693 1736 2763 constitutis,
1756 2705 1836 2767 portua

189 2773 361 2846 impunitate,
380 2771 492 2842 justitiae
516 2771 667 2836 tradantur,
683 2770 726 2826 vel
743 2770 903 2826 innocentes
918 2769 989 2827 libe·
1045 2773 1157 2844 placidae
1173 2776 1269 2844 quictis
1288 2778 1418 2848 aperitur,
1434 2781 1486 2834 nisi
1502 2779 1651 2853 negligitis.
1676 2782 1760 2839 Parri
1775 2785 1836 2840 labo·

195 2870 302 2926 rentur.
335 2859 414 2929 Quod
437 2874 608 2931 unaquaeque
639 2858 757 2915 ccclesia
780 2857 903 2914 decimae
929 2874 991 2914 suas
1045 2862 1082 2916 ris
1097 2861 1123 2915 in
1138 2862 1241 2919 Turcos
1255 2866 1420 2936 compendio
1435 2868 1601 2924 retribuetur
1616 2869 1695 2925 cobis
1707 2881 1836 2944 perpetua

189 2949 272 3019 526
288 2949 396 3013 habeat,
418 2963 469 3003 uec
493 2947 525 3003 ad
549 2945 630 3002 aliam
651 2953 784 3002 transeat.
809 2945 888 3015 Quod
904 2946 990 3003 laicus
1046 2949 1139 3005 salutis
1152 2951 1244 3008 statio.
1267 2954 1428 3025 Comparate
1443 2972 1513 3011 nunc
1527 2956 1636 3013 labores
1650 2974 1723 3031 quos
1737 2960 1765 3015 iu
1781 2976 1835 3016 sce·

189 3038 324 3095 decimam
340 3038 397 3106 (19)
413 3051 464 3090 555
478 3042 560 3100 emat,
576 3049 626 3090 nec
638 3034 738 3091 vendat
753 3036 821 3106 (50).
846 3033 924 3102 Quod
939 3050 990 3105 pro
1004 3020 1029 3084 C
1043 3039 1129 3094 lerum
1157 3040 1288 3097 exercitio
1316 3043 1466 3112 habuistis,
1484 3053 1510 3099 et
1528 3061 1576 3101 cos
1594 3061 1664 3116 quos
1689 3047 1718 3102 in
1747 3049 1835 3104 itinera

188 3127 328 3198 sepultura
342 3132 509 3179 mortuorum
533 3122 649 3194 pretium
673 3138 727 3178 non
751 3122 898 3193 recipiatur
912 3122 982 3194 (51).
1042 3130 1114 3197 quod
1129 3131 1261 3202 praecipio
1285 3129 1402 3187 habituri
1424 3133 1502 3190 estis.
1524 3133 1618 3189 Plures
1645 3135 1689 3191 vet
1719 3136 1835 3193 adulterii

187 3216 215 3271 15
249 3231 283 3272 55
315 3212 432 3270 concilio
467 3210 719 3268 excommunicavit
758 3209 885 3266 dominus
915 3224 988 3282 papa
1041 3216 1084 3272 ret
1115 3219 1253 3276 homicidii
1286 3220 1425 3276 meditatio
1454 3222 1500 3278 dat
1526 3221 1636 3279 timores
1665 3224 1745 3294 (nihil
1772 3227 1834 3283 enin

189 3303 344 3375 Philippum
372 3315 467 3373 regem
495 3299 674 3365 Francorum,
690 3306 718 3354 et
736 3314 831 3354 omncs
856 3298 901 3369 qui
926 3314 987 3354 eum
1042 3307 1163 3364 timidius
1188 3308 1319 3379 nequitia,
1335 3316 1364 3363 ut
1385 3310 1422 3364 ait
1443 3311 1570 3367 Salomon
1587 3311 1655 3383 (57),
1672 3314 1776 3370 mulsos
1798 3315 1834 3369 1..

188 3392 233 3449 vel
260 3406 355 3463 1080111
385 3389 429 3445 iel
457 3387 600 3443 001010οῐ0
628 3404 706 3442 50010
734 3387 947 3454 1000101101,οῑ
962 3386 988 3444 el
1041 3395 1138 3458 bores;
1169 3396 1232 3466 qnid
1246 3397 1317 3452 euim
1333 3396 1492 3454 laboriosius
1506 3398 1658 3468 injustitia‘t
1681 3402 1729 3472 qui
1751 3411 1833 3459 nutem

187 3479 350 3544 0000101101,
367 3476 529 3533 010110000
554 3475 663 3542 suerint·
692 3474 745 3530 0101
771 3475 843 3546 quod
871 3475 989 3547 pertinet
1041 3485 1163 3540 ambulat
1184 3484 1356 3557 simpliciter,
1381 3485 1503 3541 ambulat
1526 3486 1714 3546 confidenter.
1738 3492 1833 3548 ilomm

188 3567 224 3624 ael
238 3581 300 3623 eum
315 3563 520 3638 corrigendum.
536 3562 669 3618 Similiter
683 3570 711 3618 et
723 3561 797 3618 illam
812 3562 986 3620 maledictam
1042 3572 1178 3641 laborum,
1195 3573 1291 3629 horum
1312 3573 1449 3641 timorum,
1475 3575 1563 3631 exitus
1588 3586 1647 3634 eret
1676 3590 1831 3651 peccatum:

189 3656 339 3728 conjugem
355 3654 425 3722 ejus,
441 3650 708 3724 etomnesquieam
724 3651 848 3724 reginam
868 3651 912 3707 rel
934 3652 987 3708 do·
1040 3661 1204 3731 stipendium
1231 3669 1319 3717 aurem
1349 3664 1452 3732 peccari
1480 3680 1567 3732 mors,
1590 3681 1665 3722 mors
1688 3685 1755 3726 vem
1775 3685 1833 3742 W„

189 3745 289 3802 minam
317 3741 529 3807 nominaverint,
545 3756 685 3812 quousque
708 3739 744 3795 ad
768 3740 987 3796 emendationem
1040 3758 1164 3805 natorum
1189 3751 1320 3821 pessima.
1343 3751 1422 3807 Nunc
1445 3767 1461 3806 a
1482 3753 1561 3808 robis
1584 3769 1636 3826 par
1658 3754 1739 3812 labor
1761 3766 1833 3832 atque

189 3833 326 3900 venerim,
337 3833 375 3886 ita
384 3837 413 3886 ut
422 3830 492 3886 alter
501 3830 536 3885 ab
547 3828 633 3885 altem
642 3828 767 3885 discedat
780 3827 846 3899 (52).
859 3827 989 3884 Similiter
1040 3846 1128 3893 metus
1143 3838 1228 3909 pretio
1243 3839 1356 3894 meliore
1371 3847 1509 3911 petuntur.
1529 3842 1630 3898 tiorum
1647 3843 1776 3901 laborum
1790 3846 1833 3902 nir

188 3922 348 3978 Guibetlum
370 3920 582 3986 001000001010,
599 3917 644 3989 qui
670 3933 699 3973 10
723 3931 824 3988 papam
847 3916 985 3988 0111)οῙῙοῑὶ
1040 3941 1123 3983 causa
1137 3927 1266 3992 charitas,
1278 3935 1315 3995 ut,
1329 3936 1466 3998 precepto
1483 3930 1565 3999 528
1581 3931 1730 3990 Dominico
1748 3935 1832 3990 admo.

189 4028 216 4077 et
239 4019 386 4076 ilenricum
407 4017 599 4088 imperatorem
622 4013 844 4080 Alamannorum,
859 4011 906 4085 qui
924 4028 986 4069 eum
1038 4014 1096 4080 niti,
1113 4015 1216 4070 animas
1243 4031 1292 4087 pro
1318 4015 1445 4072 iratribus
1473 4019 1582 4089 ponatis
1598 4037 1605 4074 :
1620 4021 1766 4079 charitatis
1789 4022 1832 4078 sti-

188 4113 354 4166 manutenet.
1039 4102 1169 4176 pendium
1184 4103 1236 4160 erit
1250 4103 1300 4160 Dei
1314 4105 1413 4177 gratia,
1427 4105 1476 4161 1151
1490 4107 1606 4178 gratiam
1626 4119 1761 4182 sequetur
1783 4111 1833 4167 vita

225 4277 816 4354 (15)Ρο0100010111·0·0·05(1011111151,
834 4274 853 4330 l·
1038 4273 1065 4329 in
1093 4274 1208 4331 concilio
1236 4275 1445 4334 claromontano
1471 4293 1629 4348 percussum
1664 4283 1832 4340 anathemata

225 4360 282 4427 (16)
298 4357 478 4411 Pentecosten
494 4352 659 4409 celebretur.
676 4366 699 4404 5.
715 4349 744 4403 (1.
761 4365 798 4420 5.,
813 4348 865 4417 fiat
880 4349 984 4404 Pente·
997 4371 1025 4432 D
1040 4345 1132 4427 luisse.
1149 4355 1225 4426 eitra
1237 4345 1349 4402 dubium
1366 4357 1424 4416 est3
1449 4350 1561 4405 vetitum
1585 4367 1652 4408 reru
1676 4353 1713 4408 ab
1738 4356 1831 4411 eodem

188 4433 285 4488 000110.
303 4425 321 4480 ¹·
1038 4431 1147 4489 nequis
1175 4432 1200 4472 et
1228 4417 1440 4488 obtemperaret,
1456 4420 1652 4493 dominumque
1679 4440 1713 4479 ac
1741 4441 1830 4499 regem

225 4499 283 4566 (11)
302 4494 467 4552 tractabat.
481 4491 580 4548 Trevia
590 4490 640 4548 Dei
654 4507 692 4547 ex
706 4487 850 4561 aquitania
864 4496 921 4544 orta
931 4495 982 4543 est.
1039 4487 1197 4559 appellaret.
1214 4488 1352 4543 Gallorum
1371 4505 1451 4545 nenm
1465 4507 1547 4562 quem
1562 4493 1691 4559 sciamus,
1709 4505 1776 4552 aute
1789 4496 1832 4551 At·

190 4569 297 4624 Nomen
313 4565 394 4621 trahit
408 4565 444 4619 ab
457 4562 595 4617 alacritate
610 4578 663 4634 qua
677 4564 795 4633 primum
809 4560 843 4614 ab
858 4560 984 4615 omnibus
1039 4559 1161 4615 hericum
1186 4559 1278 4614 Trium
1306 4560 1430 4616 Fontium
1456 4564 1626 4628 monachum,
1642 4579 1675 4619 ac
1687 4568 1774 4623 seculi
1786 4582 1831 4621 xm

189 4646 317 4709 suscepta
332 4643 384 4691 551.
399 4634 460 4704 Quo
475 4643 529 4688 tem
568 4649 597 4687 re
611 4633 763 4704 perstabat,
778 4632 804 4685 in
820 4630 916 4685 diebus
930 4637 983 4684 ste·
1039 4629 1212 4700 scriptorem,
1229 4630 1364 4684 asseruit:
1380 4632 1451 4703 quod
1468 4632 1578 4702 quidem
1598 4633 1686 4705 ipsius
1710 4637 1830 4694 historia

189 4710 253 4766 tutis
277 4704 600 4777 nulluseratquiilam,
627 4704 732 4759 bostem
756 4701 923 4767 invadendo,
939 4701 983 4755 in·
1038 4699 1092 4755 iidc
1119 4699 1274 4766 revincitur,
1289 4717 1349 4756 eum
1375 4718 1409 4756 ex
1433 4701 1530 4771 (151115,
1559 4705 1604 4775 qui
1633 4706 1790 4778 Philippum
1815 4722 1829 4761 a

188 4782 308 4853 iringere
322 4778 445 4833 auderet.
461 4778 490 4830 ln
505 4774 744 4855 reprehensionem
760 4775 835 4829 venit
851 4787 983 4841 quorum·
1038 4771 1174 4826 consortio
1198 4769 1318 4826 fidelium
1340 4772 1465 4896 leqlitime
1489 4782 1664 4847 segregatum
1692 4781 1829 4836 existima·

188 4854 252 4908 dam
279 4850 469 4920 episcoporum
485 4860 563 4918 quasi
578 4846 692 4916 perjurii
707 4844 823 4909 occasio,
840 4857 866 4897 et
880 4858 896 4897 a
910 4842 984 4897 Nor·
1038 4842 1113 4906 bant,
1126 4842 1227 4896 nullum
1239 4843 1361 4913 legamus
1394 4859 1425 4898 ac
1439 4844 1475 4899 de
1486 4859 1566 4900 eausa
1574 4847 1760 4906 obedientiam
1775 4852 1828 4921 ejus

187 4923 294 4979 mannis
310 4919 411 4990 rejecta
433 4925 473 4973 est
494 4924 521 4971 ut
541 4931 635 4971 eorum
655 4915 805 4989 privilegiis
826 4913 979 4969 contraria.
1038 4913 1584 4985 51))551555.(Ν51.11555555,Χ111,6.)

197 4997 340 5058 bonanus,
358 4991 444 5046 diosa.
461 4996 524 5042 tom.
540 4986 584 5053 lll,
601 5003 628 5059 p.
645 4988 772 5042 882-586.
788 4983 889 5041 Confer
902 4984 982 5039 etiam
1072 4984 1129 5052 (53)
1145 4984 1312 5038 Sacerdotis.
1328 5001 1353 5039 s.
1372 4986 1402 5038 d.
1422 5001 1459 5053 5.,
1473 4987 1627 5058 pontificia,
1643 4987 1665 5044 l.

185 4999 379 5121 1155555555
397 5058 511 5115 Chorles
531 5058 557 5126 l',
574 5059 631 5114 vol.
650 5058 688 5128 1.)
1072 5054 1826 5132 (1515555555.11155551555555555156555,

221 5138 276 5207 (18)
293 5134 463 5204 Septimum.
478 5129 505 5184 d.
522 5144 547 5184 e.
562 5128 593 5194 1.,
609 5133 732 5192 sertam,
747 5140 769 5183 s.
1035 5132 1064 5179 ut
1079 5125 1205 5179 traditum
1220 5131 1272 5188 551,
1287 5125 1313 5178 15
1330 5126 1382 5180 hoc
1395 5127 1511 5183 concilio
1530 5128 1639 5196 habitae,
1656 5147 1720 5201 qum
1734 5135 1769 5189 ad
1784 5148 1827 5189 nos

221 5210 278 5274 (ts)
295 5205 446 5260 Decimam.
463 5215 487 5254 c.
504 5201 531 5255 d.
548 5214 585 5266 5.,
601 5200 735 5265 decimor,
749 5213 775 5251 a.
792 5213 815 5252 s.
836 5195 854 5251 l.
1008 5266 1010 5270 ἱ
1034 5212 1119 5266 usquc
1141 5203 1329 5275 pervenerunt.
1346 5197 1432 5252 Unam
1448 5198 1549 5254 exiliis
1564 5199 1825 5274 Lebbaeus(concil.

219 5276 277 5346 (511)
293 5275 346 5331 Nec
361 5277 448 5338 emet,
464 5286 517 5327 nee
532 5271 645 5326 vendet.
663 5286 686 5326 5.
703 5269 730 5325 (1.
746 5284 782 5336 5.,
799 5283 852 5325 nec
874 5268 977 5326 vendat
1033 5274 1098 5321 mm.
1115 5266 1153 5328 Χ)
1164 5274 1241 5335 Juxta
1255 5267 1412 5322 Vaticanum
1429 5284 1481 5323 ms.
1497 5268 1590 5325 edidit.
1603 5271 1741 5346 (Sauara,
1758 5274 1827 5347 111.)

182 5360 235 5400 nec
249 5346 382 5408 retinent,
399 5344 422 5399 l.
1067 5340 1124 5405 (55)
1142 5336 1305 5393 Redeamus.
1322 5353 1345 5392 s.
1362 5339 1389 5393 d.
1410 5353 1447 5403 e..
1465 5355 1660 5409 recurramus,
1675 5343 1694 5400 l.

217 5415 275 5486 (51)
292 5416 461 5484 nectptnter.
477 5429 505 5469 5.
524 5411 552 5466 (1.
568 5427 606 5480 5.,
621 5412 767 5484 exigatur.
783 5423 810 5464 a.
826 5407 885 5466 51.
1065 5406 1124 5478 (56)
1139 5406 1265 5462 Fratres.
1282 5423 1308 5462 5.
1325 5424 1352 5463 5.
1370 5425 1386 5465 5
1410 5409 1438 5465 d.
1454 5409 1488 5479 l.,
1500 5410 1589 5468 omitt.
1603 5412 1631 5467 in
1645 5428 1675 5470 e.

217 5485 274 5567 (51)
290 5484 321 5539 ln
336 5486 499 5540 reconcilio
513 5483 805 5543 excommunicarit...
830 5479 971 5539 discedot.
1066 5479 1122 5551 (61)
1133 5477 1274 5537 Salomon.
1288 5496 1310 5535 s.
1321 5479 1394 5549 d.e.,
1400 5497 1454 5556 per
1462 5481 1639 5541 Salomonem
1648 5483 1823 5562 sapientiai.

180 5555 335 5633 Pbtlippum
349 5570 454 5633 regem,
470 5569 531 5610 cum
548 5553 647 5630 pellice
658 5551 798 5622 bertrada,
812 5550 847 5607 ab
861 5551 973 5611 Urbano
