3750 6000
47 184 118 244 1285
315 180 429 239 basra
448 180 570 241 aatht
589 180 794 241 aestuabat.
810 208 844 221 ·-
863 176 927 237 tab.
940 176 985 232 IV.
1000 208 1037 219 -
1053 179 1266 239 tvtctauuus
1288 181 1422 238 RUFUS.
1628 184 1697 240 taso

47 307 135 364 centis
151 313 205 362 tam
228 304 342 361 effusam
365 306 501 361 hammam
520 305 619 371 unisse,
639 312 668 360 ut
690 305 844 362 fumeorum
858 300 887 363 Α
901 300 972 355 riam
988 301 1122 358 stillante.
1139 304 1180 359 lbi
1192 302 1266 358 inira
1285 304 1422 359 ambitum
1436 305 1530 374 turris,
1550 308 1696 363 multorum

48 395 217 453 uoluminum
232 395 316 448 orhes
331 395 412 448 etiarn
428 393 519 449 sidera
535 394 686 449 lamberent
706 394 772 465 (stt).
790 393 849 449 linc
902 405 1050 459 procerum
1065 399 1214 457 conventu,
1233 407 1388 464 paucorum
1402 393 1522 463 planctu,
1539 402 1618 450 terrea
1637 405 1694 451 tra·

48 484 185 542 somnium
211 483 346 538 Roberius
374 498 427 538 non
467 482 661 555 negligendum
688 483 848 548 arbitratus,
902 477 1005 533 ditum.
1024 479 1081 550 (99)
1097 480 1195 535 Secuta
1208 489 1249 536 est
1265 480 1407 552 posteriori
1423 497 1498 535 anno
1522 486 1604 551 510
1622 485 1699 540 ruina

48 574 110 646 regi
126 572 281 640 confestim,
290 571 363 642 qaod
378 572 401 625 ei
414 587 430 625 a
442 572 554 627 seeretis
569 579 637 637 erat,
647 571 736 626 intulit
749 571 849 626 :atille

49 662 202 719 cachinnos
219 660 402 733 ingeminans,
418 686 428 706 «
447 661 603 725 Monachus,
628 660 751 733 »inquit
770 686 779 707 u
798 668 852 727 est,

49 761 76 808 et
95 768 174 808 cansa
196 763 369 805 patrimorum
396 749 591 805 monachaliter
616 750 732 806 somniat
751 768 759 812 ;
787 749 848 805 dote

50 840 74 896 ei
98 847 208 896 centum
233 838 349 893 solidos.
382 862 392 887 n
424 839 536 892 llultum
566 848 659 895 tamen
687 848 787 907 ninius,
803 839 849 894 diu

49 937 193 987 nunciatus
211 935 301 982 eston
326 927 352 980 in
377 928 481 998 sylvam
510 929 580 984 sicut
608 929 761 984 intenderat
789 928 850 997 iret,

51 1018 234 1074 suadentibus
261 1016 356 1071 amieis
387 1032 421 1073 ne
451 1033 499 1072 sun
531 1017 674 1089 dispendio
705 1018 848 1073 veritatem

50 1108 222 1164 somniorum
243 1106 425 1179 experiretur.
448 1107 540 1178 ltaque
563 1114 624 1162 ante
643 1105 735 1161 cibum
751 1115 850 1161 venatu

52 1196 196 1261 ahstInuit,
213 1195 294 1250 seriis
317 1195 434 1266 negotiis
455 1194 617 1250 cruditatem
635 1196 693 1264 (95)
712 1194 851 1251 indomita

52 1287 153 1341 mentis
168 1292 318 1341 eructuans
335 1300 341 1353 3
359 1283 457 1348 serunt,
474 1300 505 1338 ea
518 1284 561 1338 die
577 1284 850 1357 largiterepulalam.

51 1375 238 1432 crebrioribus
254 1390 337 1444 qirarn
349 1381 527 1428 consueverat
542 1372 648 1442 piaculis
664 1374 781 1428 lrontorn
802 1389 851 1428 so·

51 1481 175 1520 renasse.
192 1464 256 1519 bion
278 1462 360 1534 igilur
381 1470 440 1533 post
464 1461 554 1519 cibum
578 1463 604 1517 in
621 1462 850 1518 saltumcouten-

52 1554 104 1620 dit,
119 1552 214 1624 paucis
229 1551 397 1616 comitatus;
418 1566 533 1622 quorum
551 1549 779 1606 familiarissimus
793 1558 851 1606 erat

904 566 988 621 turris
1005 581 1011 621 :
1028 567 1063 623 de
1078 584 1133 638 qun
1146 586 1173 623 re
1189 585 1253 640 quae
1267 569 1411 638 opiniones
1426 569 1529 623 luerint
1544 590 1632 641 pareo
1652 573 1696 627 di-

904 671 979 724 core,
996 672 1029 712 ne
1045 655 1141 711 videar
1149 657 1230 730 nugis
1240 658 1353 714 credere
1369 660 1435 726 (tir)
1446 676 1452 719 ;
1462 660 1613 730 praesertim
1623 677 1697 729 curn,

903 760 954 817 pro
973 744 1149 801 instabilitate
1174 746 1279 816 operis,
1305 747 1430 802 machina
1463 747 1572 802 ruinam
1598 749 1699 805 iecisse

904 833 1034 905 potuisset
1046 834 1151 888 etiamsi
1167 852 1304 905 nunpronr
1318 835 1376 904 ipse
1392 836 1428 889 ibi
1444 837 1568 904 sepultus
1582 836 1695 893 luisset.

903 921 977 976 Obiit
989 937 1061 976 arina
1080 923 1230 978 borniriieae
1248 923 1443 977 incarnationis
1467 924 1613 980 millasimo
1629 942 1696 982 cen·

906 1010 1012 1077 tesimo,
1031 1010 1110 1084 regni
1126 1011 1209 1066 tortio
1223 1002 1338 1077 deeiino,
1354 1028 1439 1067 notras
1460 1015 1572 1075 Augusti
1589 1025 1697 1086 (quarto,

905 1099 992 1168 maJ'or
1008 1100 1238 1173 quadragenario,
1255 1100 1375 1171 ingentia
1396 1117 1576 1170 praesumens,
1606 1109 1632 1158 et
1656 1107 1699 1159 iu-

905 1189 1012 1262 gentia,
1026 1189 1051 1243 si
1064 1204 1149 1258 pensa
1162 1190 1305 1245 Parcarum
1320 1189 1457 1258 resolvere,
1479 1192 1522 1247 rcl
1542 1193 1700 1250 uiolentiam

906 1279 1026 1335 fortunar
1041 1278 1206 1348 abrumpere
1225 1287 1251 1332 et
1271 1277 1390 1334 clamari
1417 1278 1554 1348 potuisset
1580 1282 1701 1340 lactarus

906 1367 993 1423 Tanta
1005 1365 1045 1421 ris
1059 1374 1123 1420 erat
1135 1364 1229 1432 animi,
1239 1373 1267 1420 ut
1281 1366 1422 1437 quodlibet
1431 1368 1504 1435 (100)
1513 1368 1565 1423 sibi
1579 1386 1700 1442 regnum

905 1454 1063 1529 promittere
1075 1454 1199 1510 auderat.
1223 1454 1351 1525 lienique
1376 1465 1437 1511 anto
1455 1458 1608 1528 proximam
1629 1461 1700 1516 diem

906 1544 1004 1600 mortis
1017 1544 1204 1615 interrogatus
1218 1543 1265 1599 ubi
1281 1543 1383 1600 festum
1397 1562 1478 1601 suurn
1497 1547 1526 1601 iu
1544 1551 1630 1603 natali
1657 1557 1700 1604 te·

52 1641 205 1697 Walterius
231 1648 413 1713 cognomento
442 1639 515 1693 Tirel
536 1640 603 1710 (tili),
635 1641 717 1710 509
746 1641 792 1713 qui
818 1634 1097 1712 degneretllbbi,
1113 1632 1258 1704 respondit
1274 1632 1399 1697 Pictoris,
1416 1635 1488 1704 quod
1503 1652 1597 1692 comes
1613 1639 1700 1695 Picta·

52 1731 181 1795 Francia,
206 1728 365 1784 liberalitate
387 1727 461 1800 regis
485 1728 629 1791 adductus.
656 1739 781 1786 uenerat.
813 1734 852 1798 ls,
907 1722 1011 1787 vensis,
1030 1723 1226 1792 lerosolymam
1240 1722 1281 1778 ire
1294 1723 1425 1793 gestiens.
1447 1724 1472 1779 ei
1497 1734 1597 1781 terram
1624 1745 1704 1785 suam

53 1817 593 1889 caterispermorarnvenationis,quo
614 1835 752 1892 quemquo
772 1836 853 1876 casus
906 1828 956 1884 pro
981 1813 1097 1882 pecunia
1130 1811 1307 1865 invadaturus
1335 1812 1490 1866 dicebatur.
1519 1815 1557 1869 lta
1581 1819 1705 1887 paternis

51 1911 167 1975 tulerat,
180 1907 320 1976 dispersis,
339 1907 416 1961 sotus
439 1922 501 1963 curn
522 1923 554 1963 eo
578 1917 756 1965 remanserat.
774 1912 853 1965 tarn·
906 1901 1131 1975 possessionibus
1155 1916 1209 1954 non
1233 1909 1389 1965 mlestus.
1416 1902 1579 1975 maiorisque
1608 1906 1704 1977 gloriar

54 2014 111 2070 quc
132 1997 189 2065 (bii
212 1996 315 2050 l’hirbo
340 1996 367 2049 in
387 1993 529 2051 Oceanum
551 1998 677 2066 procliui,
700 2015 746 2055 rex
773 2015 855 2054 cerro

53 2096 116 2142 ante
131 2102 161 2140 se
176 2085 338 2151 transeunti,
354 2092 465 2139 extento
482 2101 567 2140 nervo
581 2094 607 2141 et
622 2088 723 2142 emissa
744 2089 854 2159 sagitta,

54 2192 111 2233 non
126 2175 196 2230 adeo
206 2190 309 2229 savum
324 2174 424 2229 vulnus
443 2173 542 2229 inllirtt
559 2194 566 2240 ·,
582 2175 678 2231 diutile
695 2181 750 2245 ibis)
766 2177 854 2233 adhuc

54 2265 223 2338 fugitantem
238 2262 388 2319 vivacitate
403 2263 552 2318 oculorum
576 2273 745 2334 prosecutus,
766 2280 855 2335 oppo-

55 2355 221 2412 sitacontra
245 2352 400 2407 violentiam
431 2352 564 2407 solarium
594 2354 732 2409 radiorum
757 2370 850 2409 manu.

56 2445 133 2500 Tunc
150 2441 302 2497 Walterins
313 2440 452 2512 pulchrum
464 2441 571 2497 lacinus
586 2443 679 2498 animo
692 2443 856 2513 parturiens,

907 2006 956 2059 spa
989 1997 1111 2058 raptatus
1140 1988 1194 2059 (lt,
1218 1987 1347 2044 indebitis
1373 1988 1521 2047 incubabat
1557 1994 1706 2050 honoribus

909 2085 956 2141 Vir
971 2083 1070 2138 sacrati
1084 2082 1190 2139 ordinis
1204 2083 1358 2138 hominibus
1386 2100 1437 2154 pro
1465 2085 1566 2142 danrno
1595 2088 1701 2152 aalma,

907 2172 989 2242 cujus
1001 2173 1118 2227 salutem
1133 2186 1267 2226 revocare
1284 2172 1408 2228 laborent
1427 2175 1490 2241 (1),
1506 2177 1624 2231 maxime
1651 2178 1701 2231 mi·

908 2261 1045 2318 serandus
1061 2279 1067 2321 ;
1080 2260 1267 2331 stipendiariis
1281 2261 1412 2317 militibus
1430 2265 1575 2333 procopia
1600 2267 1704 2322 ‹tonati-

908 2366 1004 2408 vorum
1016 2349 1155 2405 mirandus
1172 2368 1179 2411 ;
1196 2350 1417 2420 prouincialibus,
1432 2353 1505 2423 quod
1520 2369 1614 2408 eorum
1635 2357 1705 2410 sub-

909 2439 1023 2497 stantias
1051 2439 1146 2494 abradi
1174 2439 1282 2495 sinebat
1310 2440 1361 2509 (Ξ),
1399 2456 1455 2495 non
1485 2441 1700 2500 desiderandus.

55 2540 94 2600 ut,
108 2549 175 2606 rege
190 2531 258 2587 alias
276 2530 383 2586 interim
401 2530 513 2592 intento.
529 2530 588 2600 ipse
616 2532 731 2587 alterum
745 2547 858 2588 cerrum
908 2530 1021 2585 Nullum
1035 2544 1086 2584 suo
1109 2535 1232 2598 ternpore
1247 2528 1392 2584 annalium
1416 2527 1474 2584 lieri
1498 2532 1608 2586 memini
1634 2535 1702 2605 isis),

56 2623 103 2694 qui
118 2621 187 2677 lorte
204 2629 316 2691 propter
331 2618 463 2673 transibat
490 2627 687 2689 prosterneret,
700 2621 808 2677 inscius
830 2628 858 2677 et
909 2617 938 2675 iu
952 2633 1016 2690 quo,
1036 2617 1143 2673 delictis
1156 2616 1303 2685 enervatis,
1321 2617 1399 2689 rigor
1412 2617 1610 2675 elalesiasticus
1634 2638 1705 2678 con-

57 2713 196 2783 impotrns
211 2713 319 2781 regium
335 2717 431 2778 pectus
445 2710 529 2777 (Deus
545 2709 614 2765 boae
625 2712 645 2781 l)
662 2709 753 2766 lethali
768 2725 858 2766 arun·
910 2706 1076 2763 lirmaretur.
1102 2705 1313 2761 Ecclesiasticus
1336 2706 1455 2761 honores
1489 2707 1535 2762 diu
1561 2718 1706 2781 antequam

56 2800 123 2857 dine
142 2800 259 2869 trajecit.
276 2798 390 2855 Saucius
406 2798 453 2852 ille
474 2799 577 2853 nullum
605 2800 719 2856 uerbum
744 2800 857 2864 emisit;
910 2795 989 2851 daret
1005 2795 1188 2861 deliberabat,
1203 2795 1260 2850 sive
1275 2810 1327 2865 pro
1340 2796 1486 2852 commodo
1500 2797 1557 2852 sive
1575 2815 1626 2869 pro
1653 2809 1708 2856 tra-

57 2889 107 2945 sed
122 2889 198 2961 ligno
210 2888 317 2960 sagittae
332 2895 463 2958 quantum
477 2896 553 2942 extra
568 2904 667 2958 corpus
679 2889 791 2945 extabat
814 2887 860 2944 el·
912 2883 1024 2939 tiaando
1040 2883 1139 2939 merito
1154 2884 1196 2955 (3)
1211 2902 1217 2946 ;
1234 2891 1327 2953 utpote
1342 2884 1398 2954 qui,
1415 2899 1448 2939 en
1468 2885 1512 2940 die
1540 2902 1597 2956 quo
1626 2891 1704 2958 521

59 2978 158 3045 hacto,
175 2993 291 3047 rnoxque
307 2975 509 3044 supraunlnus
531 2977 640 3043 cadens,
670 2985 788 3033 moriem
807 2993 859 3035 ac-
913 2973 1108 3038 exaestuares
1125 2973 1343 3043 episcopatuset
1369 2973 1513 3029 duodecim
1537 2976 1590 3046 (3)
1618 2978 1705 3033 abba-

57 3067 185 3124 celeraril
199 3067 246 3136 (Α.
258 3067 294 3119 Ι).
313 3065 393 3130 tlob,
410 3067 483 3135 hug.
495 3067 533 3132 2).
550 3067 675 3122 Accurrit
692 3067 858 3135 Walterius;
914 3062 966 3118 tias
993 3062 1129 3117 desolatas
1149 3061 1306 3132 pastoribus
1334 3062 1362 3116 in
1388 3078 1471 3117 manu
1499 3081 1549 3119 sua
1586 3073 1703 3122 teneret.

61 3154 201 3226 sedacio
217 3170 267 3208 rrae.
278 3169 390 3208 sensum
407 3169 458 3208 nec
472 3169 568 3209 rocem
580 3144 689 3220 'liausih
711 3155 860 3225 perniciter
915 3149 1150 3221 baineiameinis
1164 3150 1309 3207 occasione
1335 3165 1389 3221 qiia
1412 3151 1483 3206 inter
1502 3169 1532 3206 se
1548 3153 1712 3210 dissiderent

62 3243 240 3314 cornipedem
256 3240 685 3306 insiliens,banellciocalcarium
700 3245 862 3315 probeeua-
915 3239 1043 3298 Urbanus
1063 3239 1091 3293 in
1115 3240 1209 3306 Roma,
1228 3239 1385 3295 Guibertns
1408 3240 1436 3294 in
1459 3241 1597 3306 llarenus,
1622 3244 1709 3298 tribu-

60 3333 106 3387 sit.
125 3333 185 3386 Neo
199 3346 264 3384 vero
278 3330 331 3383 luit
346 3330 390 3399 qui
406 3338 628 3400 persequeretur,
641 3333 695 3388 illis
708 3334 863 3390 conniven-
915 3336 972 3383 turn
996 3329 1127 3384 Romanas
1154 3328 1212 3383 sedi
1236 3328 1373 3400 negarit3
1416 3330 1527 3399 pronior
1563 3338 1653 3387 tamen
1682 3334 1710 3388 in

63 3421 147 3484 tibus,
178 3419 238 3472 istis
265 3417 470 3485 miserentibus,
499 3420 627 3476 omnibns
651 3429 788 3491 postremo
811 3424 863 3479 alia
916 3416 1048 3475 Gniberti
1064 3417 1192 3488 gratiam,
1208 3417 1281 3487 quod
1306 3416 1613 3474 lomesatinccntirum
1639 3422 1711 3477 inter

63 3507 263 3574 molientibus,
294 3523 359 3576 pars
383 3509 555 3576 receptacula
576 3526 625 3564 sua
648 3511 766 3577 munire,
796 3527 863 3582 pars
915 3506 1462 3563 cumeiAnselmumluaratdrscnrdiae
1477 3524 1533 3580 quo
1555 3509 1595 3581 (l)
1610 3510 1655 3567 ille
1670 3512 1713 3566 vir

63 3595 864 3669 iurtiraspraedasagore,parsregemnnrumjamjam·
917 3594 1259 3651 omnimembrorum
1284 3596 1473 3665 apostolicum,
1503 3598 1619 3654 alterum
1642 3616 1711 3672 apa-

64 3702 118 3757 que
143 3685 365 3754 circumspicere.
399 3685 480 3740 Pauci
507 3686 707 3743 rusticanorum
731 3689 864 3756 cadauer,
917 3683 1246 3754 mamistanensem.

64 3776 94 3830 in
123 3774 204 3828 rheda
231 3773 378 3829 caballaria
410 3775 606 3843 compositum,
636 3776 809 3833 Wintooiam
836 3779 865 3835 in

66 3864 253 3934 episcopatum
268 3863 416 3931 devexere,
439 3878 537 3919 cruore
565 3863 685 3919 undatim
710 3881 760 3936 per
782 3873 866 3923 totam

1157 3803 1194 3842 ns
1217 3804 1471 3845 ermendrannus.

953 3877 1045 3949 gibi.
1056 3877 1121 3946 llius
1140 3876 1237 3933 diebus
1252 3877 1350 3950 religio
1365 3879 1533 3935 cistellensis
1548 3880 1607 3952 (aa)
1620 3883 1711 3957 clepit,

105 4116 160 4184 aab
179 4118 212 4175 ttt
230 4121 423 4196 fumeorum...
438 4117 605 4174 larnbaraat.
623 4134 646 4173 s.
663 4135 689 4175 c.
705 4117 737 4175 d.
751 4135 780 4175 c.
795 4120 866 4188 l.,ut
921 4123 1317 4194 commurmurantes
1340 4126 1426 4180 anais
1448 4127 1564 4191 accidit,
1589 4131 1714 4198 marotia

68 4189 143 4260 sanai
153 4189 322 4258 rarrqnttudo
338 4191 426 4243 etiam
442 4189 534 4244 sidera
549 4189 739 4256 obnubilaret,
756 4208 781 4246 a.
918 4197 1169 4267 iltiuacontipiaaa
1185 4196 1257 4268 quod
1272 4197 1381 4266 injuria
1395 4199 1485 4267 suerit
1496 4200 1582 4254 ittam
1601 4205 1716 4256 sacrato

106 4260 455 4338 (barbarinianum.
474 4275 498 4312 e.
518 4260 548 4323 l..
566 4260 819 4327 crudelitatemn
839 4277 865 4318 c.
921 4267 1062 4322 tarnrtlarl
1078 4267 1135 4323 loco
1151 4283 1199 4339 qua
1214 4271 1273 4322 tola
1290 4269 1349 4323 uita
1368 4271 1505 4338 peculares
1533 4273 1562 4324 ct
1578 4269 1713 4337 lubricas,

105 4330 701 4412 (bb)l‘lintteraascapnomcntualr'rrtbaod
709 4335 867 4415 willelmus
880 4366 910 4433 D
922 4339 1045 4394 moriens
1060 4337 1146 4393 ctiam
1165 4336 1327 4393 Christiana
1342 4341 1468 4394 caruerit
1483 4340 1594 4406 uiatico,
1611 4357 1637 4396 a.
1654 4341 1672 4394 l.
1682 4373 1716 4382 -

71 4401 867 4474 Rulusrnannhh'altenlyrelhinteremptusiuoritdum
924 4408 1243 4464 lluitturrisdicYOct.
1267 4410 1346 4464 llb'l.
1372 4409 1428 4464 Aa.
1458 4410 1594 4477 winton,
1631 4412 1714 4484 Anapi.

72 4474 99 4527 in
115 4474 189 4527 Nora
205 4472 289 4541 Splra
305 4482 461 4538 venaretur,
471 4472 580 4528 traditio
593 4482 632 4529 est
647 4477 732 4548 vulgo
742 4487 867 4548 recepta:
922 4496 996 4537 sacr.
1009 4495 1072 4546 pars
1086 4495 1106 4544 r,
1122 4494 1148 4547 p.
1164 4480 1226 4535 297.

73 4544 867 4625 atsegerushistoricuscontemporaneus,et,utapparet,
960 4550 1039 4624 (99³⁶)
1053 4550 1273 4623 ll'uaiacredere.
1288 4566 1312 4607 c.
1328 4550 1359 4606 d.
1373 4567 1410 4619 a..
1422 4555 1506 4610 nadis
1524 4557 1609 4628 nupia
1628 4557 1719 4625 mear

73 4614 310 4683 Tyrelhamrous,
328 4631 355 4665 m
379 4614 438 4667 Vita
457 4614 584 4670 Ludovrcr
612 4617 715 4684 Crassi,
746 4618 868 4674 Francia.
923 4622 1045 4687 credere,
1058 4637 1081 4674 s.

75 4684 867 4810 repis,alludensadWillelmiRuli,nccem,haecobservat:
961 4696 1022 4754 lob)
1042 4691 1200 4760 Quodlibet.
1219 4706 1248 4745 a.
1269 4706 1297 4746 c.
1317 4691 1344 4746 d.
1361 4708 1386 4747 e.
1403 4692 1433 4758 l..
1449 4697 1573 4768 quodvis,
1588 4718 1609 4754 s.

78 4780 87 4804 l
121 4756 329 4824 mponebatura
343 4755 510 4825 quibusdam
526 4758 632 4811 cuidam
645 4760 728 4814 nobili
740 4761 870 4816 Gualtero
974 4762 1059 4832 pppis)
1078 4763 1205 4818 Teneret.
1222 4779 1245 4815 s.
1262 4762 1289 4815 d.
1306 4779 1342 4832 e.,
1358 4765 1524 4834 celebraret,
1539 4769 1561 4822 l.

75 4826 184 4898 Tyrello
195 4826 271 4897 qrroil
286 4843 349 4879 eum
364 4827 463 4895 sagitta
477 4828 631 4906 perfoderat
655 4848 660 4884 :
684 4847 778 4902 qrrem,
805 4848 869 4886 oum
973 4840 999 4903 l)
1016 4837 1167 4906 Rapiatur.
1187 4849 1212 4888 a.
1228 4848 1253 4890 c.
1270 4832 1298 4887 d.
1315 4849 1340 4889 e.
1355 4835 1388 4902 l.,
1401 4841 1545 4908 captatur,
1561 4857 1587 4896 s.

75 4898 246 4953 aestimaret
261 4914 310 4951 nec
325 4906 457 4966 speraret.
472 4899 652 4966 JureJurandn
667 4902 767 4971 saepius
787 4904 870 4958 audi·
961 4903 1022 4976 (til)
1037 4905 1186 4961 labarent.
1201 4918 1225 4958 c.
1242 4919 1280 4972 e.,
1295 4911 1448 4976 nequeant,
1465 4924 1492 4963 a.
1505 4925 1529 4963 s.
1544 4911 1572 4964 d.
1582 4912 1599 4965 l.

76 4970 169 5024 vimus
187 4968 268 5040 quasi
282 4976 486 5023 sacrosanctum
516 4984 650 5032 asserere.
682 4973 754 5044 qued
773 4989 806 5029 ea
827 4973 873 5028 dio
965 4978 1003 5045 (ἰ)
1018 4975 1128 5031 Abradi
1144 4976 1263 5032 sinebat.
1280 4992 1303 5031 s.
1319 4992 1344 5031 c.
1360 4977 1388 5031 d.
1403 4994 1428 5043 e,
1445 4979 1606 5050 abradebat,
1622 4999 1647 5039 a.
1664 4984 1681 5038 l.

76 5041 246 5096 necinearn
261 5048 363 5109 portem
385 5039 479 5110 sylrae,
500 5040 527 5093 in
547 5055 603 5111 qua
632 5058 677 5096 rex
711 5044 872 5112 venabatur,
964 5044 1015 5118 (a)
1031 5047 1153 5102 hiemini.
1169 5062 1192 5101 s.
1208 5062 1235 5104 c.
1255 5045 1283 5100 d.
1299 5063 1335 5112 e.,
1351 5050 1492 5120 permisit,
1507 5053 1569 5106 a.l.

76 5111 196 5176 venerit,
209 5126 261 5165 nec
271 5126 332 5165 enm
345 5111 372 5163 in
387 5112 470 5180 sylva
483 5113 597 5167 omnino
611 5113 714 5168 viderit.
734 5138 744 5162 n
761 5116 875 5172 —Vide
966 5120 1005 5187 (3)
1020 5116 1279 5173 Ecclesiasticus...
1293 5121 1405 5173 rnerito.
1423 5136 1445 5173 s.
1459 5138 1482 5175 c.
1501 5122 1530 5176 d.
1547 5140 1582 5190 e.,
1599 5125 1646 5181 sed
1655 5129 1721 5199 aare

78 5182 476 5323 {tfflffimir'bmighn⁰v'
489 5183 568 5254 pbl,
581 5192 608 5238 et
616 5182 681 5240 Ord.
695 5186 787 5255 vital,
798 5186 873 5244 Hirr.
932 5190 963 5244 in
974 5204 1097 5260 preceps
1110 5190 1240 5260 pecunia
1250 5189 1385 5244 auiditate
1399 5191 1555 5263 serebatur,
1570 5214 1664 5254 sacrae
1674 5198 1722 5256 ho·

179 5296 185 5307 .
213 5271 249 5306 t.
287 5297 293 5316 ,
334 5295 340 5308 .
417 5294 423 5306 .

117 5325 174 5393 (bt)
186 5322 313 5395 Jamque.
331 5341 354 5378 a.
372 5341 393 5378 s.
411 5340 437 5378 c.
451 5324 481 5378 d.
502 5328 561 5379 οἱ.
581 5325 613 5391 l.,
629 5326 735 5400 laque,
752 5343 768 5384 e
784 5329 809 5384 l.

118 5399 177 5467 (98)
191 5396 308 5451 Diutitr.
326 5411 352 5450 c.
366 5395 393 5449 d.
411 5411 435 5453 a.
453 5396 612 5461 l.,diutine,
630 5413 656 5453 a.
669 5415 693 5454 s.

117 5471 173 5537 (99)
188 5467 291 5523 Secuta
306 5471 382 5521 eat...
399 5469 529 5538 sepultas
541 5470 653 5538 fuisset.
667 5486 694 5524 s.
710 5470 770 5527 ad.
780 5486 817 5537 e..
827 5473 880 5531 Ne-

81 5538 881 5614 qwdeiaaraoptniaaarqaor·aadam,diceatiarmrutaam

931 5275 1014 5315 noras
1033 5259 1079 5314 aui
1093 5261 1164 5322 iuria
1180 5275 1239 5314 asse
1253 5259 1448 5327 dictitabat,a.
1465 5263 1484 5318 l.

970 5330 1030 5400 (Ἠ)
1046 5328 1211 5386 Duodecim·
1229 5346 1252 5386 s·
1268 5345 1296 5385 s·
1315 5329 1342 5384 d·
1359 5346 1384 5386 s·
1403 5333 1433 5401 ¹.
1456 5340 1680 5410 quatuordecim,
1694 5356 1722 5398 a.

970 5403 1008 5468 iit
1025 5402 1093 5471 ouo.
1113 5417 1139 5456 c.
1159 5401 1187 5455 d.
1204 5417 1240 5468 a,
1257 5403 1337 5473 quod,
1353 5418 1378 5457 a.
1396 5420 1418 5458 s.
1439 5404 1458 5463 l.

970 5472 1030 5542 (ill)
1046 5472 1231 5539 cistellensis,
1242 5489 1267 5528 s.
1287 5487 1311 5529 c.
1328 5473 1356 5531 d.
1372 5489 1396 5531 o.
1418 5476 1456 5544 l..
1472 5479 1679 5553 cisterciencis,
1700 5498 1730 5541 a.
