3750 6000
89 228 144 285 925

680 225 860 284 EPISTOLAE
877 223 923 281 Et
943 223 1161 281 rntvmtrotn.

1688 220 1741 277 926

90 352 182 424 gando
193 350 230 408 ibi
240 352 412 425 praecipimus
423 361 506 408 utros
516 361 542 407 et
557 353 645 409 locum
655 359 771 407 restrum
782 350 887 423 diligat,
905 347 930 410 Α
945 346 1015 404 sicut
1026 364 1077 421 pro
1092 348 1164 406 bono
1178 347 1252 419 pacis
1267 355 1292 404 et
1306 348 1446 421 utriusque
1469 345 1592 403 ecelesiae
1607 344 1708 418 quiete,
1724 359 1740 397 a

91 442 171 511 juvet
182 449 208 496 et
220 448 401 510 manuteneat,
414 449 439 497 et
447 448 501 497 tarn
513 441 539 496 in
550 442 603 497 hoe
614 457 694 511 quam
705 440 732 495 in
742 440 801 495 aliis
811 440 891 495 talem

91 547 157 603 erga
174 547 221 587 vos
236 531 409 602 semetipsum
425 531 560 595 exhibeat,
576 538 604 584 ut
619 532 732 603 gratiam
742 530 770 584 B.
785 528 854 583 Patri
866 535 892 582 et

93 632 213 678 nostram
239 621 398 691 ampliorem
422 620 552 690 acorrirat.
573 620 627 674 Tua
651 619 741 689 itaque
769 619 888 683 interest,

91 711 189 767 dilecta
211 710 238 764 in
253 709 373 764 Domino
400 707 454 763 lilia
476 707 623 764 Petroniliu
640 707 859 773 abbatissarum
875 722 889 759 a

91 798 212 873 prmiatis
228 798 355 854 iratribus
371 799 471 854 nostris
485 806 595 853 evocata
606 797 699 860 tueris,
712 796 746 851 ad
756 812 802 851 eos
812 811 890 851 acce·

90 889 166 953 dere,
184 895 211 943 et
228 889 300 959 quod
315 887 365 959 ipsi
381 887 528 960 superbae
542 901 624 956 supra
639 886 711 940 dieto
727 885 807 940 modo
832 892 890 939 sta-

92 976 202 1042 tuerint,
218 976 357 1032 humiliter
371 975 524 1031 obsecrare.
544 976 689 1039 Praterea
711 974 837 1044 quoniam
856 973 891 1028 de

91 1065 171 1121 vobis
195 1064 274 1119 vaide
297 1063 471 1130 confidimus,
501 1064 659 1119 charitatem
692 1069 810 1116 vestram
842 1078 891 1131 per

93 1154 306 1224 omnipotentem
322 1154 406 1208 Deum
423 1152 614 1223 deprecamur,
631 1158 658 1205 ut
673 1151 739 1221 ipsae
760 1148 891 1219 speciales

93 1258 142 1314 pro
154 1250 200 1297 ine
218 1241 250 1297 ad
263 1241 406 1296 Dominum
422 1241 559 1297 orationes
575 1240 681 1295 iacietis
694 1247 720 1294 et
734 1254 784 1308 per
794 1252 889 1293 omnes

92 1330 323 1405 congregationes
337 1331 423 1385 vestri
438 1329 554 1393 ordinis,
572 1328 632 1383 ilari
649 1328 793 1384 studeatis.

129 1420 226 1475 Datum
240 1419 373 1485 Laterani,
390 1434 417 1472 vr
430 1419 492 1473 Kal.

947 436 1026 493 nobis
1050 445 1076 493 et
1101 437 1230 492 iratribus
1251 438 1350 493 nostris
1365 437 1505 509 provisum
1529 442 1586 501 est,
1601 433 1674 507 quod
1694 446 1741 486 ar·

945 526 1136 597 chiepiscopns
1164 527 1293 597 praefatus
1319 534 1373 581 tres
1398 524 1531 581 solidatas
1554 530 1634 577 terrae
1655 520 1741 593 ipsius

946 615 1103 669 monasterii
1127 615 1238 687 recipiat
1261 631 1330 686 quas
1345 613 1468 670 Ecclesia
1484 609 1686 669 cantuariensis
1705 608 1741 664 dc

946 711 1048 759 caetera
1063 704 1261 774 imperpetuum
1278 704 1366 775 quiete
1380 703 1488 768 lrabeat,
1501 700 1537 755 ita
1551 708 1580 755 ut
1589 713 1640 754 nec
1650 697 1740 754 eidam

946 792 1162 863 archiepiscopo,
1179 808 1230 849 nea
1244 793 1323 848 alicui
1346 805 1537 847 successorum
1560 802 1667 843 suorum
1692 800 1742 856 per

945 896 975 935 se
990 882 1049 936 sive
1064 897 1113 952 per
1127 881 1265 936 ministros
1278 897 1344 937 suos
1359 882 1392 935 ab
1408 880 1503 935 eodem
1520 874 1742 934 monasteriovel

946 980 1075 1035 iratribus
1089 978 1193 1051 aliquid
1204 981 1312 1052 exigere
1326 980 1414 1036 liceat.
1425 977 1456 1034 Si
1472 976 1532 1048 quis
1546 983 1636 1031 sutem
1647 978 1741 1029 contra

944 1071 1003 1126 haec
1027 1078 1129 1124 temere
1155 1067 1248 1125 venire
1270 1066 1485 1140 presumpserit,
1502 1065 1552 1119 nisi
1573 1063 1654 1120 tertio
1668 1077 1740 1119 com·

944 1157 1061 1212 monitus
1077 1166 1181 1212 reatum
1196 1174 1274 1212 sunm
1298 1157 1381 1230 dignu
1407 1154 1589 1211 satisfactione
1611 1165 1740 1208 correxe-

945 1247 989 1315 rit,
1006 1247 1186 1303 anathematis
1201 1248 1293 1321 gladio
1309 1244 1431 1304 feriatur.

1282 1370 1405 1427 cxxxi

944 1461 1737 1542 otptomotapopmentumpromonasterias.,tuqusttat

1229 1539 1455 1595 coaluerieasir.

1224 1630 1315 1699 (duno
1327 1627 1447 1689 eademi

1212 1718 1303 1790 itala,
1327 1734 1354 1789 p.
1382 1716 1471 1789 icoc]

245 1819 317 1891 [flur.
334 1821 446 1890 anglic,
463 1820 628 1888 scrap,‚111‚
647 1819 735 1889 asoa}
978 1806 1081 1863 Lucius
1096 1808 1244 1879 episcopus
1259 1822 1356 1861 servus
1372 1819 1513 1861 servorum
1531 1802 1587 1872 Dei,
1600 1810 1652 1859 etc.
1676 1844 1683 1856 .
1704 1843 1711 1857 .
1729 1845 1737 1858 .

130 1918 234 1973 Lectus
247 1918 403 1989 episcopus,
423 1935 516 1973 servus
535 1934 680 1973 servorum
705 1919 765 1987 Dei,
785 1920 891 1977 dilectis
979 1897 1109 1952 Psffimffl
1124 1896 1319 1951 “mmmmm
1341 1893 1422 1951 V⁰bi⁸
1441 1892 1585 1949 E⁸¹²¹¹¹⁰fi⁵
1607 1900 1632 1948 ⁰¹
1653 1899 1738 1949 mlum

91 2004 156 2063 filiis
177 2008 289 2063 Huoonr
313 2007 405 2063 abbati
429 2007 502 2062 Beati
527 2007 668 2079 Augustini
692 2008 890 2065 cantuariensis
942 1983 1013 2039 huus
1028 2000 1113 2057 ¹¹qu⁸
1128 1984 1162 2039 ad
1178 1983 1348 2039 mediam
1364 1998 1453 2054 “luae·
1468 1982 1537 2037 ΒΜ
1550 1996 1567 2037 ⁸
1581 1981 1661 2037 ¹²⁰⁰ae
1676 1995 1737 2034 ¹¹¹⁰*

92 2097 208 2168 ejusque
223 2097 362 2163 iratribus,
377 2095 488 2151 salutem
512 2104 538 2151 et
556 2096 733 2167 apostolicam
757 2097 889 2154 benedic·
940 2071 1036 2128 “¹⁰¹5ae
1049 2072 1165 2129 Henfiffl
1180 2081 1208 2128 ‘³²
1223 2072 1364 2143 ΒῑθΡΜΜ)
1378 2071 1528 2143 ᾹΠΒῙΟΝΠῚ
1545 2068 1655 2141 ‘essibffi
1677 2082 1739 2123 ‘¹¹⁰‘

90 2184 203 2242 ponem·
940 2160 1061 2216 nesterio
1076 2169 1118 2216 est
1131 2176 1302 2230 concessum,
1319 2169 1394 2215 etc...
1410 2159 1606 2230 (attestatio
1616 2162 1659 2213 cst
1672 2171 1740 2214 cum

440 1545 550 1599 LXXX.

120 1642 204 1697 Eullu
218 1658 269 1713 pro
284 1643 408 1698 Ecclesia
423 1642 449 1698 S.
466 1643 619 1712 Augustini
635 1643 861 1697 cantuariensis.

389 1733 477 1797 (durno
493 1731 584 1799 titt.)

130 2273 330 2330 venerabilium
341 2275 464 2331 iocorum
475 2290 541 2330 curra
552 2291 602 2329 nos
616 2276 786 2331 admonetde
795 2293 888 2333 eorum
940 2251 1144 2322 ⁸¹⁴⁶⁸⁶²ll²¹5⁰²¹⁶
1158 2266 1195 2305 ¹¹
1209 2249 1426 2319 θα’(ῗῑηίῑϋῑ””·)

1268 2371 1404 2426 Lxxxn.

940 2471 1168 2543 designationem
1188 2486 1271 2543 quam
1289 2471 1363 2540 liupo
1377 2467 1517 2525 secundus
1536 2467 1620 2524 ullus
1636 2467 1663 2525 S.
1680 2469 1736 2524 Aa·

975 2544 1084 2614 pustiai
1095 2541 1310 2596 cantuariensis
1317 2541 1389 2611 scell
1399 2542 1433 2596 de
1442 2540 1576 2597 sacrtrliu
1584 2543 1611 2595 cl
1622 2555 1738 2596 camera

975 2613 1144 2669 manasterii
1158 2613 1283 2669 ecclcsiae
1298 2612 1463 2680 confimat.

1236 2701 1325 2765 (Anno
1339 2700 1433 2767 titt.)

91 2372 221 2435 perpetua
247 2365 389 2419 securitate
410 2370 541 2428 tractare,
558 2373 584 2418 et
599 2367 689 2434 infra.
711 2367 888 2421 Concordiam

90 2453 182 2525 itaque
193 2470 255 2525 quaa
267 2453 336 2508 inter
347 2470 394 2509 vos
405 2462 431 2508 et
442 2453 627 2509 venerabilem
649 2454 757 2510 fratrem
768 2463 887 2510 nostrum

90 2540 279 2597 Theobaidum
303 2541 536 2613 arehiepiscopum
562 2541 784 2598 cantuariensem
809 2560 890 2616 super

90 2630 291 2686 t.s.etv11d.
309 2645 377 2702 quos
401 2639 520 2685 vestrum
546 2631 737 2685 monasterium
760 2632 888 2688 Ecclesia

90 2718 283 2774 Cantuariensi
311 2718 425 2790 singulis
448 2720 525 2773 annis
557 2718 664 2775 solvere
697 2728 887 2789 consueverat,

90 2807 160 2862 sicut
182 2824 233 2878 per
256 2807 438 2862 venerabilem
463 2807 573 2862 fratrem
596 2815 715 2863 nostrum
740 2811 888 2866 chricom
1218 2788 1309 2861 libid,
1326 2805 1353 2860 Ρ·
1372 2786 1461 2862 1806]

89 2895 315 2965 wyntoniensem
345 2895 505 2966 episcopum
530 2904 556 2950 el
576 2896 643 2950 tilios
666 2897 801 2954 discielos
820 2898 890 2954 vlt'os
976 2903 1246 2974 Lucursepiscopus,
1263 2918 1360 2957 servus
1381 2917 1521 2958 servorum
1538 2900 1664 2969 Daiei&

87 2982 167 3054 pacis
198 2982 299 3037 intuitu
339 2983 536 3039 rationabiliter
570 2985 641 3040 iacta
660 2993 715 3053 est,
738 2985 888 3056 apostolica
977 2989 1739 3062 Quotiesnobisiliudpetituretiasra,etc.Concessio-

88 3072 250 3127 suctoritute
279 3072 415 3127 firmamus
439 3081 462 3127 et
487 3080 575 3128 ratam
599 3090 711 3130 manere
732 3090 885 3140 censemus,
902 3044 927 3107 C
942 3098 1003 3137 nam
1020 3081 1111 3150 itaque
1126 3079 1331 3150 possessionum
1342 3078 1399 3135 sive
1410 3079 1564 3135 reddituum
1578 3077 1738 3135 adlumius·

88 3167 119 3215 ut
133 3159 257 3215 videlicet
272 3161 395 3216 eeclesiae
409 3162 437 3216 S.
453 3161 592 3216 Trinitatis
607 3162 813 3218 cantuariensis
834 3164 887 3221 duo
941 3169 979 3224 ria
993 3168 1188 3233 continuanda,
1200 3175 1227 3223 et
1242 3169 1328 3239 ipsum
1344 3167 1537 3223 monasterium
1555 3165 1738 3238 reparandum

87 3247 247 3304 molendina
267 3247 339 3320 apud
357 3250 456 3313 Doroa,
473 3266 536 3320 oriae
548 3251 619 3320 juris
633 3251 720 3320 ipsius
734 3259 812 3306 erant
827 3268 888 3308 mo·
941 3266 969 3313 st
984 3258 1134 3313 ornandum
1151 3273 1165 3311 a
1182 3264 1216 3320 te,
1229 3254 1266 3310 liii
1277 3256 1363 3311 abbas
1375 3257 1464 3325 lingo,
1477 3271 1537 3311 cum
1548 3254 1664 3309 fratrum
1674 3270 1739 3312 cou-

88 3337 213 3401 nasterii,
231 3347 256 3393 et
276 3353 315 3392 xx
331 3355 353 3392 s.
370 3338 404 3394 de
430 3339 571 3408 praehenda
597 3356 676 3407 auam
697 3339 768 3394 idern
790 3357 888 3396 mona·
940 3348 1000 3402 sitio
1011 3346 1210 3402 rationabiliter
1226 3344 1324 3401 laetam
1336 3352 1362 3400 et
1373 3344 1475 3414 scripto
1487 3352 1531 3400 tuo
1540 3341 1736 3413 confirmatam,

88 3426 203 3481 starium
219 3425 300 3480 habat
323 3427 349 3479 in
371 3426 486 3482 ecclesia
503 3427 597 3481 Sancti
615 3427 719 3505 ilartici
734 3428 768 3482 de
784 3428 886 3495 Devor,
941 3435 1085 3507 praesentis
1100 3435 1192 3505 scripti
1207 3433 1308 3506 pagina
1323 3434 1526 3499 confirmamus,
1537 3441 1566 3489 et
1577 3440 1661 3487 ratam
1676 3447 1737 3487 ma-

88 3514 142 3570 hte
157 3514 312 3570 conditione
332 3523 360 3569 ul
383 3515 418 3569 de
442 3523 546 3569 ets-‘lem
571 3523 734 3571 memorfllos
749 3532 774 3570 t·
791 3533 826 3582 s·‚
849 3532 887 3572 tlt
941 3540 1007 3580 nere
1023 3539 1176 3590 censemus,
1193 3520 1318 3578 videlicet
1333 3522 1386 3578 duo
1396 3521 1550 3579 molendina
1565 3519 1633 3577 inira
1641 3519 1740 3577 civito·

88 3601 120 3657 d.
140 3617 194 3656 non
212 3603 311 3674 exigat,
329 3603 402 3658 saiva
428 3604 454 3656 in
479 3604 585 3658 caeteris
610 3603 745 3672 utriusque
760 3604 888 3661 Ecclesiae
941 3619 1006 3681 tem,
1023 3629 1038 3666 x
1054 3627 1162 3668 marcas
1177 3610 1211 3666 de
1227 3610 1346 3666 Ecclesia
1361 3610 1396 3665 de
1410 3610 1571 3677 ltiddelton,
1587 3609 1623 3665 itu
1637 3617 1666 3664 ut
1686 3617 1739 3665 tres

88 3708 141 3763 per
156 3692 246 3746 omnio
260 3693 402 3761 dianiltte·
417 3692 567 3746 Statuimus
584 3692 663 3746 <liant
680 3700 707 3746 11¹
720 3693 746 3747 in
761 3708 888 3748 concam·
941 3700 993 3756 sint
1009 3701 1043 3756 ad
1059 3700 1144 3756 libros
1158 3698 1310 3766 iaciendos,
1323 3707 1349 3754 et
1363 3707 1462 3754 catera
1471 3707 1575 3769 septem
1590 3697 1739 3754 reddantur

87 3780 164 3836 bium
190 3779 299 3835 illorum
326 3780 406 3834 trium
431 3780 581 3835 solidorum
603 3781 647 3852 qui
663 3795 713 3850 pro
730 3796 807 3850 pane,
823 3789 888 3853 potu
941 3788 1030 3859 altari,
1044 3797 1071 3844 et
1088 3802 1184 3843 omues
1209 3786 1335 3841 denarios
1351 3786 1396 3858 qui
1414 3787 1498 3842 oblati
1513 3785 1613 3843 luerint
1627 3786 1654 3841 iu
1670 3784 1738 3842 lesto

88 3878 116 3925 et
136 3869 278 3933 arietibus,
294 3869 500 3939 archiepiscopo
516 3877 541 3923 et
556 3867 686 3923 Ecclesiae
700 3869 887 3925 cantuariensi
942 3878 1101 3935 sanctorum
1119 3878 1225 3931 cosme
1240 3881 1267 3929 et
1282 3874 1407 3930 Damiani
1423 3875 1450 3929 in
1465 3883 1554 3931 restra
1577 3875 1682 3947 capella
1703 3873 1740 3931 de

88 3982 104 4020 a
129 3966 267 4022 monacbis
291 3967 322 4020 B.
353 3965 494 4038 Augustini
526 3966 665 4021 annuatim
700 3966 885 4034 solvebantur,
940 3966 1080 4032 chistelet,
1091 3972 1118 4020 et
1131 3979 1227 4021 ornnes
1242 3962 1370 4018 denarios
1384 3979 1453 4035 quos
1468 3964 1573 4020 solebat
1584 3963 1687 4019 habere
1702 3963 1738 4021 dc

88 4108 156 4162 siam
169 4114 195 4162 et
210 4107 402 4162 monasterium
418 4107 638 4162 Forrlis-Ebraurli
653 4123 714 4163 cum
730 4108 820 4163 multis
842 4108 887 4164 ia·
941 4108 1087 4164 concordia
1104 4107 1176 4162 inter
1191 4107 1416 4179 andegavensem
1427 4104 1579 4161 Ecclesiam
1594 4110 1619 4158 et
1631 4105 1737 4160 Fontis-

91 4177 205 4233 boribus
227 4187 254 4232 et
276 4177 516 4232 innumerabilibus
531 4179 656 4247 expensis
672 4179 772 4249 agitata
789 4179 884 4242 iuerat,
939 4179 1060 4235 liprandi
1091 4179 1288 4234 monasterium
1320 4177 1483 4248 composita.
1513 4176 1577 4231 llaec
1600 4175 1735 4245 siquidem

89 4250 210 4312 tandem,
229 4249 276 4303 liei
294 4250 468 4303 miseratione
484 4251 664 4317 permittente,
682 4250 716 4303 ad
733 4250 886 4319 tranauilli-
939 4251 1085 4306 concordia
1114 4249 1184 4304 facts
1198 4257 1240 4304 est
1254 4248 1327 4318 apud
1343 4246 1593 4304 Fontem-Ehrsudi
1609 4262 1658 4308 per
1673 4262 1734 4301 ma-

89 4321 152 4374 latis
175 4328 282 4391 portum
308 4322 357 4374 hoe
382 4320 464 4374 modo
488 4320 660 4374 deduximus.
693 4321 884 4375 investituram

88 4391 181 4462 itaque
198 4408 258 4460 oure
271 4390 370 4445 Turoni
385 4406 400 4442 a
417 4391 616 4445 venerabilibus
629 4391 753 4445 Patribus
769 4393 884 4464 liugane

87 4461 256 4526 Turonensi,
283 4461 413 4516 tiarrlrido
440 4462 632 4526 Burdogalensi
656 4463 883 4532 archiepiscopis,

88 4530 224 4587 Gaulrido
239 4532 409 4597 carnotensi,
422 4531 546 4586 Gi'berto
564 4533 735 4595 Pietav‘iensi,
749 4535 886 4589 llernardo

88 4604 268 4666 xantonensi,
281 4602 425 4672 episcopis,
437 4612 463 4656 et
473 4603 532 4656 aliis
544 4603 664 4672 pluribus
676 4604 799 4667 personis
810 4605 885 4673 adju·

88 4674 177 4729 dicata
192 4673 242 4728 tuit
264 4691 345 4746 quum
364 4674 444 4727 etiam
463 4675 541 4727 irater
551 4682 643 4728 noster
655 4673 884 4743 Ulgeriusdndc-

88 4744 217 4813 gavensis
233 4745 379 4815 episcopus
393 4745 536 4807 concessit,
549 4760 598 4799 nos
613 4744 670 4799 viee
681 4744 885 4814 audegavensis

88 4815 221 4871 Ecclesiae
236 4816 400 4871 monialibus
416 4815 642 4869 Fontis-Ebraudi
659 4816 844 4869 concessimus
859 4824 884 4870 et

89 4886 319 4949 confirmavimus,
329 4896 357 4940 ut
369 4886 485 4939 lia-miter
496 4886 625 4954 deinceps
636 4894 662 4939 et
673 4886 833 4942 inconcusse
844 4887 887 4941 ba·

89 4956 179 5020 beant,
191 4965 299 5012 teneant
315 4972 347 5013 ac
362 4957 526 5024 possideant.
540 4960 549 5010 l
554 4974 612 5024 pseu
623 4973 688 5012 vero
700 4958 831 5013 moniales
840 4957 885 5014 bo·

88 5045 150 5083 nam
163 5044 257 5099 pacem
267 5030 434 5095 sedenneps
444 5028 633 5082 cumEeclesia
642 5029 834 5097 andegavensi
844 5030 886 5083 ha·

88 5100 191 5153 bitures
203 5099 470 5163 nobispromiseront
482 5106 722 5153 cleonae-serunt.
733 5097 885 5153 Statuimus

88 5179 177 5224 sutem
194 5171 263 5239 quod
275 5171 396 5225 Basletns
407 5169 497 5223 omnia
514 5169 555 5221 ilia
572 5170 605 5222 de
622 5169 719 5238 ciuibus
734 5186 795 5223 eum
813 5169 884 5239 apud

88 5241 244 5296 columnam
265 5241 464 5302 investivimus,
480 5240 514 5292 de
529 5249 639 5300 rutero,
654 5240 730 5294 salvo
752 5241 812 5309 jure
827 5246 884 5296 dn—

87 5312 254 5377 degsvensis
275 5311 406 5382 episcopi,
422 5311 519 5364 habeat
544 5318 571 5365 et
594 5309 742 5380 possideat.
762 5313 816 5368 Pro
838 5328 883 5369 re·

87 5384 310 5453 corupensatiooe
335 5397 398 5437 vero
422 5381 586 5435 damnorum
610 5399 737 5446 suorum,
764 5399 823 5451 rutrao
854 5399 884 5439 se

87 5455 171 5510 muita
185 5461 213 5508 et
227 5454 319 5526 gravia
335 5451 477 5521 pertulisse
493 5453 722 5521 eorrqoerebatur,
740 5455 884 5508 statuimus

86 5532 115 5579 ot
131 5524 207 5580 mille
223 5524 300 5580 solidi
314 5523 521 5594 audegavensis
536 5531 651 5579 monetae
667 5523 690 5578 ei
703 5522 882 5580 solverentur.

86 5594 167 5666 Quod
191 5594 336 5652 ellectum
352 5601 404 5661 est,·
424 5602 449 5650 et
464 5594 522 5661 sic,
548 5596 607 5652 Deo
630 5602 783 5663 aunuente,
807 5595 880 5652 bons

941 4339 1004 4376 num
1019 4329 1139 4379 nostram
1154 4319 1181 4375 in
1198 4321 1343 4391 praesentia
1356 4319 1463 4375 domnae
1476 4315 1636 4372 Patrouiiiae
1647 4317 1734 4372 abba·

901 4393 1027 4460 Dtissae,
1057 4399 1083 4447 et
1115 4390 1251 4473 priorissae
1275 4389 1521 4451 Fontis-uorandi,
1549 4396 1573 4444 et
1599 4386 1736 4443 llstbildis

941 4462 1040 4518 sororis
1053 4470 1159 4519 comitis
1173 4461 1361 4587 gliritannieel,
1384 4461 1411 4515 in
1434 4458 1557 4533 capitulo
1577 4457 1735 4514 monialium

939 4534 1058 4600 ipsarum
1074 4548 1173 4589 concor
1193 4533 1247 4587 iarn
1263 4533 1388 4588 laudante
1411 4539 1435 4586 et
1456 4529 1639 4585 conflrmante
1653 4529 1736 4601 (torte

939 4604 1075 4659 laudantis
1097 4612 1123 4659 et
1147 4603 1354 4669 confirmantis).
1377 4603 1558 4657 interfuerunt
1580 4601 1643 4657 huic
1664 4617 1734 4657 eou-

939 4676 1042 4730 cordian
1058 4674 1201 4729 Beruerius
1217 4675 1303 4729 abbas
1314 4673 1499 4739 Nocet-ianus,
1511 4679 1537 4727 et
1547 4671 1639 4728 clerici
1649 4670 1736 4728 nostri

938 4746 1096 4800 Theduinus
1119 4744 1248 4819 magister
1271 4744 1440 4810 scholarum,
1456 4743 1616 4798 Guillelmus
1639 4741 1732 4825 capei-

940 4817 1033 4882 lanus,
1064 4813 1166 4870 Bricius
1197 4814 1372 4885 capellanus,
1407 4813 1557 4869 Garnerius
1595 4820 1734 4875 notanus;

939 4886 1029 4943 elerici
1044 4886 1272 4957 andegavenses,
1289 4885 1434 4941 Garriridus
1458 4885 1494 4940 de
1513 4883 1736 4940 Sancto-Satur-

940 4959 1004 5014 nioo
1014 4957 1233 5023 archidiaconus,
1247 4958 1331 5012 lonas
1346 4956 1514 5028 capellanus,
1530 4961 1555 5010 et
1570 4954 1663 5025 piures
1677 4954 1734 5011 slii.

939 5030 973 5086 Ut
987 5038 1075 5084 autem
1092 5030 1150 5084 traec
1164 5027 1311 5083 concordia
1322 5026 1400 5082 firma
1415 5036 1440 5083 et
1455 5029 1617 5082 inconcussa
1628 5042 1734 5097 perma-

938 5109 1010 5164 neat,
1035 5099 1137 5168 scripto
1161 5097 1224 5153 lruic
1246 5098 1437 5153 commendare
1459 5096 1623 5162 curarimus,
1640 5104 1668 5152 et
1683 5096 1734 5151 sub

939 5168 1115 5241 chirographi
1138 5168 1331 5234 astipulatione
1354 5166 1454 5223 iirmari
1478 5166 1605 5223 iacimus.
1632 5167 1733 5223 Actum

939 5249 978 5296 est
993 5242 1043 5296 boc
1071 5255 1141 5296 anuo
1162 5240 1197 5295 ab
1219 5242 1356 5296 incarnat.
1386 5240 1468 5295 Dum.
1497 5239 1585 5303 titt,
1610 5238 1734 5312 Eugenio

939 5327 1009 5383 papa
1025 5312 1052 5365 in
1068 5312 1133 5366 urbe
1148 5311 1321 5380 praesidente,
1336 5310 1473 5368 ludovico
1489 5324 1554 5380 rege
1567 5309 1733 5365 Francorum

937 5383 966 5437 in
980 5383 1155 5443 expeditione
1168 5383 1199 5438 le
1209 5381 1399 5451 *osolymitana
1417 5381 1590 5437 demorante.
1606 5379 1735 5453 Sigillum

938 5452 1108 5523 Engelbaudi
1122 5453 1241 5521 arciriep.
1258 5451 1444 5518 Turonensis,
1467 5451 1548 5525 sigill.
1573 5450 1733 5506 monasterii

938 5523 1171 5653 Folrgtisticgggdi.
1185 5546 1197 5572 ι»
1210 5522 1250 5579 Ex
1265 5525 1366 5597 clypco
1378 5524 1458 5579 losn.
1470 5522 1505 5580 de
1520 5522 1547 5579 ia
1561 5520 1729 5589 licinianus,

938 5603 957 5653 t.
1005 5612 1060 5669 ,p.
1138 5636 1145 5650 .
