3750 6000
59 276 111 328 tls
639 260 816 320 aristote
835 261 880 317 ET
903 262 1113 322 PllllllLEGlt.
1646 265 1697 320 stt

59 412 119 454 rum
145 395 268 468 quolibet
295 406 500 456 successorum,
528 390 619 446 nullus
647 387 715 443 inibi
736 384 855 457 qualibet
869 388 899 449 Α
950 389 1009 461 Ego
1033 391 1117 446 Wido
1131 391 1276 461 presbyter
1288 390 1368 446 cord.
1389 389 1429 444 tit.
1447 389 1476 443 S.
1493 386 1667 460 chrisogoni.

60 484 246 556 subreptionis
260 481 356 537 astutis
370 496 419 536 seu
433 478 559 535 violentis
586 483 770 548 preponatur,
805 473 857 527 nisi

60 589 141 646 quem
154 571 258 626 lrstres
272 568 410 626 communi
427 583 552 634 assensu,
578 582 627 622 seu
654 580 719 636 pers
752 560 859 618 consilii

61 660 193 726 sanioris,
207 657 357 715 secundum
371 655 421 713 Dei
436 658 561 712 timorem
587 662 613 710 et
628 653 699 709 besti
726 649 863 706 Benedicti

64 756 209 830 Regulum,
226 754 403 826 praeviderint
416 753 583 824 eligendum.
600 753 672 809 Seue
692 750 858 821 sepulturam

63 845 151 917 ipsius
171 843 227 899 loci
239 842 351 897 liberum
366 857 427 897 esse
442 841 629 907 concedimus,
647 849 792 902 uteorum,
814 835 860 907 qui

59 949 91 991 se
106 933 164 988 illic
179 930 289 1001 sepeliri
303 928 518 985 deliberaverint
534 928 671 985 devotioni
698 926 762 997 (uisi
790 925 859 980 lorte

59 1025 289 1084 excommunicati
313 1025 378 1089 sint)
409 1023 499 1080 nullus
527 1024 652 1080 obsistat.
679 1021 860 1079 Decernimus

59 1131 126 1190 ergo
153 1120 187 1170 ut
229 1112 298 1168 nulli
326 1128 444 1184 unquam
469 1112 664 1169 ecclesiastices
702 1108 862 1166 saecularire

61 1216 195 1276 persone
208 1200 288 1257 liccat
300 1200 446 1272 prelatum
460 1208 582 1257 vestrum
608 1198 804 1255 monasterium
820 1204 858 1251 te·

58 1307 134 1348 mere
148 1289 322 1362 perturbare,
339 1297 385 1344 aut
400 1291 461 1359 eius
475 1288 666 1360 possessiones
694 1285 802 1342 aulerre
818 1285 861 1340 vel

57 1377 303 1446 ablutasretinere,
320 1377 454 1443 minuere,
476 1376 534 1432 sive
553 1374 719 1449 quibuslibet
744 1373 860 1444 tetigere

949 478 1007 549 Ego
1021 478 1155 534 Presbiter
1169 478 1210 533 tit.
1230 478 1350 533 Pastoris
1363 475 1511 532 cardinalis
1530 474 1687 546 presbyter.
1751 484 1756 499 ¹

949 565 1008 637 Ego
1021 567 1106 623 Goizo
1120 567 1265 637 presbyter
1279 565 1354 622 card.
1372 564 1412 619 tit.
1430 565 1461 619 S.
1481 562 1608 620 cecilio.

949 654 1008 725 Ego
1022 655 1163 709 Corradus
1175 653 1345 710 Sebinieusis
1359 652 1517 722 episcopus.

949 742 1009 814 Ego
1023 742 1213 800 Theodevinus
1227 742 1334 798 Senotae
1352 739 1456 795 Rufinae
1470 739 1626 810 episcopus.

950 830 1008 900 Ego
1024 830 1148 885 ttlberius
1162 830 1329 885 Albanensis
1343 829 1498 899 episcopus.

949 919 1008 988 Ego
1023 919 1176 991 Gregorius
1189 919 1320 975 diaeonus
1336 917 1411 974 card.
1438 917 1599 973 Sanctorum
1619 915 1709 988 Sergii

913 1014 940 1060 et
954 1006 1062 1062 Bacchi.

949 1112 1009 1183 Ego
1023 1112 1170 1169 Albericns
1184 1112 1317 1169 Ostiensis
1331 1112 1486 1185 episcopus.

949 1200 1010 1272 Ego
1030 1200 1094 1257 Otto
1110 1201 1241 1258 diaconus
1259 1201 1337 1261 cord.
1362 1201 1390 1257 t.
1415 1199 1529 1271 Georgii
1552 1199 1588 1256 ad
1614 1197 1709 1254 Velum

915 1289 1046 1344 Aureum.

950 1385 1008 1456 Ego
1028 1385 1152 1441 Vesallus
1171 1386 1303 1443 diaconus
1322 1386 1398 1443 cerd.
1424 1386 1455 1441 S.
1488 1384 1625 1442 Eustachii
1638 1386 1698 1454 juxt

59 1464 207 1533 molestiis,
223 1464 376 1520 sedomnie
397 1465 502 1537 integre
530 1471 728 1519 conserventur
755 1477 862 1531 eorum,
913 1473 1046 1544 templum
1062 1474 1205 1546 Apim,

57 1569 109 1627 pro
123 1568 243 1626 quorum
257 1551 458 1625 gubernatione
473 1561 500 1608 et
521 1551 717 1606 sustentatione
732 1565 864 1606 concessa

950 1571 1009 1641 Ego
1032 1568 1155 1626 Ubuldus
1181 1571 1315 1630 dissonus
1337 1572 1413 1628 curd.
1438 1572 1466 1627 S.
1491 1571 1583 1627 Mariae
1606 1572 1633 1626 in
1659 1572 1706 1627 lis

59 1650 131 1709 snut,
148 1641 247 1696 usibus
261 1640 425 1696 omnimodis
439 1640 588 1711 proluturu.
604 1640 633 1696 Si
662 1654 715 1711 qun
728 1639 811 1711 igitur
829 1640 855 1694 lu
871 1689 898 1749 B
912 1658 989 1712 Lm,

59 1737 201 1802 posterum
216 1727 406 1785 ecclesiastice
431 1727 607 1784 secularisve
634 1742 763 1798 persone,
786 1728 856 1784 hanc

60 1825 163 1874 nostre
189 1816 392 1874 constitutionis
411 1816 537 1888 paginam
563 1815 663 1881 sciens,
685 1823 777 1871 contra
798 1830 859 1871 eam

59 2081 166 2138 testatis
182 2080 350 2150 honorisque
365 2080 406 2135 sui
420 2080 553 2152 dignitate
568 2089 668 2145 careat,
685 2095 814 2151 reumque
829 2094 860 2135 se

59 2161 152 2218 divino
159 2160 265 2231 judicio
278 2159 402 2214 existere
416 2160 450 2214 de
465 2168 618 2230 perpetrata
641 2159 785 2231 iniquitate
811 2175 861 2215 co-

61 2255 188 2321 gnoscat,
204 2254 233 2303 et
247 2260 264 2301 s
278 2247 471 2302 sacratissimis
485 2262 601 2317 corpore
616 2253 643 2302 et
665 2247 797 2320 sunguine
812 2244 862 2302 Dei

61 2344 89 2392 et
102 2336 215 2392 Domini
236 2335 428 2406 Redemptoris
456 2335 540 2389 nostri
563 2336 627 2391 Jesn
648 2334 746 2390 Christi
772 2335 863 2391 eliens

63 2423 124 2491 fist,
139 2432 224 2495 atque
236 2423 263 2477 in
278 2431 403 2478 extremo
411 2423 534 2478 examine
544 2422 676 2479 districtos
686 2423 784 2480 ultioni
793 2424 863 2478 sub-

62 2504 164 2573 luceat.
182 2502 292 2558 Cunctis
314 2510 405 2557 autem
420 2502 508 2557 eidem
524 2503 583 2558 loco
606 2519 655 2557 sna
667 2504 729 2572 jure
744 2518 865 2560 servun-

62 2591 137 2646 tibus
151 2590 189 2645 sit
204 2606 256 2663 pax
272 2589 382 2646 Domini
410 2590 497 2646 nostri
513 2591 579 2646 lesu
594 2591 705 2657 Christi,
733 2600 866 2663 quatenus

948 1765 1007 1836 Ego
1022 1763 1189 1823 Octuviunus
1203 1766 1335 1823 diaconus
1348 1766 1424 1823 curd.
1438 1766 1467 1822 S.
1482 1764 1587 1823 Nicolsi
1600 1765 1629 1821 in
1642 1766 1707 1823 Cer·

58 1905 154 1963 venire
169 1904 326 1972 tentaverit,
342 1904 464 1960 secundo
478 1902 593 1959 tertiove
603 1903 779 1972 commonito,
803 1903 859 1959 nisi
910 1867 1001 2012 0θέῖο
1023 1941 1112 1998 Guido

59 2002 166 2051 rectum
182 2008 264 2048 suum
280 2008 405 2066 congrus
416 1992 619 2048 sutislsctionne
634 1992 795 2058 correxerit,
806 2007 859 2062 po·
908 2028 1069 2086 cardinalis·

1136 1952 1239 1999 ssuctae
1266 1946 1396 2002 homene
1419 1947 1550 2003 Ecclesia
1575 1948 1706 2004 diaconus

947 2117 1043 2172 Datum
1058 2118 1181 2175 Laterani
1196 2136 1245 2191 per
1260 2137 1371 2177 manum
1387 2123 1527 2192 himerici,
1544 2134 1646 2183 suuctse
1656 2129 1710 2186 llo·

912 2221 1000 2260 mnne
1023 2206 1154 2262 Ecclesiae
1177 2208 1295 2276 diaconi,
1320 2209 1466 2265 cardinalis
1490 2219 1516 2268 et
1541 2215 1708 2287 cancellarii,

914 2293 1034 2349 secundo
1048 2294 1140 2348 Nonas
1155 2295 1227 2362 lleii,
1246 2296 1392 2354 indictione
1411 2300 1498 2366 tertie,
1519 2315 1591 2357 anno
1611 2303 1707 2362 lucar-

913 2381 1032 2436 nntionis
1056 2383 1205 2439 Dominicae
1223 2386 1301 2450 tito,
1322 2384 1493 2456 pontificatus
1515 2404 1581 2447 vero
1605 2391 1710 2448 domini

915 2469 1066 2527 innocentii
1076 2471 1197 2527 secundo
1208 2487 1286 2544 pspae
1298 2488 1369 2529 anno
1383 2475 1537 2542 undecimo,
1553 2485 1605 2534 etc.
1622 2481 1709 2552 (156).

1247 2574 1377 2630 cuxtvt

63 2677 91 2726 θ*
107 2669 377 2767 ffi⁶fm⁰¹¹fm,b⁰⁰ae
403 2670 522 2767 ΜΨ*
552 2671 712 2741 percipiant,
741 2680 767 2726 “¹
795 2670 866 2743 ΨΜ
918 2691 960 2750 te
976 2693 1139 2750 Alterooem
1153 2695 1394 2767 archiepiscopum
1408 2696 1610 2756 trevirensem.
1632 2702 1714 2759 iubet

65 2773 227 2830 ”prmum
241 2757 363 2826 lumem
377 2772 489 2829 Pfaefflffi
503 2762 614 2813 aeoemae
629 2758 703 2829 9⁸⁰i⁸
713 2757 865 2815 minim·
918 2786 951 2839 ut
971 2782 1230 2854 monesteriumJS.
1241 2782 1566 2844 dociminiinordinem
1578 2790 1711 2848 redueat.

66 2841 169 2904 Amen,
186 2853 276 2904 amen,
289 2851 383 2892 emen.

100 2935 164 3006 Ego
177 2934 351 2991 Innocentius
366 2934 516 2990 Catholicae
529 2932 659 2990 Ecclesiae
671 2934 830 3008 episcopus.

1148 2869 1240 2942 (duno
1254 2874 1334 2938 llll),
1350 2872 1411 2929 Maii
1427 2878 1453 2928 8.
1472 2879 1481 2942 )

1005 2957 1186 3030 [Wunrvntrn
1203 2960 1280 3015 Nouo
1293 2961 1426 3028 subsidio,
1443 2962 1491 3029 ΙΧ,
1507 2980 1535 3036 p.
1550 2967 1630 3040 ioh]

98 3031 162 3102 Ego
176 3029 324 3087 Anselmus
339 3032 484 3103 presbyter
499 3032 648 3088 cerdinclis
662 3032 729 3088 tituli
744 3033 775 3089 S.
794 3033 866 3088 Leo·
881 3032 906 3097 C
957 3046 1146 3102 tssocsrrms
1161 3048 1319 3120 episcopus,
1336 3065 1431 3106 servus
1446 3067 1584 3109 sertorum
1596 3055 1656 3123 Dei,
1669 3074 1717 3114 ve·

66 3120 148 3177 rentii
162 3119 192 3174 in
207 3118 318 3177 Lucina.

107 3199 168 3271 Ego
182 3197 373 3272 chrisogonus
387 3198 533 3272 presbyter
547 3200 623 3256 curd.
639 3199 678 3255 tit.
707 3199 735 3256 S.
763 3201 869 3256 Proxe-

70 3287 236 3440 ffliigolrs
261 3368 338 3424 curd.
367 3368 512 3440 presbyter
539 3367 568 3426 S.
598 3367 733 3424 laurentii
758 3367 786 3423 in
815 3368 870 3424 bs·

76 3461 173 3602 Ἥ
188 3530 223 3586 C.
241 3530 277 3586 G.
294 3529 374 3586 cerd.
392 3530 537 3602 presbyter
552 3531 593 3586 tit.
614 3532 706 3588 suncti
726 3531 834 3588 Calixti.

105 3614 168 3686 Ego
182 3613 318 3670 hibaldus
325 3615 471 3686 presbyter
493 3616 567 3672 card.
588 3615 629 3670 tit.
652 3616 681 3672 S.
707 3616 870 3672 hunstasiae.

107 3829 186 3902 (lhbl
195 3828 256 3900 Qun
263 3830 368 3886 rollone
377 3846 499 3900 praesens
508 3829 580 3886 bullu
579 3846 638 3955 1per
645 3831 795 3886 monachos
806 3829 872 3884 sub·

73 3910 150 3974 reple
165 3901 256 3967 luerit,
273 3903 447 3973 sequentibus
470 3901 556 3957 refert
606 3901 742 3957 aldericus
764 3901 790 3954 in
810 3901 871 3956 vita

74 3974 179 4028 Alber.
202 3973 265 4027 stro
273 3971 501 4043 igiturtempore,
514 3988 576 4028 cum
587 3980 698 4029 vncsret
710 3972 825 4028 ecclesis
836 3971 868 4026 S.

76 4042 221 4099 llaximini
239 4051 363 4112 pastore,
383 4042 523 4114 elegerunt
538 4043 664 4098 monachi
674 4042 799 4097 abbatem
811 4056 873 4095 mo-

922 3143 1036 3200 nersbili
1056 3143 1133 3199 lrstri
1152 3145 1300 3200 Annnnonr
1319 3145 1474 3203 Trevirensi
1497 3150 1714 3226 archiepiscopo,

923 3244 1080 3317 spostolicse
1095 3245 1169 3302 sedis
1182 3245 1282 3318 legato,
1298 3247 1412 3305 salntem
1426 3257 1454 3305 ct
1468 3253 1646 3322 apostolicam
1666 3256 1719 3313 be-

923 3342 1115 3398 bedictionem.

959 3430 1110 3486 Laboribus
1139 3431 1192 3488 tuis
1220 3431 1363 3490 effectione
1385 3444 1498 3507 paterna
1525 3441 1716 3513 compotimur,

925 3535 951 3583 et
969 3525 996 3581 in
1021 3527 1119 3599 qulbus
1135 3529 1286 3585 seeundum
1308 3532 1395 3587 Deum
1419 3549 1564 3605 possumus
1587 3553 1667 3610 opem
1691 3548 1718 3597 et

924 3623 1069 3680 consilium
1097 3624 1145 3679 tibi
1178 3635 1306 3697 tanquam
1331 3628 1491 3687 charissimo
1523 3633 1599 3690 lratri
1622 3644 1719 3695 nostro

926 3826 1057 3884 voluntati
1071 3827 1233 3892 contrarius,
1273 3845 1321 3884 naa
1334 3845 1395 3886 cum
1410 3833 1445 3887 D.
1465 3834 1673 3910 archiepiscopo
1691 3840 1719 3897 in

926 3899 1034 3971 synodo
1050 3897 1180 3953 residenti
1195 3845 1367 3967 obtuiissent,
1383 3902 1442 4028 ifise
1455 3919 1487 3959 ex
1502 3908 1584 3962 animi
1599 3923 1720 3968 commo·

926 3971 1000 4025 tione
1015 3969 1089 4039 ipsus
1102 3969 1130 4022 iu
1145 3977 1243 4024 terram
1257 3971 1367 4038 deiecit.
1410 3974 1464 4028 nde
1478 3978 1548 4045 apud
1562 3976 1595 4033 D.
1620 3996 1720 4051 papam

927 4040 1103 4096 innocentius
1117 4049 1269 4108 accusatus,
1285 4042 1321 4097 ob
1336 4042 1395 4112 ipso
1411 4053 1451 4099 est
1465 4055 1578 4102 vocotus
1592 4051 1625 4105 nd
1645 4052 1718 4108 diem

75 4116 193 4171 nacbum
212 4112 358 4185 quemdum
381 4112 415 4168 de
438 4113 560 4169 Ecclesia
583 4113 736 4179 leodiensi,
760 4112 873 4167 lrntrem
927 4112 1127 4183 prescriptum,
1143 4119 1245 4166 etcum
1260 4112 1295 4166 ud
1310 4112 1383 4167 diem
1398 4129 1453 4169 non
1470 4116 1596 4184 venisset,
1612 4123 1720 4192 episco-

76 4185 266 4258 quorumdsm,
295 4184 341 4255 qui
353 4183 499 4239 consiliarii
521 4191 597 4238 erent
620 4184 726 4240 comitis
752 4183 874 4237 Numur-
927 4182 982 4252 puli
998 4190 1037 4236 est
1049 4178 1305 4253 officiosnspensua.
1322 4183 1469 4239 llaecmals
1483 4188 1574 4243 omnia
1585 4199 1721 4249 venerunt

77 4256 178 4324 oensis,
197 4255 271 4319 ideo,
288 4252 439 4310 utiliorum
459 4254 581 4310 consiliis
599 4255 691 4309 scrius
710 4254 738 4308 in
756 4253 875 4309 lusorem
928 4252 1008 4306 simul
1036 4267 1118 4322 super
1145 4253 1231 4318 illum,
1259 4260 1286 4307 et
1311 4253 1346 4309 de
1369 4255 1496 4311 omuibus
1524 4259 1566 4313 his
1594 4260 1721 4318 liberavit

77 4341 155 4381 snum
168 4340 265 4381 comes
306 4325 406 4380 uotidic
427 4327 636 4390 accenderetur;
677 4341 739 4380 uem
761 4327 874 4380 Romam
928 4338 990 4378 eum
1006 4323 1148 4388 Dominus,
1174 4323 1288 4379 llomom
1310 4323 1385 4379 enim
1405 4326 1518 4382 veniens
1540 4330 1629 4388 ehecit
1648 4333 1721 4405 quod

76 4395 186 4467 mugnis
196 4396 297 4466 sumpti
319 4411 352 4450 us
366 4396 498 4451 ducentes
517 4404 612 4451 contre
632 4342 799 4451 vtiiuutatem
824 4410 870 4449 nr·
885 4391 911 4452 D
927 4394 1013 4448 ubbns
1029 4394 1057 4474 S:
1074 4394 1184 4474 Maximi
1199 4394 1380 4451 obedientium
1399 4396 1423 4453 ei
1447 4399 1581 4480 promisit,
1608 4405 1721 4473 etjuru·

78 4465 271 4592 chiegiscupiu
287 4467 319 4520 D.
335 4481 406 4536 pspu
422 4466 578 4523 Innocentio
602 4465 725 4523 lecerunt
747 4464 870 4522 benedici
925 4471 1018 4520 mento
1033 4480 1058 4518 er
1075 4463 1232 4521 fidelitatem
1248 4466 1321 4534 lecit,
1338 4475 1364 4523 ct
1379 4467 1541 4526 electionem
1556 4473 1722 4533 Conlluenti-

79 4538 135 4593 ins
155 4538 257 4605 hetem,
279 4545 306 4591 et
320 4537 459 4592 admirutoe
472 4545 534 4592 sunt
548 4537 635 4592 turbm
649 4537 684 4592 de
707 4544 761 4591 tam
783 4537 873 4592 subita
926 4549 1023 4592 norum
1042 4536 1173 4590 cesserit.
1205 4537 1441 4610 «Sigerlebbatis
1464 4539 1721 4609 juramentumur-

81 4624 171 4664 rerum
195 4607 354 4674 mutatione,
372 4607 486 4674 scilicet,
531 4608 584 4663 uod
608 4608 727 4663 Romanu
748 4606 873 4663 Ecclesia
927 4605 1101 4686 chiepiscopo
1115 4608 1273 4676 prestitum,
1292 4609 1319 4663 in
1335 4618 1490 4677 pervetusto
1507 4617 1722 4688 metropolitane

82 4679 163 4735 telem
183 4686 341 4759 tentumque
361 4679 450 4749 virum
474 4625 660 4748 (hflreronem)
678 4683 735 4733 tum
753 4679 875 4750 graviter
929 4676 1100 4732 bibliothece
1116 4680 1198 4747 (que,
1215 4679 1303 4734 cheul
1325 4678 1404 4735 hodie
1419 4695 1474 4736 non
1488 4684 1579 4740 existit
1591 4688 1723 4760 amplius)

81 4749 245 4818 molestarit,
260 4765 307 4821 qur
326 4757 365 4804 tot
378 4749 492 4805 luborea
507 4757 599 4830 totque
613 4749 736 4820 pericula
751 4764 801 4819 pro
815 4749 876 4819 ipss
931 4746 1144 4818 Evangeliorum
1155 4748 1260 4815 codice,
1273 4764 1327 4821 quo
1337 4749 1508 4822 singulorum
1519 4756 1722 4814 archidioeeesis

82 4821 264 4885 sustinuerat,
280 4819 366 4891 etqui
381 4827 436 4874 tam
452 4836 544 4891 nuper
558 4837 585 4875 ru
604 4828 676 4875 teuta
697 4820 786 4892 gratia
805 4833 876 4889 upo-
930 4820 1009 4874 Tres.
1025 4816 1155 4873 ebbatum
1175 4819 1346 4885 obedientie,
1362 4821 1569 4896 archiepiscopo
1584 4830 1720 4897 praestitus,

82 4891 186 4948 stolicoe
200 4890 275 4946 sedis
293 4889 441 4956 exstiteret,
462 4898 489 4947 et
507 4891 552 4961 qui
572 4905 620 4962 pro
635 4905 706 4960 pepe
722 4888 877 4944 lunocentio
931 4890 1040 4945 insertae
1054 4897 1140 4952 crunt,
1151 4889 1193 4944 his
1204 4891 1295 4946 verbis
1305 4891 1374 4963 legit
1385 4891 1540 4950 Drowerus.
1556 4898 1637 4954 Arm.
1656 4902 1723 4958 Tros

83 4961 247 5019 lotherior
286 4960 294 5015 i
322 4961 455 5017 intentum
484 4977 514 5016 se
533 4967 700 5032 opposuerat
721 4958 877 5030 inexpedi-
932 4959 1108 5013 lih.x1v.1t.
1128 4960 1499 5032 thlipoSeherusobbos
1519 4967 1550 5022 S.
1570 4969 1724 5028 lloeimirri

83 5034 156 5090 hone
177 5047 262 5103 supra
282 5033 346 5098 icto,
370 5032 442 5103 quod
461 5032 521 5103 ipse
543 5031 762 5102 urchiepiscopus
786 5038 812 5085 et
831 5046 877 5086 rest
932 4979 1463 5101 promittoohendientiomireut'rensis
1476 5037 1606 5095 Ecclesiae
1618 5041 1724 5099 rediet

82 5104 117 5160 ab
133 5102 254 5159 inuicem
268 5117 322 5158 non
333 5118 431 5158 sereno
446 5101 716 5159 vultttdiscessereut.
744 5102 879 5157 l’raeterce
933 5099 1176 5157 tibiAlberoniDei
1186 5105 1281 5171 pretio
1293 5103 1502 5161 Treuiremt'um
1514 5109 1723 5186 archiepiscopo

83 5184 206 5246 ternpore
220 5174 299 5242 hujus
310 5189 426 5245 guerre,
442 5189 503 5244 qum
523 5182 580 5229 eret
604 5173 674 5227 luter
693 5172 880 5243 archiepisco·
932 5170 1021 5227 ettuis
1037 5172 1242 5228 suecessoribus
1260 5172 1411 5230 Catholicis
1423 5175 1454 5229 io
1465 5185 1636 5250 perpetuom
1647 5188 1724 5243 salvo

103 5261 149 5301 um
162 5252 191 5299 et
203 5244 331 5301 comitem
346 5243 582 5313 (Namnrcensem)
597 5241 693 5299 iratres
713 5243 747 5298 de
764 5242 879 5298 ecclesia
931 5243 1044 5314 proposi
1047 5246 1073 5297 to
1086 5241 1195 5299 ordinis
1203 5245 1272 5299 mei.
1292 5246 1325 5300 Ut
1338 5250 1428 5299 sutem
1438 5261 1471 5302 eo
1485 5251 1595 5307 leudem
1608 5254 1724 5312 deveni-

124 5313 274 5371 nlluentina
288 5314 330 5383 (S.
345 5314 461 5383 Elorini)
475 5329 536 5369 enm
547 5329 655 5386 quoque
665 5315 800 5369 investarc
819 5328 879 5370 uoe·
934 5322 1016 5376 retur,
1033 5312 1143 5383 etquod
1157 5313 1302 5385 obreptitie
1318 5314 1491 5385 impetratum
1507 5324 1720 5392 rescinderetur,

84 5393 199 5459 petunt.
218 5385 395 5456 Praepositum
409 5386 483 5440 enim
498 5394 590 5441 contra
607 5385 773 5440 voluntatem
787 5381 880 5456 elege·
935 5382 963 5438 S.
979 5381 1139 5438 Beruardus
1151 5383 1229 5439 binas
1243 5385 1372 5457 epistolas
1386 5386 1463 5443 dedit
1478 5391 1513 5446 ad
1534 5394 1723 5452 Innocentium

87 5465 150 5513 runt
173 5456 260 5511 virum
284 5455 404 5512 nobilem
423 5453 460 5509 D.
483 5455 648 5512 Ludovicum
675 5455 709 5511 de
734 5455 879 5527 lsenhurg,
936 5467 1034 5534 papem
1051 5453 1123 5577 (epss.
1147 5454 1198 5511 tto
1212 5463 1241 5511 et
1256 5461 1308 5513 tuo
1321 5458 1489 5529 Remordi);
1510 5479 1578 5534 quos
1597 5482 1648 5523 suo
1667 5484 1724 5524 non

87 5543 151 5585 cum
164 5526 344 5598 quollumsm
358 5527 465 5599 magnis
478 5527 633 5598 sumptibus
655 5533 813 5608 pergentes,
833 5525 881 5580 lit-
936 5539 1085 5606 csrutssee
1107 5532 1180 5591 ectu,
1194 5526 1335 5598 pontilicis
1349 5527 1524 5590 monsontio
1557 5541 1592 5593 20
1607 5538 1725 5595 Decem.

86 5607 163 5656 tens
181 5597 348 5668 sposmtiess
365 5598 525 5665 retulemnt,
549 5598 580 5652 D.
600 5597 807 5670 archiepiscopo
825 5612 883 5654 suae
937 5596 992 5651 bns
1006 5595 1059 5652 hoc
1073 5610 1146 5654 enno
1161 5607 1253 5656 secute
1270 5598 1453 5657 demonstret.
