3750 6000
61 216 136 278 1181
537 218 587 278 nil
608 217 744 280 ausvis
765 217 920 280 PONTIF.
944 217 1060 280 luuh.
1084 253 1123 266 -
1144 221 1217 285 LlB.
1241 221 1266 283 l.
1683 223 1761 287 1482

57 369 137 410 nuno
151 351 362 411 intellectorem
377 353 534 426 desiderat,
546 357 597 413 sod
613 352 686 412 alias
702 355 880 427 quarendus
894 352 922 421 Α
935 353 1137 412 vellicabatur.
1154 353 1347 413 Tolerabilius
1362 353 1440 410 enim
1457 356 1668 428 propemodum
1682 357 1765 414 side·

59 442 215 514 expositor.
227 442 397 500 Orationnm
414 449 443 502 et
456 443 678 502 meditationum
694 445 759 517 ejus
773 445 884 501 instan·
937 447 1170 516 retur,slunius,
1180 445 1415 506 cuiconsuesset.
1426 449 1595 516 perpetuum
1606 445 1764 519 imperium

61 535 132 590 tiam
148 533 259 590 iudicat
274 533 347 590 liber
366 533 401 590 de
416 533 474 603 hia,
490 533 600 606 Spiritu
616 541 730 602 sancto,
746 537 779 591 ut
793 533 884 590 credi·
939 535 1153 607 ingemisceret,
1174 551 1263 608 quam
1291 533 1373 591 nevis
1391 538 1420 590 et
1441 533 1496 590 sihi
1522 550 1639 607 semper
1662 551 1766 594 auoce-

62 640 140 692 mue,
159 621 286 680 dictante
310 622 504 696 conscriptus,
520 625 607 696 cujus
627 624 688 697 ipse
702 623 883 681 affluentiam
938 623 1077 682 dentibus
1087 624 1215 683 dominis
1226 625 1401 695 subjaceret.
1413 623 1559 681 lntarhaec
1570 627 1646 697 apud
1656 626 1767 697 episco-

62 711 172 769 bibulis
188 713 327 770 hauserat
342 713 478 771 medullis
488 731 495 771 ι
507 712 732 787 soliloquiorum
744 713 832 771 ctiam
848 713 883 770 ad
938 732 991 787 pos
1014 715 1164 772 silentium
1189 716 1309 789 grande,
1325 731 1377 771 nec
1392 720 1476 772 erant
1490 731 1578 771 cauea
1594 715 1642 787 qui
1657 715 1766 773 latrare

62 817 94 858 se
108 806 138 859 et
152 801 362 861 allocutionum
378 802 412 859 ad
432 804 521 860 ileum
538 802 616 865 libri,
633 804 743 876 quibos
758 804 885 876 cogitata
938 803 1172 862 valerent.Nulla
1183 821 1235 862 vox
1246 803 1616 874 credebaturdolori,intra
1627 803 1767 876 [sl.,con·

61 889 194 946 omnium
210 894 428 947 antecessorum
440 891 537 960 evicit,
548 890 603 958 vel,
616 897 649 947 ut
660 890 760 948 mitius
775 892 883 961 dicam,
939 892 990 967 tre]
1001 894 1213 952 conscientiam
1225 892 1618 967 strangulabaturjudioium
1630 893 1667 950 ob
1679 892 1765 949 unius
1854 886 1857 893 ’

60 976 184 1034 inunum
197 979 883 1054 acervumcoegittlradulitatemenimnostram,
939 983 1068 1042 bominis
1084 990 1207 1044 metum.
1223 986 1294 1042 Nam
1319 985 1388 1058 quld
1413 983 1519 1041 attinct
1543 982 1633 1057 loqui,
1649 983 1700 1040 uhi
1723 981 1765 1041 lo·

61 1082 151 1137 quam
164 1067 206 1124 illi
218 1066 390 1125 anctoritate
405 1074 574 1141 extorquere
586 1067 698 1140 volunt,
708 1066 757 1125 ille
772 1068 885 1126 ratione
939 1075 1056 1146 quondo
1072 1075 1169 1132 irrites
1184 1074 1296 1141 odium,
1309 1089 1361 1130 uec
1377 1073 1471 1130 ullum
1487 1072 1671 1130 nanciscaris
1683 1087 1766 1129 oruc·

60 1155 191 1224 roborat,
207 1157 285 1228 quod
310 1157 470 1227 credimus,
485 1156 527 1213 itu
545 1173 620 1226 esse,
644 1174 697 1215 neo
716 1156 799 1215 aliter
820 1171 884 1215 esse
939 1163 1122 1221 iumentum?
1136 1163 1204 1221 Erat
1229 1166 1328 1220 tamen
1358 1179 1424 1236 spos
1448 1160 1591 1218 nonnulla
1614 1160 1661 1218 bia
1680 1159 1767 1218 malls

61 1260 159 1317 possa,
169 1245 387 1304 invincibilibus
396 1248 564 1321 approbans
575 1247 767 1321 argumentis,
778 1246 886 1305 discre-
940 1269 1025 1326 posse
1035 1252 1146 1326 imponi
1157 1252 1256 1319 finem,
1269 1252 1414 1324 siquando
1424 1250 1663 1307 Cantunriensem
1675 1247 1768 1307 archl·

61 1334 141 1390 tione
155 1338 184 1391 et
199 1334 339 1408 patientia
353 1335 526 1393 aemulorum
543 1335 659 1393 animos
678 1334 817 1404 obtinuit,
833 1334 885 1408 qui
940 1343 1108 1415 episcopum
1124 1341 1266 1408 viderent,
1278 1340 1327 1412 qui
1340 1343 1418 1397 esset
1428 1338 1612 1408 osomnium,
1624 1337 1769 1395 vexillifer

62 1422 120 1479 sihi
135 1422 288 1495 praelatum
301 1423 384 1480 illum
400 1424 542 1482 dolerent.
559 1424 721 1482 Sednlitate
734 1425 764 1482 iu
780 1424 886 1482 defun·
940 1431 1076 1504 previus,
1088 1431 1178 1488 umbo
1193 1429 1340 1504 publicus.
1353 1429 1607 1503 spargebaturque
1617 1429 1648 1485 in
1664 1426 1768 1501 vulgus

61 1515 288 1586 ctumluvenem
298 1515 769 1573 cutenorumunniumsubonum
780 1531 887 1572 acoen—
940 1536 1050 1589 rumor,
1062 1519 1140 1576 haud
1155 1519 1291 1592 equidem
1308 1518 1372 1576 aine
1383 1521 1519 1576 meulent
1529 1516 1721 1585 numineDst,
1733 1520 1767 1574 ut

61 1603 106 1659 dit
120 1602 280 1675 ignaviam,
292 1603 434 1661 animavit
447 1604 630 1661 industrium.
642 1606 700 1662 lieo
713 1603 825 1661 interea
840 1609 883 1661 ta-
941 1607 1076 1675 arhitror,
1089 1605 1258 1664 anselmum
1270 1607 1330 1664 iore
1344 1605 1597 1679 archiepiscopum
1609 1604 1703 1661 virum
1714 1620 1767 1677 pe-

62 1691 119 1748 eita
133 1693 164 1747 in
180 1693 245 1765 ejus
259 1697 375 1764 pectora
391 1694 454 1750 sine
469 1693 621 1752 miraculis
641 1693 754 1752 vivebat
773 1692 886 1767 religio,
903 1678 925 1745 Β
941 1698 1019 1754 nitus
1030 1695 1528 1766 sanctum,anxiedoctum,felicem
1540 1692 1767 1767 futuramhuJus

63 1782 113 1838 sed
128 1798 185 1838 nou
203 1781 305 1855 paucis
318 1783 412 1857 signis
425 1784 500 1841 Deus
512 1784 564 1840 viri
580 1787 705 1858 gretiam
720 1783 887 1852 exhibebat,
942 1783 1486 1858 hominisbenediotionibuaangliam.
1497 1781 1768 1855 llujusmodivsrha

61 1870 203 1944 cogitanti
219 1876 303 1928 nocte
319 1873 467 1944 quomodo
483 1872 560 1929 Deus
576 1872 722 1946 potuisset
736 1871 888 1946 prophetia
942 1871 1766 1948 adauresejusprolatacontinuerunteumlnNortbmau·

60 1975 121 2017 uno
144 1965 294 2018 momento
319 1963 472 2019 ostendere
494 1963 653 2035 preterita,
678 1962 835 2035 praesentia
859 1965 889 2018 et
941 1966 990 2024 nia
1005 1964 1353 2037 totiavannls,quamvia
1369 1965 1470 2021 crebro
1486 1962 1583 2020 causis
1599 1960 1767 2036 ingruenti·

62 2049 169 2120 futura,
182 2051 259 2110 idem
276 2053 546 2112 munuscollatum.
559 2054 691 2113 Reclusis
701 2054 779 2110 enim
792 2054 886 2111 ador·
940 2053 996 2111 hus
1021 2055 1099 2111 ultra
1120 2069 1201 2111 mare
1225 2053 1424 2110 advocaretur.
1442 2051 1585 2108 Invitabat
1605 2066 1674 2122 argo
1698 2064 1766 2106 eum

62 2139 889 2216 mitorioineoolesiatnomniumparietumobstaculls‚vi·
941 2145 1098 2200 multorum
1115 2142 1286 2210 necessitas,
1302 2144 1353 2200 sed
1369 2142 1538 2200 retrahebat
1552 2141 1651 2210 timor,
1670 2154 1707 2197 ne
1729 2138 1770 2197 fa·

62 2230 887 2304 ditmonuobumcujusideuaserat,alectoegresaum
941 2249 995 2289 mu
1009 2228 1767 2304 meliorisoblitusraptariambitionearchieplscc·
1864 2276 1867 2283 .

62 2318 163 2375 funem
179 2319 256 2392 signi
270 2324 377 2389 tenere,
391 2336 448 2393 quo
464 2320 622 2377 monachos
637 2321 808 2378 admoneret
822 2335 888 2376 sur·
941 2326 1027 2397 patus
1052 2327 1212 2394 putaretur.
1228 2323 1389 2391 Postremo,
1404 2335 1469 2378 oum
1481 2320 1542 2391 lam
1558 2318 1675 2376 dillerre
1699 2317 1764 2376 siue

63 2422 143 2479 gere,
152 2409 357 2479 pudendorum
367 2409 465 2466 sanies
475 2408 536 2467 solo
547 2411 611 2482 ejus
621 2409 684 2466 visu
696 2407 888 2466 insanitatem
940 2407 1763 2484 dispendioanimarumuequiret,lnAngliamnavigavit,

64 2497 204 2572 relloruit,
216 2498 347 2555 lavatura
360 2515 502 2556 manuum
513 2501 578 2572 ejus
589 2501 618 2556 in
630 2504 699 2572 potu
715 2503 835 2572 sumpta
846 2498 888 2554 le·
940 2501 1127 2559 consolantiae
1141 2517 1201 2557 sues
1216 2500 1371 2573 puritatem
1384 2498 1506 2556 Domino
1517 2496 1693 2555 sacrificans.
1706 2494 1767 2552 Gee-

62 2602 166 2659 prosus
179 2585 303 2644 luridam
313 2592 409 2646 cutem
420 2588 508 2645 exuit.
522 2588 707 2661 Languidum
720 2586 805 2644 morti
820 2587 890 2643 vici·
941 2594 1036 2647 terum
1049 2590 1119 2663 quid
1132 2589 1265 2647 homiues
1277 2587 1538 2662 loquerentur‚ipsi
1549 2586 1765 2655 viderent,curn

62 2690 133 2731 num
154 2675 205 2747 qui
221 2692 251 2733 sa
266 2677 375 2734 viderat
390 2694 407 2735 a
421 2676 501 2751 lupis
525 2678 706 2734 immanibus
728 2676 889 2733 circumse-
941 2685 1084 2754 quantum
1096 2674 1766 2751 suaiutercssct,eorumobloquiahonestadiu

61 2767 155 2835 ptum,
174 2764 360 2838 belluinoque
377 2766 450 2823 rictu
466 2766 676 2835 devorandum,
688 2765 811 2839 ideoque
825 2763 887 2822 ola·
941 2769 1161 2827 conversatione
1184 2768 1313 2825 vitasset.
1329 2765 1423 2824 Simul
1438 2766 1523 2824 etiam
1537 2781 1637 2822 rumor
1651 2765 1687 2820 de
1702 2764 1768 2836 ejus

60 2868 157 2910 mores
173 2853 336 2911 horrendos
351 2854 480 2927 ejiceret,
492 2855 618 2912 adventu
633 2871 687 2911 suo
699 2854 806 2928 fugatis
821 2851 887 2910 bos·
942 2857 1195 2931 archiepiscopatu
1207 2855 1380 2914 minasclim
1393 2857 1543 2913 intentans
1553 2852 1769 2927 longinquitate

60 2944 142 3001 tibus
169 2946 285 3017 placida
313 2947 411 3020 quiete
439 2948 567 3005 donavit.
592 2948 669 3006 Alter
692 2966 708 3005 a
732 2948 886 3017 desperato
942 2947 1084 3020 temporis
1099 2947 1278 3019 detepuerat.
1290 2946 1440 3002 Adventus
1455 2943 1553 3016 plures
1564 2949 1593 2999 et
1609 2939 1772 2999 rationabi-

61 3035 163 3091 mcrbo
180 3053 231 3108 per
246 3053 331 3109 aquae
345 3036 505 3094 benedicta
521 3039 630 3110 jactum
656 3036 815 3106 convaluit,
830 3039 885 3092 ter·
946 3032 990 3090 les
1000 3035 1192 3095 fuerecausa,
1202 3033 1253 3091 sed
1264 3032 1307 3089 hs
1319 3032 1482 3105 praecipuas,
1494 3030 1685 3087 utabbatinm
1696 3026 1773 3100 apud

60 3122 121 3179 tius
146 3123 301 3183 illecebras
325 3125 423 3182 carnis
437 3125 502 3195 eius
522 3126 726 3184 benedictione
739 3124 849 3184 evasit:
864 3123 890 3180 la
947 3121 1081 3179 Castrum
1101 3123 1242 3190 firmaret,
1256 3138 1344 3195 quam
1370 3122 1503 3192 eiusdem
1525 3118 1655 3177 civitatis
1675 3131 1773 3175 comes

67 3212 123 3268 fuit
138 3213 213 3270 Boso
228 3218 298 3272 tuno
309 3215 439 3286 iuvenis,
451 3220 551 3288 postea
562 3216 713 3273 beccensis
728 3215 829 3286 abbas,
841 3212 892 3287 qui
945 3218 1029 3285 Ilugo
1044 3211 1198 3270 monacbis
1222 3211 1409 3284 potissimum
1432 3206 1628 3267 Beccensibus
1650 3205 1774 3278 implere

65 3317 132 3358 curn
150 3301 286 3359 Auselrno
299 3301 328 3358 in
347 3304 432 3372 libro,
449 3304 504 3360 dur
523 3305 593 3361 Deus
610 3305 699 3370 bomo,
716 3303 855 3376 loquitur.
946 3302 1079 3371 volebat,
1093 3306 1126 3358 ut
1138 3302 1261 3359 eundem
1275 3303 1427 3372 lfugcnem
1440 3297 1619 3370 jamdudum
1633 3295 1774 3368 languen-

102 3389 156 3458 Qui
165 3392 284 3462 juvenis
296 3391 439 3450 adhucah
451 3410 484 3451 eo
496 3394 893 3453 monachuslaotuarecentia
947 3396 1006 3449 tem
1026 3392 1170 3461 visitaret,
1186 3390 1235 3462 qui
1259 3405 1430 3463 quanquam
1447 3389 1476 3444 in
1497 3386 1643 3459 supremis
1659 3384 1772 3457 positus

67 3480 259 3552 professionis
274 3482 396 3538 tedium
417 3483 591 3555 patiebatur,
607 3483 712 3541 veteris
725 3492 752 3541 et
766 3484 894 3540 desuetae
949 3481 1081 3540 omnium
1094 3481 1123 3536 in
1134 3477 1512 3551 confessionesupercilinm
1522 3472 1776 3535 recusansansel-

67 3569 191 3625 flamma
216 3585 379 3640 agnoscens
401 3575 431 3626 et
451 3570 646 3644 ingemiscens
666 3573 798 3645 vestigia.
814 3571 896 3636 Qua·
950 3587 1030 3628 mum
1047 3569 1209 3641 expetebat,
1224 3568 1329 3624 veteris
1343 3565 1479 3623 amicitiae
1494 3563 1602 3637 pignus
1617 3564 1694 3636 apud
1708 3578 1775 3620 eum

68 3663 190 3730 propter
201 3659 278 3715 Patri
290 3668 377 3715 satos
392 3675 462 3716 auos
477 3662 640 3732 confessus,
651 3661 706 3717 hoo
720 3664 835 3717 tantum
849 3675 895 3715 rs·
950 3659 1150 3732 depositurus,
1166 3656 1192 3712 sl
1207 3660 1378 3725 moreretur,
1397 3659 1430 3712 ut
1454 3653 1630 3726 praediorum
1654 3664 1775 3708 sucrum

67 3746 168 3819 epunsi
181 3748 309 3820 accepit:
321 3750 398 3807 Deus
408 3749 582 3808 misereatur
594 3751 657 3820 tibi,
669 3749 722 3806 illi.
734 3752 796 3818 Quo
807 3749 896 3820 dicto,
951 3744 1202 3819 vectigalialenito
1210 3742 1470 3800 intercessionibus
1480 3740 1543 3798 suia
1552 3738 1777 3813 regelsvigaret.

67 3836 174 3892 anima
186 3837 324 3909 patientis
335 3837 385 3894 lux
396 3855 500 3896 serena
511 3837 637 3896 influens
650 3837 899 3913 coagulumvitin·
953 3838 988 3893 llt
1002 3837 1096 3908 prima
1111 3833 1229 3907 quidem
1245 3831 1383 3890 contiuuo
1402 3830 1560 3903 expedivit,
1575 3828 1697 3886 tertium
1710 3843 1779 3885 vero

71 3943 137 3982 rum
153 3929 322 3986 extenuavit
333 3932 362 3985 et
376 3929 498 4002 depulit.
515 3930 655 3989 Defuncto
670 3930 777 3990 dehinc
798 3930 898 3988 llerle·
955 3925 1154 3992 absoluturus,
1169 3922 1281 3980 curiam
1302 3920 1461 3978 contendit.
1479 3917 1537 3977 Nec
1553 3917 1667 3985 molles,
1681 3920 1713 3974 ut
1728 3913 1780 3975 alii

72 4033 161 4089 vvyno
177 4017 282 4073 abbate
297 4018 424 4090 amplius
439 4035 548 4077 munus
560 4021 687 4094 suscepit
698 4019 899 4078 Anaelmusah
955 4017 1077 4073 rimatus
1093 4016 1202 4081 aditus,
1214 4011 1313 4069 statim
1329 4013 1362 4066 ut
1377 4010 1455 4066 veuit
1470 4007 1635 4066 sanctitatis
1650 4021 1780 4064 reveren·
1854 4074 1860 4081 ,

73 4106 210 4162 omnihus
223 4106 419 4165 beccensibus
434 4107 464 4163 in
480 4107 613 4167 abbatem
630 4108 750 4178 electus,
768 4108 901 4182 quamvis
955 4105 996 4163 tiu
1012 4107 1041 4162 in
1057 4103 1196 4161 interiore
1220 4100 1368 4159 admissus
1392 4102 1447 4155 est.
1462 4102 1536 4156 Date
1559 4096 1661 4154 secreti
1684 4093 1778 4168 copia,

70 4194 176 4252 multis
199 4196 439 4254 excusationibus
460 4198 591 4270 refugere
607 4198 760 4256 niteretur.
777 4199 835 4256 lloc
850 4196 901 4256 ille
955 4201 1070 4268 cuncta,
1081 4194 1297 4269 quibusregem
1308 4190 1463 4248 accusabat
1478 4189 1565 4259 lama,
1576 4186 1783 4244 incunctanter

74 4283 194 4354 magnis
208 4283 367 4340 virtutibus
378 4283 514 4355 inseruit,
525 4285 561 4342 de
575 4285 681 4357 quibus
692 4286 900 4358 pervideretur
914 4308 939 4374 D
954 4287 1077 4360 aperuit,
1089 4286 1399 4355 necessitatesquoquo
1410 4294 1481 4336 suas
1491 4274 1779 4348 modestaaltegaua.

72 4370 192 4443 aliquas
207 4372 416 4444 perstringere,
427 4389 495 4430 uam
509 4374 653 4443 avennis,
665 4390 781 4449 quoque
794 4373 901 4431 hocof·
956 4376 1008 4435 llle
1022 4376 1123 4436 omnia
1137 4374 1255 4449 negotia
1266 4372 1421 4431 Beccensis
1432 4369 1559 4429 ecclesia
1574 4368 1611 4426 ad
1627 4365 1782 4424 arbitrium

75 4459 174 4515 licium
198 4461 335 4517 exercuit.
352 4460 407 4517 Sed
437 4462 503 4534 quia
527 4469 572 4522 est
593 4465 711 4523 animus
733 4465 828 4538 magis
851 4461 902 4520 illa
956 4464 1076 4525 rectorls
1098 4479 1289 4537 componens,
1304 4470 1472 4519 ceterarum
1489 4473 1584 4518 rerum
1608 4453 1783 4514 amaritudi-

75 4547 733 4626 desoribere,quaadejusarohiepiscopatum
743 4553 899 4627 pertinent,
955 4573 1022 4614 nem
1038 4553 1180 4614 cachinno
1195 4551 1341 4623 dissolvit,
1357 4552 1440 4608 famae
1456 4549 1645 4607 licentiauon
1655 4561 1687 4603 se
1697 4556 1784 4619 posse

72 4636 205 4703 furabor,
220 4640 249 4692 et
264 4638 447 4711 pertransibo
462 4638 559 4697 locum
576 4640 665 4698 bunc.
682 4641 810 4716 castigat
823 4641 900 4700 onim
955 4645 1071 4704 obviare
1098 4642 1246 4712 dictitans,
1275 4650 1411 4700 catenum
1432 4644 1567 4697 sanctum
1595 4636 1692 4694 cirum
1716 4648 1776 4691 non

73 4733 101 4785 et
112 4727 277 4801 precipitat
293 4728 409 4785 dicendi
429 4733 904 4807 moressusceptioperisnecessl·
955 4734 1060 4793 dehere
1071 4733 1259 4798 illacredare,
1270 4747 1366 4804 neque
1377 4729 1452 4787 enirn
1465 4726 1632 4801 procaciore
1643 4737 1784 4798 responso

74 4824 132 4887 tas,
150 4832 187 4875 ne
203 4816 352 4876 reculcare
367 4817 476 4889 videar,
493 4835 556 4891 qna
571 4820 736 4879 clarissimo
754 4838 903 4896 praeoccu·
956 4823 1110 4882 exsufflare
1136 4820 1286 4878 hominem
1315 4826 1386 4876 tuno
1414 4816 1542 4885 volebat,
1563 4813 1658 4872 sciens
1680 4809 1784 4887 quenti

75 4913 143 4981 pata
159 4911 230 4965 sunt
245 4906 373 4981 ingenio.
386 4909 625 4978 Quamvis,siout
638 4910 666 4967 in
683 4911 749 4969 aliis
762 4911 903 4981 dixi,non
956 4928 1021 4971 enm
1047 4917 1130 4985 pater
1153 4915 1182 4969 et
1211 4910 1305 4966 mater
1327 4907 1454 4982 pendere
1475 4905 1553 4963 soliti
1579 4906 1686 4970 essent,
1710 4902 1783 4958 dum

72 4997 208 5056 videntur
221 4997 384 5055 absurdum
401 4998 425 5056 si
439 4999 583 5057 virtutum
598 5002 662 5072 ejus
679 5006 707 5059 et
719 5017 841 5073 operum
857 5003 904 5057 in·
957 5002 1132 5059 adviverent
1150 5000 1222 5057 Nam
1238 5004 1266 5056 el
1281 4998 1336 5054 hoc
1351 4997 1383 5054 in
1397 5013 1464 5070 rege
1483 4992 1671 5068 magnifieum
1691 4987 1785 5047 viderl

73 5086 165 5142 dicem
191 5095 319 5155 texuero,
336 5088 433 5161 utqui
450 5089 578 5162 spatiosa
602 5089 653 5147 illa
673 5090 821 5148 volumina
845 5107 903 5148 non
957 5091 1053 5160 debet,
1068 5090 1145 5163 quod
1163 5086 1213 5161 qui
1228 5086 1326 5144 omnin
1340 5103 1392 5160 pro
1407 5091 1549 5159 potestate
1565 5082 1658 5139 facere
1673 5085 1784 5153 posset,

74 5173 180 5246 attigit,
192 5173 249 5231 isto
264 5176 428 5234 instruatur
439 5179 625 5249 compendio.
638 5180 780 5253 Suscepto
796 5194 862 5252 ergo
873 5180 904 5236 in
958 5180 1053 5252 magis
1068 5182 1199 5252 quadarn
1212 5178 1279 5248 joco
1292 5173 1439 5241 eludebat,
1455 5175 1492 5231 ad
1506 5173 1582 5230 sales
1597 5168 1689 5226 multa
1704 5170 1786 5225 extra

74 5261 195 5320 alteram
212 5264 304 5320 vitam
329 5266 504 5337 Lauicanco,
520 5268 750 5341 depredationes
766 5268 903 5328 ecclesia·
954 5267 1101 5342 judicium
1115 5265 1407 5323 animitransierens.
1419 5266 1490 5320 cum
1502 5262 1580 5318 enim
1593 5257 1629 5316 ab
1639 5255 1786 5331 episcopia

76 5367 140 5408 rum
151 5350 257 5421 ubique
268 5351 299 5410 in
309 5355 423 5427 Anglia,
435 5356 578 5415 honorum
588 5358 813 5431 proscriptiones
822 5375 905 5417 exer·
958 5358 983 5415 ei
995 5361 1211 5430 suggereretur,
1219 5359 1251 5410 ut
1262 5353 1442 5426 permitteret
1450 5351 1598 5408 orationes
1606 5359 1786 5421 perregnum

78 5439 148 5498 ceri.
165 5444 257 5497 lfator
278 5440 471 5502 ecclesiarum
491 5445 522 5502 in
537 5446 695 5505 Cantuaria
709 5450 781 5505 fisco
793 5447 907 5521 adjecta
959 5447 1033 5516 fleri,
1050 5464 1108 5521 quo
1123 5444 1201 5503 Deus
1217 5443 1243 5500 ei
1257 5442 1427 5516 dignaretur
1450 5440 1594 5512 inspirare
1611 5441 1645 5494 ut
1660 5439 1786 5493 matrem

78 5530 171 5604 regio,
184 5529 291 5590 ennula
306 5535 335 5588 et
350 5548 427 5606 saepe
443 5536 531 5592 etiam
546 5538 707 5596 menstruis
723 5538 906 5595 exactoribus
958 5539 1149 5594 ecclesiarum
1182 5537 1297 5607 pastore
1322 5531 1499 5599 sublevaret,
1526 5526 1678 5602 rospondit
1706 5523 1787 5582 ludi·

238 5630 374 5695 Parnon.
398 5630 556 5698 ccxxix,
1582 5626 1620 5687 ll
