3750 6000
101 220 151 283 159

736 216 944 276 tn'ltocatt‘att
961 216 987 271 lt
1005 214 1100 270 PAPAE

1685 208 1735 262 lid

132 340 281 399 Dominicae
295 358 366 400 anno
382 346 460 414 ttae,
477 341 648 416 pontificatus
662 359 726 401 uero
740 342 833 399 domni
847 344 891 398 ln·
906 341 933 403 Α
947 339 1027 396 bonae
1041 336 1154 395 actionis
1167 335 1326 409 percipiant,
1342 343 1368 391 et
1383 334 1454 406 apud
1462 331 1609 389 districtum
1620 329 1742 388 Iudicem

98 431 204 489 nocenti
220 432 243 486 11
258 448 329 488 anno
344 449 383 488 tr.

449 558 543 614 cxvtt

114 653 301 725 Priattepium
314 669 365 726 pro
380 655 500 710 ecclesio
515 654 548 710 S.
564 653 647 710 Petri
660 653 693 709 dc
711 652 870 710 Guustcllu.

329 753 415 822 (duno
434 751 511 818 ttae,
529 750 606 822 Sept.
625 752 664 820 t.)

219 849 318 919 [darm
334 849 426 905 Storio
440 849 470 905 di
486 849 641 915 decolatio,
658 850 679 912 Ι,
698 846 771 920 333.]

136 945 330 999 luuoeaurrus
345 945 495 1016 episeopus,
511 960 602 1000 servus
616 959 754 998 servorum
776 941 834 1007 Dei,
849 940 894 994 di-

32 1056 35 1061 ·
100 1031 176 1088 lectis
189 1030 251 1087 filiis
262 1034 364 1087 locunt
379 1033 609 1103 archipresbytero
623 1040 649 1086 et
659 1031 785 1086 fratribus
799 1028 895 1085 Eccle-

100 1120 148 1176 siae
162 1120 195 1175 D.
211 1121 281 1176 Petri
297 1138 357 1190 quae
372 1122 398 1175 in
414 1121 592 1177 Gatasmllensi
621 1136 693 1193 pago
711 1120 761 1174 sita
776 1126 824 1185 est,
841 1124 895 1172 tam

101 1210 277 1283 praesentibus
291 1227 371 1281 quam
386 1210 480 1265 futuris
495 1211 520 1263 in
536 1217 703 1281 perpetuum.

137 1307 249 1362 iustitiae
271 1316 296 1362 et
319 1307 430 1363 rationis
458 1307 570 1377 aequitas
597 1306 740 1378 persuadet
767 1312 795 1360 ut
822 1305 897 1375 quia

99 1397 297 1453 successoribus
323 1396 377 1450 suis
404 1413 452 1451 sua
475 1396 611 1451 desiderat
634 1395 761 1451 monetata
785 1393 896 1459 serrari,

101 1484 305 1558 predecessoris
318 1485 358 1540 sui
373 1485 508 1541 voluntate
537 1491 634 1540 statuta
661 1484 806 1539 custodiat.
840 1483 897 1538 Eu-

100 1581 220 1647 propter,
236 1574 325 1629 dilecti
341 1574 367 1628 in
382 1574 498 1629 Dourino
512 1573 571 1634 lilii.
586 1573 683 1628 vestris
694 1572 774 1643 justis
793 1571 898 1627 deside·

946 429 1058 500 praemia
1072 435 1180 484 aeterna
1195 425 1270 497 pacis
1283 425 1431 480 inveniant.

982 526 1040 598 Ego
1055 522 1228 580 Innocentius
1244 521 1389 577 Catholicae
1403 519 1529 576 Ecclesiae
1550 517 1692 590 episcopus
1705 531 1742 570 ss.

982 623 1040 694 Ego
1055 621 1209 678 Willclmus
1222 619 1401 674 Praenestinus
1415 618 1558 689 episcopus
1571 632 1607 670 ss.

984 720 1042 792 Ego
1058 720 1193 776 Romanus
1206 716 1279 773 card.
1296 716 1324 773 S.
1340 716 1431 771 lilariae
1446 715 1473 769 in
1485 713 1589 769 Portica
1604 729 1640 767 ss.

984 817 1041 889 Ego
1056 816 1171 873 Ubertus
1185 815 1324 887 presbyter
1337 813 1416 869 Card.
1433 812 1475 868 tit.
1502 810 1530 867 S.
1548 808 1692 866 Clementis
1706 823 1742 861 ss.

984 915 1043 988 Ego
1057 913 1135 970 Oddo
1150 913 1279 969 diaconus
1293 911 1369 967 card.
1390 909 1481 967 Sancti
1511 907 1623 980 Georgii
1638 905 1672 961 ad
1689 905 1744 961 Ve-

949 1005 1004 1061 lum
1020 1007 1119 1058 Aurem
1138 1019 1172 1058 ss.

986 1101 1048 1157 liat.
1063 1099 1133 1171 apud
1162 1099 1190 1155 S.
1206 1096 1377 1153 Benedictum
1407 1112 1455 1168 per
1481 1110 1591 1150 manum
1620 1088 1745 1148 alimerici

951 1188 1057 1244 Sanctae
1079 1189 1209 1243 Romanae
1224 1186 1352 1242 Ecclesiae
1378 1183 1484 1240 diaconi
1498 1182 1626 1239 cardinal.
1643 1187 1746 1236 etcan·

950 1277 1060 1345 cellarii,
1077 1292 1116 1330 vn
1129 1277 1191 1331 ldus
1202 1274 1377 1346 Septembris,
1395 1272 1542 1328 indictione
1556 1289 1585 1340 1,
1601 1266 1747 1342 pontifica-

952 1374 993 1422 tus
1005 1381 1069 1421 vero
1082 1365 1230 1421 Innocentii
1256 1378 1334 1435 papae
1350 1364 1373 1417 ll
1406 1377 1477 1417 anuo
1492 1375 1532 1426 ut,
1554 1355 1749 1414 lucarnatiouis

952 1454 1101 1511 Dominicae
1116 1469 1190 1510 anno
1205 1455 1283 1507 ttae.

1285 1576 1409 1632 CXVIII.

102 1662 149 1718 riis
162 1662 398 1718 ⁸⁰00m¹1¹0d³1¹¹e⁸
413 1679 561 1729 assensum.
588 1661 736 1716 Eoelesitffl
749 1669 865 1716 vestram
881 1677 896 1715 st
911 1697 938 1758 B
953 1677 1083 1734 Eccterioe
1094 1675 1125 1731 S.
1143 1675 1290 1748 Fripdtani
1305 1673 1423 1730 lucraret
1436 1669 1697 1730 asseritccctesicm
1713 1667 1745 1724 S.

102 1751 301 1824 Pfaed⁰⁰⁰³⁵0f⁶
315 1759 405 1807 ”⁰5³0
420 1751 505 1806 felicis
518 1750 657 1805 mems’fiffl
678 1766 749 1822 papa
764 1749 896 1822 (ἶΓθὲθΓῑθ
993 1765 1158 1831 saluatoris,
1175 1763 1342 1831 cleodulso
1357 1762 1484 1834 episcopo
1496 1758 1671 1817 Ferraricmi
1681 1771 1750 1813 con·

103 1840 197 1912 quinto
211 1839 238 1894 in
254 1840 353 1911 plebea
366 1839 399 1894 de
415 1839 524 1911 Capella
552 1847 702 1911 promotam
719 1846 746 1894 et
759 1855 774 1893 a
788 1854 896 1893 succes-

102 1954 162 1994 sore
176 1937 234 2008 ejus
246 1946 345 1994 sanctae
361 1938 553 1994 recordationis
581 1953 652 2010 papa
677 1937 795 1992 Pascbnli
811 1936 897 2008 priri-

104 2027 168 2101 legii
183 2027 223 2082 sui
237 2027 386 2083 munimine
400 2028 565 2095 roboratam,
595 2027 644 2081 sub
660 2025 899 2096 apostolicaesedis

106 2117 216 2172 tutelam
245 2117 493 2187 protectionemque
522 2124 639 2172 nostram
667 2115 854 2187 suscipiamus,
874 2121 900 2169 et

104 2202 138 2260 D.
168 2205 238 2261 Patri
266 2206 414 2277 patrocinio
443 2205 673 2270 commendemus,
703 2211 849 2260 statuentes
872 2211 901 2258 ut

104 2310 276 2365 quascunque
297 2295 482 2366 possessiones
506 2310 555 2349 seu
581 2295 708 2360 decimas,
734 2309 900 2364 quaeeunque

104 2383 186 2439 ctiam
214 2383 286 2439 bona
305 2384 399 2439 eadem
428 2384 547 2440 Ecclesia
574 2383 805 2454 inpraesentiarum
831 2382 900 2450 juste

105 2473 274 2528 ctcanonice
298 2472 424 2544 possidet,
454 2480 499 2527 aut
527 2472 553 2526 in
583 2471 700 2527 futurum
728 2471 899 2526 concessione

45 2618 47 2622 ,
106 2559 271 2630 pontificum,
288 2559 448 2615 liberalitate
475 2576 570 2632 regum
586 2561 628 2614 vel
644 2559 805 2631 principum,
820 2558 899 2613 obla·

107 2656 178 2712 tione
191 2655 310 2711 fidelium
322 2673 370 2711 seu
385 2657 444 2711 aliis
455 2656 534 2725 justis
561 2657 658 2724 modis,
689 2664 828 2728 preestantc
844 2656 900 2710 [lo-

106 2745 181 2799 mina
196 2746 293 2816 potarit
306 2745 427 2816 adipisci,
443 2745 520 2800 lirma
534 2746 612 2801 robis
636 2753 663 2799 et
676 2745 778 2800 illibata
791 2760 901 2815 perma-

106 2840 187 2889 neant
213 2833 251 2888 Dc
266 2834 409 2889 chrismata
424 2842 452 2888 et
463 2834 522 2889 olco
538 2841 630 2890 sancto
641 2843 720 2904 atque
735 2833 902 2889 ordinatione

106 2921 274 2987 clericorum,
303 2923 360 2977 sira
387 2923 633 2980 consecrationibus
675 2924 857 2988 eeclesiarum,
887 2937 903 2975 a

990 1869 1107 1911 ceddam.

1195 1951 1283 2017 (lunc
1299 1951 1378 2015 llea,
1395 1946 1454 2003 Oct.
1471 1945 1512 2012 a.)

1173 2040 1292 2109 [Baiter.
1307 2038 1455 2102 lateram,
1478 2034 1539 2104 lt.]

1306 2133 1403 2188 CXIX.

955 2235 1086 2294 deceruit
1098 2238 1131 2291 ut
1140 2232 1271 2290 monachi
1281 2229 1452 2287 monasterii
1462 2228 1561 2284 Sancti
1571 2224 1677 2298 Georgii
1694 2224 1753 2280 Ια-

987 2326 1060 2397 jcris
1075 2324 1124 2380 sud
1139 2323 1300 2396 apostolica
1314 2320 1387 2375 sedis
1410 2317 1586 2391 protectione
1599 2314 1705 2387 recepti
1719 2312 1753 2369 dc

993 2418 1093 2471 caetero
1103 2413 1154 2468 ribi
1163 2413 1279 2482 eligant,
1287 2424 1368 2482 quem
1376 2408 1431 2481 ipsi
1439 2407 1577 2462 duxerint
1585 2405 1616 2460 in
1624 2402 1753 2459 eliacim

1172 2509 1259 2578 (Anno
1273 2508 1352 2573 ttsa,
1372 2503 1482 2560 Octobr.
1498 2502 1538 2572 i.)

995 2601 1177 2669 [Consanus
1193 2595 1325 2652 aeclesia
1345 2595 1463 2660 lenctoe,
1475 2601 1495 2645 t.
1515 2588 1717 2661 v111,p.ata.]

996 2692 1185 2745 tsnocanuus
1201 2685 1352 2756 episcopus,
1366 2697 1460 2739 servus
1479 2694 1617 2736 serrorum
1634 2676 1694 2745 bel,
1708 2675 1755 2731 di-

960 2778 1029 2834 lceto
1044 2776 1099 2831 filio
1123 2777 1250 2830 Tatauuo
1279 2771 1369 2828 abbati
1402 2768 1554 2825 monasterii
1583 2768 1613 2825 S.
1632 2764 1755 2840 Georgii,

961 2867 1032 2938 quod
1047 2866 1074 2919 in
1090 2864 1198 2918 Venetae
1212 2862 1335 2934 partibus
1348 2860 1427 2914 situm
1443 2866 1482 2913 est
1500 2856 1613 2927 ejusque
1623 2868 1757 2910 successo

959 2955 1034 3012 ribus
1046 2953 1204 3026 regulariter
1216 2948 1409 3006 substituendis
1423 2947 1450 3001 in
1464 2953 1633 3019 perpetuum.

107 3024 267 3080 quocunque
280 3011 367 3068 velitis
380 3012 508 3085 episcopo
536 3012 675 3069 Catholico
706 3011 856 3083 accipiendi
872 3011 904 3064 li·
919 3059 944 3124 C
994 3041 1083 3099 Officii
1099 3041 1181 3097 nostri
1195 3042 1314 3096 hortatur
1339 3035 1482 3093 auctoritas
1495 3050 1544 3107 pm
1557 3049 1608 3090 nos
1620 3029 1755 3088 Mesia,

107 3099 223 3155 centiam
238 3099 441 3156 robisliberam
469 3101 653 3175 indulgemus.
686 3102 726 3156 Ad
755 3103 812 3156 haec
827 3099 901 3169 adji-

109 3186 211 3242 cientes
223 3187 392 3245 decernimus
400 3190 525 3246 utnullus
539 3190 680 3246 eeclesiam
696 3189 766 3244 inira
777 3188 906 3244 terminos

109 3282 205 3331 vestrae
221 3279 364 3348 parochiae,
379 3278 430 3332 nisi
445 3295 505 3348 quaa
520 3279 598 3334 vobis
610 3278 709 3334 debeat
732 3293 790 3332 esse
809 3276 905 3345 subje-

110 3371 164 3431 cta,
192 3365 292 3436 absque
323 3375 411 3423 vestra
437 3368 544 3423 licentia
585 3365 720 3423 aedificare
748 3373 903 3437 prasumat,

112 3464 187 3519 salua
201 3465 331 3519 tamenin
345 3466 470 3520 omnibus
497 3465 651 3536 apostolieae
665 3465 737 3520 sedis
750 3463 906 3520 auctoritate

112 3559 140 3606 et
153 3552 303 3608 reverenda
317 3551 446 3625 dignitate
460 3553 648 3624 suprascriptae
669 3551 764 3623 plebis.
785 3552 908 3621 Capellas

114 3656 221 3710 quoquc
236 3639 327 3696 Sancti
341 3642 529 3704 Bartlrolomae,
542 3641 630 3696 Sancti
645 3640 756 3713 Georgii
770 3646 796 3695 et
817 3641 907 3695 Sancti

114 3728 220 3784 llartini
243 3728 277 3784 ad
303 3731 348 3800 jus
374 3738 469 3786 vestrae
498 3731 616 3786 eeclesiae
644 3729 822 3799 pertinentes,
852 3736 908 3783 eta

113 3816 232 3888 praefatis
246 3817 429 3874 decessoribus
439 3819 536 3874 nostris
554 3819 631 3874 vebis
645 3818 764 3873 firmatas
778 3817 805 3872 in
821 3825 908 3872 restra

114 3905 280 3975 subjectione
293 3915 422 3979 perpetuo
445 3924 554 3963 manere
581 3907 726 3962 sancimus.
755 3906 827 3960 Nulli
843 3922 909 3979 ergo

115 3994 327 4066 archiepiscopo,
342 3996 469 4068 episeopo
496 3997 539 4052 rel
568 3996 670 4063 abbati,
701 3994 761 4050 duci
776 4003 821 4050 aut
835 4010 908 4049 mar-

115 4083 215 4152 chioni,
234 4085 325 4140 comiti
339 4101 386 4140 seu
403 4087 536 4157 capitano,
564 4085 650 4156 judici
678 4091 724 4139 aut
738 4082 908 4155 gastaldioni,

114 4187 166 4228 nec
179 4173 289 4229 omuino
304 4173 383 4229 alicui
397 4175 536 4229 hominum
560 4175 601 4228 las
615 4175 650 4227 sit
663 4173 803 4244 praefatam
819 4171 910 4226 Eccle-

116 4268 183 4323 siam
198 4277 299 4325 temere
323 4271 478 4341 perturbare
506 4276 552 4325 aut
577 4271 636 4339 ejus
665 4268 846 4339 possessiones
861 4283 910 4322 aa·

119 4356 199 4424 lerna,
215 4358 258 4413 rel
273 4359 396 4414 abblatas
405 4359 528 4423 retinere,
542 4358 711 4424 imminuere,
723 4363 767 4410 aut
777 4354 912 4426 aliquibus

118 4445 306 4500 vexationibus
321 4445 434 4518 fatigare
449 4447 494 4500 sed
511 4447 602 4500 ornnia
631 4446 734 4516 integra
755 4460 915 4499 conserven-

119 4539 162 4587 tur
175 4548 279 4601 eomm,
295 4549 344 4604 pro
358 4549 472 4602 quorum
487 4534 682 4605 gubernatione
690 4541 717 4588 et
724 4533 915 4589 sustentatione

118 4646 246 4687 concessa
266 4632 382 4697 luerunt,
410 4632 504 4686 usibus
530 4631 694 4686 omnimodis
721 4631 870 4703 profutura.
888 4633 916 4690 Si

120 4737 181 4792 quac
194 4720 276 4794 igitur
292 4721 470 4778 ecclesiastica
497 4721 667 4776 secularisve
692 4736 816 4792 persona,
850 4722 917 4776 banc

122 4819 222 4866 nosuae
245 4810 443 4867 constitutionis
472 4809 600 4883 pagiuam
629 4809 725 4875 sciens,
748 4816 842 4864 contra
856 4825 916 4863 cam

120 4905 221 4955 minere
233 4900 325 4956 venire
339 4900 489 4963 tentaverit,
505 4898 624 4955 secundo
652 4898 765 4954 tertiora
791 4912 917 4953 comme-

121 4993 186 5059 nita,
197 4995 218 5048 si
234 5012 287 5051 non
301 4996 484 5052 satisfactione
512 5012 631 5068 congrua
659 4991 854 5058 emendaverit,
870 5008 919 5062 pe·

123 5082 224 5136 testatis
238 5084 400 5154 honorisque
412 5087 453 5141 sui
468 5085 600 5158 dignitate
625 5090 724 5150 careat,
747 5097 875 5150 reamque
889 5096 918 5135 se

123 5168 216 5226 divino
227 5169 331 5239 judicio
344 5173 458 5229 existere
486 5175 520 5229 de
548 5180 700 5245 perpetrata
715 5168 855 5240 iniquitate
869 5185 916 5224 eo-

124 5266 245 5332 gnoscat,
262 5267 287 5314 et
302 5276 317 5313 a
332 5261 512 5315 sae-ratissimo
527 5277 639 5331 corpere
668 5276 700 5314 aa
722 5256 853 5331 sanguiue
868 5256 918 5312 Dei

124 5355 151 5401 et
160 5347 268 5402 Domini
278 5347 465 5418 Redemptoris
475 5349 556 5403 nostri
572 5348 635 5403 lesu
651 5347 747 5403 curisti
758 5346 847 5402 aliena
862 5344 917 5411 liat,

124 5453 204 5516 atqua
219 5444 247 5499 in
256 5452 376 5501 extremo
389 5446 514 5501 examine
524 5445 651 5501 districtae
663 5445 758 5501 ultioni
768 5443 918 5514 subjaceat.

125 5533 233 5591 Cunctis
247 5541 335 5589 autem
351 5533 439 5589 eidem
454 5534 514 5591 loeo
535 5534 608 5604 justa
629 5534 799 5590 servantibus
818 5533 853 5587 sit
867 5549 920 5604 pan

126 5622 235 5680 Domini
254 5623 336 5680 nostri
351 5625 414 5680 lesu
429 5622 535 5688 Christi,
561 5630 692 5692 quatenus
706 5630 733 5677 et
747 5622 791 5677 laic
805 5621 919 5679 fructum

958 3150 1016 3189 rum
1032 3139 1102 3187 statu
1116 3138 1239 3202 satagere
1253 3136 1279 3184 et
1293 3142 1384 3183 earum
1394 3124 1476 3196 quieti
1487 3132 1512 3179 et
1522 3120 1628 3178 utilitati
1637 3119 1756 3175 salubri-

960 3231 1000 3279 ter
1013 3221 1159 3278 auxiliante
1169 3218 1285 3274 Domino
1296 3215 1447 3288 providere.
1463 3213 1582 3286 Dignum
1596 3225 1713 3280 namque
1728 3216 1756 3264 et

959 3315 1100 3368 honestum
1116 3316 1141 3365 et
1155 3306 1318 3364 conveniens
1332 3320 1391 3360 csse
1405 3302 1579 3375 dignoscitur,
1608 3306 1638 3355 ut
1661 3297 1706 3368 qui
1720 3296 1754 3353 ad

960 3400 1137 3457 Ecclesiarum
1153 3396 1276 3468 regimen
1291 3392 1419 3463 assumpti
1447 3407 1540 3446 sumus
1560 3405 1605 3443 eas
1619 3395 1647 3442 et
1660 3403 1675 3442 a
1690 3402 1755 3458 pru-

960 3504 1055 3546 vorum
1084 3486 1223 3543 bominum
1251 3482 1370 3552 nequitia
1399 3488 1529 3545 tueamur,
1557 3485 1584 3532 et
1600 3474 1756 3547 apostolicae

961 3578 1031 3633 sedis
1045 3573 1193 3647 patrocinio
1209 3579 1331 3626 tueamur
1357 3569 1400 3624 vel
1428 3568 1593 3622 muniamus,
1624 3563 1756 3633 ldeoquc,

961 3666 1057 3721 dilecte
1072 3665 1098 3719 in
1113 3662 1228 3719 Domino
1243 3658 1281 3713 fili
1295 3659 1412 3713 Tribune
1427 3656 1509 3723 abba,
1539 3655 1590 3710 tuis
1605 3651 1757 3709 rationabi-

961 3755 1032 3810 libus
1059 3749 1281 3825 postulationibus
1308 3747 1475 3818 benignitate
1509 3743 1601 3798 debita
1631 3741 1759 3796 duximus

961 3841 1144 3907 annuendum,
1160 3847 1187 3894 et
1200 3838 1270 3893 beati
1292 3836 1386 3908 (lorgii
1411 3832 1612 3894 monasterium,
1642 3830 1685 3887 cui
1700 3830 1759 3885 Deo

962 3940 1070 3989 auctore
1086 3944 1200 4001 praeesse
1214 3924 1390 3998 dignosceris,
1421 3929 1520 3978 sanctae
1549 3921 1678 3976 Romanae
1706 3919 1760 3973 Ec-

963 4021 1051 4076 clesiae
1079 4016 1222 4089 privilegio
1248 4014 1417 4070 roboramus.
1449 4012 1498 4065 Per
1523 4007 1661 4081 praesentis
1687 4006 1761 4061 enirn

963 4107 1053 4177 scripti
1070 4105 1197 4178 paginam
1213 4102 1360 4175 apostoliea
1387 4099 1545 4156 auctoritate
1566 4095 1718 4163 statuimus,
1733 4102 1763 4148 ut

964 4198 1038 4253 locus
1055 4196 1099 4250 ille
1113 4193 1163 4249 sub
1177 4192 1249 4248 beati
1265 4191 1336 4247 Petri
1352 4190 1432 4245 tutela
1441 4197 1468 4244 et
1476 4187 1642 4260 protectione
1656 4184 1725 4240 liber
1735 4184 1763 4237 in

965 4293 1122 4359 perpetuum
1136 4287 1312 4338 conservetur
1329 4298 1335 4335 :
1352 4294 1403 4333 nee
1418 4277 1580 4349 patriarcba,
1596 4289 1646 4329 nec
1660 4273 1765 4344 episco-

969 4392 1027 4448 pus,
1044 4387 1131 4443 neque
1146 4385 1260 4443 persona
1275 4366 1456 4424 ecclesiastica
1475 4364 1644 4421 saecularisve
1657 4378 1764 4432 praesu·

970 4471 1026 4519 mat
1039 4470 1063 4518 te
1085 4461 1127 4517 val
1155 4474 1322 4514 successores
1351 4464 1410 4513 tuos
1433 4454 1531 4511 invitos
1558 4452 1593 4507 ad
1620 4450 1765 4508 concilium

969 4568 1078 4625 cogere,
1093 4557 1139 4606 aut
1153 4549 1181 4602 in
1196 4563 1244 4603 scs
1258 4547 1301 4603 rel
1320 4546 1347 4600 in
1375 4545 1523 4600 monachos
1536 4550 1638 4598 vestros
1652 4556 1767 4596 excom·

971 4641 1129 4703 munientes,
1145 4654 1193 4693 seu
1207 4637 1308 4707 ejectos
1335 4641 1382 4689 aut
1409 4632 1539 4705 fugitivos
1566 4629 1708 4686 absolvere
1723 4629 1767 4685 uel

971 4730 1116 4800 suscipere,
1143 4734 1190 4782 aut
1215 4725 1273 4778 sine
1303 4730 1347 4778 tuo
1382 4729 1540 4791 tuorumque
1582 4733 1766 4774 successorum

971 4834 1102 4875 censensu
1117 4815 1151 4871 ad
1166 4813 1274 4869 ordines
1288 4825 1458 4883 promerere.
1487 4810 1619 4865 Praeterea
1632 4822 1768 4877 quascun-

972 4925 1023 4980 que
1039 4903 1230 4978 possessiones,
1260 4914 1427 4972 quaecuuque
1455 4898 1528 4953 bona
1555 4895 1668 4952 ubilibet
1694 4893 1768 4950 idem

971 4995 1163 5051 monasterium
1177 4988 1420 5062 impraesentiarum
1439 4985 1512 5055 jaste
1532 4992 1558 5040 et
1572 4983 1693 5057 legitime
1706 4997 1769 5054 pes·

971 5084 1049 5151 sidet,
1079 5089 1125 5137 aut
1150 5081 1178 5135 in
1207 5080 1324 5134 futurum
1354 5075 1486 5149 largiente
1527 5073 1643 5129 Domina
1669 5071 1770 5142 poterit

972 5172 1094 5244 adipisci,
1110 5169 1188 5225 lirina
1202 5167 1250 5222 tibi
1280 5165 1384 5235 tuisque
1414 5163 1613 5220 successoribus
1626 5170 1654 5217 et
1667 5160 1770 5216 illibata

973 5267 1157 5333 permaneant.
1187 5255 1319 5320 Cbrisma,
1347 5254 1437 5310 olettm
1469 5260 1600 5315 sanctum,
1630 5264 1771 5306 consecra·

973 5346 1207 5410 tionesaltarium,
1224 5361 1272 5399 seu
1300 5343 1483 5411 basilicarum,
1513 5339 1695 5396 ordinationes
1713 5353 1772 5394 mo·

973 5441 1119 5494 nachorem
1135 5435 1180 5505 qui
1195 5434 1228 5490 ad
1243 5447 1333 5488 sacros
1348 5431 1447 5485 luerint
1460 5429 1568 5485 ordines
1582 5427 1770 5498 promovendi,

974 5527 1157 5583 adioeecsana
1172 5523 1310 5594 accipietis
1338 5520 1477 5592 episcopa,
1507 5517 1638 5589 siquidem
1654 5517 1771 5590 gratiam

975 5625 1003 5674 ct
1015 5614 1233 5674 commuuionem
1251 5609 1407 5685 apostelicae
1429 5609 1500 5665 sedis
1515 5607 1648 5678 babuerit,
1664 5615 1692 5663 et
1704 5606 1725 5661 si
1741 5621 1773 5661 ea
