3772 6006
18 182 20 187 Ι
110 217 189 281 1603
564 215 760 281 wiccharti
783 214 1155 279 Menussssutttsttsis
1177 214 1355 278 audentii
1758 215 1833 276 tout

110 351 144 405 ut
158 347 255 406 nullos
269 347 374 406 exinde
389 346 447 405 nisi
461 347 604 407 exstincta
615 348 661 406 vel
676 347 808 420 mitigata
822 347 934 406 valetu-
947 345 1065 418 Adicis
1085 361 1156 406 saue
1179 346 1350 406 incurabilis
1372 362 1424 421 per
1446 344 1555 404 merita
1580 343 1718 419 uirginis
1744 347 1834 404 relia-

24 442 37 481 ‘-
109 436 934 511 dinediacederet,nonnullosetismregiusmcrbnsme-
989 442 1131 512 queret.»

491 667 536 724 us
555 666 738 726 urseolus
758 667 1086 727 Licsrutuudststts
1105 668 1151 726 ΕΤ
1169 667 1434 726 CESTRENSIBUS

74 872 77 879 Ι
143 800 278 858 hicetield
292 800 338 855 est
356 796 426 857 ville
444 797 549 871 exigue
569 796 600 854 in
619 813 692 870 pago
710 797 931 854 standfordensi
986 796 1156 869 episcopiis
1169 792 1740 861 illadioecesi:Witabicstield3Totis
1752 791 1830 864 hege·

106 889 192 962 longe
206 906 223 946 a
237 887 402 961 frequentia
423 887 552 945 urbium.
568 891 727 945 nemorosa
741 886 820 944 circa
835 885 930 957 regio:
986 890 1099 956 cesirs3
1112 887 1221 944 lltbeari
1231 887 1399 942 Dorcestrs.
1419 883 1655 943 Licetieidenses
1673 881 1707 937 hi
1720 881 1829 937 inerunt

106 976 931 1051 rivulusaquaeprcpteriinit,ecclesiaangustosituerat,
986 977 1123 1049 episcopi.
1148 976 1218 1033 Post
1236 976 1344 1032 Witam
1363 973 1473 1042 llemel,
1494 973 1654 1043 Guthirid,
1680 971 1826 1039 Berthnm,

55 1114 58 1119 .
106 1064 436 1138 antiquorumvirorum
447 1065 932 1122 mediocritatemetabstinentism
985 1064 1382 1139 Alduli,quitemporeOila
1398 1059 1824 1136 regisaccepitpsliiumfflc·

106 1155 273 1225 preferens.
287 1158 378 1212 Locus
394 1155 549 1227 pudendus
564 1153 656 1211 nostri
671 1153 890 1226 antiepiscopis,
902 1154 932 1210 in
987 1154 1093 1223 revela,
1108 1154 1313 1221 herkenwald,
1328 1151 1480 1219 humbert,
1495 1152 1651 1221 cinebert,
1668 1149 1822 1217 Tumlritb,

107 1259 165 1315 quo
181 1242 353 1316 episcopalis
367 1242 496 1316 dignitas
519 1240 658 1299 diversari
680 1241 805 1298 deberet.
829 1242 883 1311 lbi,
900 1244 933 1299 ut
986 1244 1058 1315 Elia,
1074 1253 1206 1319 tempere
1219 1243 1298 1317 regis
1320 1243 1449 1314 llisteni3
1471 1242 1572 1315 lllgar,
1594 1240 1701 1308 Kinsi,
1726 1238 1822 1305 winsi,

108 1330 277 1403 predictum
289 1336 343 1401 eet,
355 1330 561 1388 sanctissimus
571 1329 669 1388 cedda
683 1334 712 1386 et
722 1330 835 1387 seditet
849 1329 931 1387 obiit.
987 1333 1091 1405 Elieth,
1106 1332 1256 1400 (tadwine,
1268 1332 1378 1405 taiger,
1391 1331 1547 1399 brithmar,
1564 1329 1663 1398 Wisi,
1682 1328 1821 1385 [sewius.

105 1417 934 1492 Nampretenduoeepiscopatusllercicrum,qaoaaupra
987 1415 1823 1493 Petrus,hictemporeragisWillielmiseniorisderelicta

107 1509 251 1576 recensui,
268 1514 326 1567 tota
340 1508 451 1582 relique
462 1508 612 1582 provincia
623 1509 807 1575 Marciorum,
822 1513 852 1566 et
864 1510 932 1565 lin·
987 1509 1125 1568 Licetield
1147 1509 1285 1582 migravit
1305 1508 1335 1565 in
1360 1509 1596 1580 desissemque
1624 1506 1716 1563 abest
1738 1507 1775 1561 ab
1795 1521 1822 1561 eo

108 1595 934 1670 dialarorumprimisannisChristianitatisunumhabuit
987 1600 1051 1657 loeo
1076 1600 1207 1656 millibus
1231 1599 1360 1670 quinque
1374 1602 1404 1654 et
1420 1597 1533 1670 viginti.
1551 1597 1664 1655 cestre
1680 1594 1822 1667 legionum

73 1680 77 1687 ’
108 1687 288 1760 episcopum,
305 1685 438 1760 singulos
452 1685 576 1759 singulis
591 1686 792 1755 succedentes,
808 1702 932 1760 quorum
987 1686 1642 1760 civitasdicitur,qacdibiemerltiIegiouum
1654 1684 1822 1743 militariam

108 1773 252 1832 uaesana
264 1774 402 1830 nomina:
419 1775 533 1841 illunis,
552 1773 661 1844 cettan,
677 1776 762 1832 ambo
775 1776 811 1830 de
825 1775 932 1833 Scotia.
987 1778 1135 1837 resedere:
1154 1776 1582 1850 collimitatursquilonaribus
1594 1774 1824 1832 Britannialte-

108 1869 177 1927 Post
187 1868 396 1926 hosDumhsre
406 1867 816 1942 nationehnglus,larumau;
828 1871 935 1937 (ledda,
990 1869 1037 1942 gio
1053 1869 1139 1924 larris
1155 1873 1184 1925 et
1197 1867 1322 1923 maxime
1337 1866 1437 1933 tritici,
1456 1869 1488 1921 ut
1505 1864 1653 1937 pleraque
1667 1863 1824 1935 Aquilone-

108 1957 194 2030 quus
208 1957 366 2025 fuitsedes,
382 1956 536 2015 utdictum
547 1964 686 2030 satrape,
701 1959 777 2030 apud
788 1957 934 2016 Licetield.
990 1958 1073 2024 lium,
1087 1957 1192 2029 jejuna
1206 1960 1236 2012 et
1255 1956 1351 2028 inops,
1376 1971 1514 2029 pecorum
1533 1958 1565 2010 et
1586 1953 1725 2024 piscium
1742 1953 1821 2009 ieras

107 2047 208 2121 liedda
224 2045 378 2103 substituit
387 2045 556 2104 Theodorus
571 2047 809 2121 archiepiscopus
823 2047 936 2104 Wiliri-
953 2009 975 2076 Β
990 2047 1094 2106 incole
1107 2046 1153 2104 luc
1167 2050 1196 2102 et
1210 2046 1347 2119 butyrum
1359 2044 1477 2102 delicias
1491 2041 1626 2113 habent3
1640 2043 1695 2116 qui
1709 2042 1821 2099 ditiores

107 2135 190 2205 dam,
206 2136 257 2209 qai
277 2135 420 2193 diaconus
434 2139 628 2194 antecessoris
643 2136 682 2193 soi
699 2137 807 2198 iueratz
824 2141 852 2194 et
866 2136 933 2194 huic
988 2142 1057 2195 sunt
1074 2137 1213 2194 carnibus
1227 2137 1338 2205 vivunt,
1350 2149 1455 2208 panem
1471 2133 1677 2190 hordeaceum
1691 2135 1723 2188 et
1737 2130 1822 2203 siligi-

107 2225 279 2285 Saswlium.
295 2224 422 2284 Sexwllo
441 2226 499 2283 duo
514 2229 725 2297 successerunt,
740 2226 840 2283 liedda
855 2227 933 2299 apud
989 2242 1054 2284 nem
1066 2243 1117 2299 pro
1127 2225 1470 2298 magnoemplsctuntur,
1480 2223 1824 2280 transmittituraceetra

108 2314 266 2384 hicetield3
284 2313 526 2386 Wiliridnsapud
538 2314 935 2387 legecestramwiliridcvi
988 2316 1175 2391 Hyberniam,
1200 2314 1436 2387 revehunturque
1462 2311 1572 2370 civitati
1594 2311 1772 2369 necessaris
1785 2317 1822 2378 nt,

107 2403 279 2462 hostilitatis
291 2403 404 2474 dejecto
418 2403 522 2460 ambas
543 2405 638 2461 tenuit
653 2403 806 2476 parochias
819 2404 935 2476 liedda;
989 2405 1064 2477 quod
1081 2403 1179 2461 minus
1194 2406 1298 2459 natura
1316 2400 1371 2458 soli
1387 2401 1485 2469 habet,
1504 2399 1588 2456 labor
1605 2398 1821 2471 negotiantium

52 2494 55 2501 '
107 2497 298 2567 etpostaum
313 2491 936 2560 Aidwinus.0uodeiunctotresiactisunt
990 2496 1131 2566 apportet.

817 2715 863 2773 Dii
880 2714 1125 2775 conseruatis

145 2837 177 2894 ln
184 2835 255 2894 urbe
265 2833 320 2890 luit
330 2833 504 2907 exactique,
513 2833 783 2891 sanctimonialium
790 2838 937 2892 monaste·
991 2831 1136 2906 cognovit.
1152 2831 1238 2888 tubat
1252 2846 1318 2888 oasa
1330 2828 1477 2902 recolllgl;
1489 2843 1542 2885 nee
1553 2843 1649 2896 mora,
1666 2827 1760 2902 signo
1773 2828 1825 2885 air·

110 2926 198 2995 rium,
215 2939 293 2980 nnnc
304 2937 355 2995 per
368 2924 518 2995 llugonem
529 2924 711 2980 cestrensem
724 2923 860 2980 comitem
874 2941 936 2981 mo·
991 2924 1082 2997 gines
1099 2939 1205 2978 manua
1221 2919 1392 2991 medicante,
1406 2918 1482 2976 cutis
1498 2923 1524 2976 ct
1540 2933 1609 2975 caro
1633 2917 1758 2975 ossibus
1782 2935 1825 2975 su·

109 3013 212 3073 nachis
227 3012 385 3085 repletum.
409 3011 586 3068 Predicaiur
609 3012 650 3069 ibi
664 3012 841 3086 Wireburga
856 3014 935 3086 virgo
992 3015 1140 3086 perducta,
1156 3010 1234 3068 cutis
1249 3010 1335 3083 coepit
1351 3007 1543 3082 plumescere,
1562 3008 1661 3065 donec
1679 3007 1746 3066 sies
1767 3007 1826 3066 eni·

109 3102 169 3160 lilla
190 3100 303 3158 Wlierii
327 3100 404 3172 regie
423 3101 606 3171 Marciorum,
630 3105 660 3159 et
674 3100 841 3159 Ermenilde
871 3103 936 3159 filiu
992 3105 1080 3170 mata,
1096 3100 1171 3158 saltu
1187 3099 1282 3173 primo
1296 3098 1395 3168 alacri,
1410 3114 1476 3155 mox
1492 3096 1592 3154 volatu
1608 3113 1643 3154 se
1659 3097 1784 3156 libravit
1799 3098 1826 3154 in

109 3192 277 3266 Sexburgae,
302 3206 365 3264 qua
387 3190 441 3248 luit
455 3189 516 3246 filia
533 3192 623 3247 Anna
643 3190 720 3265 regis
744 3190 936 3249 Orientalium
991 3195 1109 3251 athera.
1125 3194 1239 3251 Secutae
1258 3191 1323 3250 aine
1337 3190 1524 3250 cunctatione
1543 3194 1656 3248 catere
1672 3194 1827 3250 eonstmts

18 3320 41 3363 ·.
107 3280 278 3355 Acglcrum,
289 3287 317 3336 et
332 3296 403 3338 uxor
417 3280 601 3338 lirkomberti
613 3280 690 3353 ragis
704 3280 936 3338 Cantauriorum·
950 3263 973 3331 C
988 3285 1050 3356 jam
1068 3298 1202 3349 numero,
1218 3282 1347 3340 exhibito
1358 3281 1439 3355 prins
1452 3279 1614 3338 liberatrici
1626 3279 1826 3338 venerationis

111 3389 124 3424 a
141 3368 321 3441 wereburga
331 3368 497 3425 coelibatum
510 3370 640 3441 prolessa
650 3369 681 3427 in
691 3369 739 3425 illa
748 3369 863 3427 civitate
872 3370 937 3443 plu·
992 3372 1098 3431 cilicio.
1115 3397 1127 3427 ι
1145 3373 1239 3445 Hujus
1252 3372 1375 3446 virginis
1389 3372 1467 3444 apud
1482 3372 1613 3428 cestram
1630 3371 1828 3444 praedicentur

109 3457 183 3515 rimo
197 3460 363 3528 temporum
376 3456 521 3514 curriculo
534 3456 618 3515 bonis
632 3458 754 3515 emicuit
768 3458 936 3529 virtutibus,
993 3461 1106 3530 marita,
1122 3461 1303 3520 extolluntur
1314 3461 1465 3518 miracula.
1480 3459 1612 3531 Cumque
1627 3459 1769 3516 omnium
1785 3475 1827 3532 pe

109 3545 193 3616 cnjus
210 3560 300 3602 unum
315 3560 400 3601 narro
412 3544 598 3616 miraculum,
611 3547 686 3618 qnod
699 3547 737 3603 ab
748 3547 852 3604 incolis
863 3547 936 3605 ccle-
993 3552 1090 3609 titiani
1113 3553 1153 3608 sit
1176 3553 1379 3609 incunctanter
1403 3549 1585 3616 favorabilis,
1610 3552 1677 3605 tum
1703 3549 1827 3606 maxime

109 3633 215 3692 britote
229 3633 274 3691 sui
291 3634 399 3691 famam
415 3637 444 3692 et
458 3636 629 3693 memoriam
646 3638 764 3694 meruit.
781 3637 842 3694 llus
857 3645 938 3694 extra
992 3641 1139 3698 orationes
1149 3641 1317 3698 laminarum
1331 3644 1360 3696 et
1370 3637 1635 3713 puerorumvicino
1645 3642 1677 3696 et
1690 3640 1827 3713 contiguo

19 3790 22 3795 ,
109 3740 210 3783 muros
225 3723 360 3794 habehat,
376 3724 463 3795 cujus
481 3728 592 3797 segetes
612 3726 844 3800 depascebantur
859 3743 936 3784 auos
991 3730 1091 3788 anxilii
1108 3731 1179 3802 peda
1194 3730 1322 3802 attingit.

109 3813 276 3885 sylvestres.
292 3813 412 3871 villicus
427 3815 513 3886 cujus
528 3815 605 3872 cilici
618 3815 758 3873 intererat
772 3818 851 3874 omni
867 3834 938 3874 cura
1029 3821 1176 3878 luendam
1192 3819 1312 3888 civitate,
1330 3823 1363 3876 nt
1378 3819 1447 3888 dixi,
1463 3817 1528 3876 iecit
1542 3819 1650 3874 Petrus
1665 3819 1824 3891 spiscopus

109 3902 305 3974 abigere‚sed
325 3918 428 3974 parum
451 3920 629 3976 promovere.
651 3906 745 3970 Quare
766 3906 834 3963 dum
852 3905 937 3963 herili
992 3913 1090 3968 sedem
1115 3911 1144 3966 ln
1174 3909 1295 3966 eeclesia
1317 3909 1414 3966 Sancti
1437 3908 1524 3976 Petri,
1555 3907 1662 3980 positis
1690 3905 1823 3981 maculis

107 3989 257 4047 assisteret
271 3989 422 4062 obsequio,
447 3992 572 4064 hujusce
596 3994 636 4050 rei
652 3993 728 4052 inter
747 4001 865 4052 ceteras
880 3996 936 4051 diei
991 3999 1151 4058 canonicis.

107 4079 224 4147 fabulas
243 4080 400 4137 subintulit
414 4081 634 4153 querimoniam.
654 4084 744 4155 Vade,
766 4086 861 4157 inquit
876 4084 934 4154 iila,
1026 4092 1063 4147 At
1076 4105 1144 4146 asro
1157 4105 1308 4147 successor
1318 4089 1382 4160 ejus
1396 4090 1538 4146 liebertus
1550 4086 1659 4144 iterum
1678 4088 1781 4145 sedem
1795 4087 1822 4143 iu

106 4174 136 4227 et
150 4168 267 4227 include
279 4185 382 4226 omnes
394 4169 424 4226 in
440 4172 535 4228 domo.
548 4174 731 4245 stupetactus
746 4174 871 4247 agrestis
886 4190 936 4231 no·
990 4180 1189 4238 coventreiam
1215 4179 1357 4252 migravit.
1381 4179 1449 4235 Erat
1473 4178 1502 4234 in
1527 4177 1646 4234 diaecesi
1676 4175 1823 4235 cestrensi

106 4258 197 4315 vitate
212 4258 348 4331 precepti
363 4256 465 4316 ludere
487 4261 611 4332 putabat
632 4263 797 4332 dominam3
813 4265 863 4321 sed
885 4263 935 4320 iila
990 4269 1165 4327 coventreia
1179 4267 1344 4327 caenobium
1360 4284 1377 4324 a
1396 4265 1694 4340 magnificentissimo
1721 4265 1823 4323 comite

105 4351 274 4405 θῦῠῠῑθῦῑθῑ
284 4354 311 4403 θῑ
321 4347 397 4404 θθῐῑῡ
408 4349 603 4421 Ρῑῶοῑβῑθῦῒθ,
616 4350 653 4406 td
663 4357 789 4425 segetem
803 4368 935 4410 resersus
988 4358 1118 4417 Lecirico
1142 4363 1170 4415 et
1185 4374 1274 4414 uxore
1289 4358 1398 4415 Godira
1419 4359 1633 4423 constructum,
1653 4359 1742 4413 tanto
1760 4354 1821 4412 auri

106 4434 156 4492 ”bi
171 4434 887 4514 Pfffid¹⁰l⁸⁸¹mll⁰b³⁵llllffl⁰ffl0⁰n⁸l³i0⁸l¹¹⁸e³le
901 4450 932 4498 ut
987 4452 1016 4506 et
1038 4446 1152 4520 argenti
1181 4445 1347 4518 spectacula
1373 4451 1405 4502 at
1429 4444 1546 4517 angusti
1569 4443 1743 4501 viderentur
1767 4442 1821 4517 ipsi

105 4542 138 4585 se
152 4542 187 4583 ax
200 4531 343 4599 precepto
358 4527 433 4585 hera
444 4535 646 4602 sequerentur,
662 4532 742 4591 clara
750 4533 841 4590 edixit
849 4549 928 4591 voce.
989 4537 1115 4611 parietes
1125 4536 1313 4595 ecclesiarum
1325 4534 1530 4593 thesaurorum
1543 4532 1753 4604 receptaculis,
1769 4531 1821 4590 mi·

26 4674 29 4681 ,
105 4616 180 4674 ‘l'um
197 4631 300 4673 omnes
314 4631 401 4691 grege
415 4618 491 4677 iacto
506 4619 589 4678 collis
604 4621 740 4680 demissis
754 4622 869 4681 hostem
885 4639 931 4682 ee-
987 4625 1086 4685 recula
1097 4643 1182 4700 porro
1193 4625 1349 4684 visentium
1359 4623 1452 4683 oculis
1462 4641 1469 4679 ε
1479 4624 1533 4681 hcc
1545 4620 1821 4679 Robertusinhisns

105 4709 178 4764 cota
193 4708 269 4763 tecto
283 4704 406 4763 incluse
416 4712 496 4778 eunt,
507 4725 631 4780 querum
645 4727 733 4769 unam
746 4714 934 4786 presumpsit
986 4735 1019 4775 es
1034 4716 1106 4791 ipsis
1131 4715 1259 4775 ecclesie
1275 4732 1361 4789 gazas
1375 4717 1417 4772 sic
1444 4713 1531 4789 cepit,
1547 4712 1626 4770 unde
1639 4712 1723 4785 regis
1737 4728 1821 4770 occu·

104 4794 231 4855 rusticus
254 4795 291 4852 ad
316 4811 441 4867 cranam,
466 4798 582 4856 nullum
603 4809 801 4858 accusatorem
823 4802 934 4860 scilicet
986 4807 1120 4882 potiones
1135 4806 1259 4876 iallerat,
1281 4806 1357 4863 unde
1382 4805 1579 4862 Romanorum
1593 4800 1731 4859 auiditati
1749 4801 1820 4859 irre·

103 4887 225 4944 veritus.
234 4884 368 4943 Diluculo
381 4885 637 4960 veuitvirgo,etde
649 4890 752 4963 rapina
761 4891 933 4950 rerumalie·
986 4900 1077 4971 peret.
1089 4897 1131 4954 lix
1140 4912 1199 4954 una
1208 4895 1286 4953 enim
1299 4896 1381 4953 trahe
1392 4895 1562 4967 quingentas
1574 4907 1691 4949 marcas
1704 4889 1820 4964 argenti

18 5006 25 5015 ·
103 4990 208 5034 narum
224 4973 357 5033 volucres
366 4973 557 5049 increpitans,
573 4978 673 5052 lugam
684 4981 933 5054 capescereimpe.
987 4986 1118 5058 corrasit,
1131 4985 1309 5059 queserinia
1320 4984 1513 5043 sustentabat.
1522 4982 1624 5040 Plures
1633 4980 1675 5038 ihi
1686 4984 1821 5040 mcmtus

104 5064 187 5122 ravit.
203 5063 261 5122 Nec
286 5064 381 5122 detuit
404 5064 526 5124 alitibus
541 5083 656 5138 sensus,
672 5085 736 5141 qus
756 5085 789 5126 se
803 5069 932 5143 integrae
986 5093 1092 5146 annos,
1108 5075 1181 5133 nihil
1203 5073 1357 5147 probitatis
1380 5072 1513 5131 exhibuit
1534 5071 1616 5130 loco:
1641 5072 1719 5128 odeo
1742 5074 1822 5129 tecit

21 5216 24 5221 ,
103 5154 932 5233 nouessescirent,quincircadomiuepsdeacircum·
987 5164 1104 5224 ruinam
1131 5161 1275 5221 minantia
1298 5157 1821 5236 nunquamexemitperioulo,adao

78 5324 81 5329 .
104 5247 216 5313 euntes,
233 5260 287 5302 nec
298 5263 423 5322 usquam
436 5251 623 5324 prodeuntes,
635 5252 762 5326 querela,
778 5270 836 5327 qua
850 5258 932 5328 pots·
987 5271 1088 5314 sacras
1107 5269 1176 5328 opes
1196 5253 1363 5325 dilapidans
1388 5251 1542 5324 peculatus
1563 5248 1677 5308 crimen
1692 5247 1822 5306 incurrit

104 5339 181 5406 rent,
196 5333 334 5408 pietatem
349 5339 472 5413 virginis
486 5342 655 5402 excitarent.
669 5344 733 5416 Ille,
748 5344 806 5404 lico
816 5346 873 5404 sibi
885 5363 932 5406 re·
987 5344 1210 5420 repetendarum
1222 5344 1270 5417 [cl.
1287 5340 1527 5415 repetundarum]
1538 5355 1607 5397 raus
1623 5337 1747 5395 iuturus
1762 5338 1822 5413 api-

18 5452 27 5461 ·
103 5424 228 5494 velante,
245 5425 413 5500 intelligens
424 5446 481 5487 non
492 5447 526 5489 ex
538 5432 629 5492 nihilo
639 5449 702 5493 esse
715 5435 932 5508 tantamqueri·
986 5450 1106 5508 scopus,
1123 5434 1148 5491 ei
1163 5439 1241 5491 esset
1256 5436 1407 5491 accusator
1418 5433 1544 5504 perstas.
1558 5426 1720 5487 Monachus
1731 5427 1819 5487 mise·

104 5516 233 5580 moniam
250 5514 358 5587 eriam,
371 5517 497 5579 villicum
510 5523 614 5582 sedulo
624 5529 812 5597 percunctata
823 5526 932 5584 lurtum
986 5522 1073 5583 rabili
1083 5522 1158 5598 stips
1167 5523 1268 5581 cibans
1279 5538 1332 5580 nee
1346 5519 1489 5596 regularia
1500 5517 1612 5578 ordinis
1621 5531 1756 5576 amorem
1768 5534 1821 5576 cu·
