3750 6000
48 212 99 266 eal

682 213 875 277 conciliati
895 215 1074 279 ueuaustl.

1572 238 1576 245 ’
1650 241 1702 296 682

47 333 175 390 unouici
190 341 252 405 post
270 341 412 405 acceptum
437 334 569 399 habitum,
595 345 618 389 et
644 334 844 404 professionem
861 336 888 397 Α
904 334 1029 387 omnibus
1042 335 1233 390 inviolabiliter
1248 335 1391 392 observari
1402 338 1587 409 precipimus.
1603 336 1701 408 Siquis

49 421 158 485 tanim,
173 432 266 493 spreta
292 423 431 478 beatorum
455 424 646 494 magistrorum
671 421 808 476 llciiedicii
823 429 849 475 et

48 510 199 582 Augustini
222 514 331 584 regula,
356 512 433 584 leges
457 512 620 583 temporales
640 521 665 564 ei
686 509 847 566 medicinam

48 599 139 672 gratia
151 599 220 655 lucri
235 601 395 672 temporalis
410 602 564 656 addiscunt.
590 600 717 655 Arariiiae
731 613 848 668 nainque

48 687 167 743 baroniis
182 689 304 756 accensi,
321 705 351 746 se
369 705 501 761 pairoiios
525 705 666 746 cansarum
684 687 783 743 laeiunt
798 704 805 740 :
821 695 847 742 et

48 792 109 834 cnm
124 777 287 848 psalmodiae
301 785 328 833 et
343 778 452 850 hymnis
467 793 568 833 vacare
583 778 725 843 deberent,
742 776 847 849 glorin-

47 865 186 922 cerceis
215 864 309 921 conlisi
336 866 495 933 munimine,
517 866 709 937 allegationum
737 879 845 919 suarum

48 955 191 1021 uarietate,
205 955 310 1025 justum
326 963 353 1009 et
366 954 507 1023 injustum,
524 955 619 1026 fasque
638 956 768 1024 nefasque
782 968 847 1008 cou-

47 1043 173 1099 lauduni.
189 1044 360 1098 Attestantur
374 1059 437 1098 rero
452 1044 607 1114 imperiales
628 1042 846 1106 constitutiones,

48 1132 207 1197 absurdum,
224 1132 279 1186 imo
301 1133 382 1187 etiarn
407 1133 588 1203 opprobrium
613 1148 672 1186 esse
688 1130 806 1192 ciariis.
824 1129 847 1183 si

48 1221 151 1292 peritos
184 1236 215 1275 se
237 1220 323 1275 velint
348 1221 576 1291 disceptationum
602 1237 664 1275 esse
687 1227 845 1275 lorensium.

48 1308 212 1379 liujusmodi
227 1309 438 1364 temeratoribus
449 1313 571 1379 giariter
580 1308 709 1364 feriendis
720 1308 770 1378 ipsi
781 1322 847 1379 quo·

49 1414 100 1471 que
116 1398 196 1467 (203)
210 1398 335 1453 canonici
351 1408 376 1453 et
392 1399 530 1461 monachi,
547 1398 673 1470 neglecta
695 1397 846 1452 animarum

49 1502 126 1553 cura,
137 1486 244 1542 ordinis
255 1487 297 1541 sui
308 1487 479 1558 propositum
496 1486 649 1541 nullatenus
664 1486 844 1554 attendentes,

49 1591 95 1648 pro
110 1575 274 1631 detestanda
288 1575 404 1645 pecunie
415 1576 558 1631 sanitatem
571 1575 740 1645 pollicentes,
753 1576 848 1628 liuma-

50 1680 146 1721 norum
162 1672 305 1721 curatores
321 1680 350 1719 se
368 1664 470 1720 iaciunt
485 1679 641 1732 corporum.
658 1665 778 1736 Curiique
793 1680 847 1716 iin-
862 1692 889 1752 Β

50 1753 164 1825 pudieus
192 1753 290 1808 oculus
318 1752 450 1822 impudici
476 1753 568 1808 cordis
596 1754 630 1806 sit
656 1755 774 1811 nuntius.
804 1751 848 1804 ilia

903 432 991 475 anterii
1019 432 1143 496 treguam
1176 424 1304 496 lraugere
1328 427 1481 490 tentaverit,
1507 439 1565 497 post
1593 434 1700 481 leitiuin

902 514 1139 566 coiniiiointiuneni
1165 514 1187 567 si
1204 528 1256 568 non
1273 515 1449 578 satislecerii,
1469 515 1615 586 epi-copus
1634 530 1699 568 suus

902 597 929 651 in
957 616 1019 654 euin
1045 603 1338 659 excommunicationis
1366 604 1529 660 senientiam
1555 604 1649 669 dictet,
1672 609 1700 658 et

902 688 1029 758 scriptam
1045 691 1198 746 convicinis
1213 692 1358 763 episcopiis
1373 694 1523 748 annuntiet.
1543 690 1698 762 Episcopo·

902 790 959 829 rum
975 785 1063 831 cirtem
1086 778 1177 833 nullus
1201 780 1462 836 excommunicatum
1488 781 1513 834 in
1529 779 1699 836 communio·

901 878 963 918 uem
979 865 1119 936 suscipiat,
1135 867 1190 923 imo
1219 868 1319 939 scripio
1342 879 1514 940 suscepptam
1538 868 1701 923 sententiam

900 953 1014 1025 quisque
1029 953 1189 1010 confirmet.
1210 956 1312 1028 Siquis
1327 965 1418 1012 autern
1441 959 1492 1013 hoc
1508 957 1610 1012 violare
1624 972 1697 1027 prae·

900 1042 1057 1111 sumpserit,
1075 1043 1181 1098 ordinis
1200 1045 1241 1099 sui
1267 1048 1388 1116 periculo
1402 1048 1565 1117 subiacebit.
1583 1047 1616 1100 Et
1630 1061 1697 1116 quo·

901 1145 973 1184 inani
989 1130 1123 1186 funiculus
1138 1131 1235 1201 triplex
1247 1132 1354 1190 dilsicilc
1370 1136 1512 1204 rumpitur,
1525 1134 1697 1205 praeripimus

901 1227 929 1272 ut
943 1219 1064 1290 episcopi
1077 1220 1110 1274 ad
1125 1221 1214 1276 solum
1227 1223 1313 1278 Deum
1329 1238 1356 1278 ei
1372 1224 1488 1278 salutem
1503 1223 1697 1295 propriamha·

900 1305 999 1362 beiites
1029 1318 1194 1378 respectum,
1223 1312 1297 1366 omni
1333 1312 1474 1383 tepiditate
1502 1321 1630 1382 seposita,
1661 1311 1697 1366 ad

899 1411 994 1466 pacein
1010 1395 1123 1453 liriniicr
1137 1400 1283 1455 tenendam
1309 1409 1429 1455 mutuum
1445 1401 1496 1456 sibi
1511 1401 1654 1457 consilium
1671 1408 1698 1455 et

900 1485 1029 1539 auxilium
1054 1486 1202 1556 praebeant.
1230 1487 1309 1558 Quod
1325 1488 1425 1560 siquis
1441 1489 1468 1544 iu
1484 1490 1536 1546 hoc
1552 1490 1601 1544 bei
1616 1504 1699 1559 apere

901 1572 1006 1643 tepidus
1022 1575 1151 1630 inventus
1172 1575 1266 1644 luerit,
1292 1577 1419 1633 damnum
1435 1594 1545 1649 proprae
1559 1575 1700 1651 dignitatis

903 1671 1030 1719 incurrat.

939 1761 1000 1816 xli.
1018 1761 1057 1817 Nc
1072 1764 1180 1820 milites
1193 1763 1341 1820 nundinor
1357 1765 1399 1820 oet
1409 1766 1498 1836 serice
1512 1766 1664 1829 celebrent,

51 1838 850 1912 0²i⁸md0q¹¹5b⁰⁸¹⁰ll⁰lesilbffissilh0¹¹⁰⁸²³⁵r⁰0⁰d⁰b0¹
940 1859 1122 1915 Detestabiles
1150 1868 1239 1915 aulem
1269 1861 1330 1915 illas
1359 1862 1495 1917 nundinas
1510 1863 1553 1917 rel
1569 1861 1660 1926 ferias,
1676 1861 1704 1916 in

50 1931 149 2003 “58³⁰
163 1939 343 2001 ilelifflcffle·
361 1930 395 1986 Ul
410 1946 478 2003 21'80
494 1934 561 1985 (ΜΟ
579 1930 744 1985 ¹¹¹⁰⁰⁰⁸ii⁰¹¹⁵
758 1939 785 1984 ‘³¹
802 1944 849 1984 ⁰³·
904 1946 1002 2018 quilius
1018 1948 1119 2002 milites
1144 1964 1178 2003 ex
1200 1951 1328 2006 condicto
1353 1952 1502 2006 convenire
1516 1951 1614 2018 solent,
1630 1960 1656 2006 et
1670 1951 1705 2006 ad

51 2019 177 2082 ⁰⁰¹¹l⁰⁰⁸r
195 2019 255 2074 ⁰⁶⁰
269 2017 382 2088 Ι)ΙᾶῦΕῃε
401 2018 428 2071 5¹¹
444 2026 541 2073 ⁸⁸⁰⁰ss
557 2019 696 2088 lll⁰il⁰⁵i¹⁰
712 2017 852 2072 invidam·
905 2036 1115 2091 ostentationem
1142 2037 1239 2092 virium
1254 2053 1363 2093 suarum
1380 2047 1405 2093 el
1420 2041 1542 2096 audaciae
1559 2041 1704 2096 temerarie

52 2107 112 2163 ¹5¹⁶?
140 2115 324 2163 ⁰⁰⁰⁸0l'V010s
338 2120 345 2161 ²
378 2123 412 2162 ¹¹⁶
440 2107 492 2161 ¹¹⁰⁰
522 2105 635 2161 ⁰¹¹⁰si¹¹⁸
659 2114 850 2176 Pfaeffimflfflf·
906 2124 1135 2196 congrediuntur,
1150 2127 1221 2182 unde
1237 2136 1339 2182 mortes
1355 2129 1493 2183 bominum
1513 2139 1538 2183 et
1556 2130 1706 2183 animarum

52 2196 211 2253 auctoritate
226 2194 376 2266 apostolica
391 2194 587 2251 interdicimus.
608 2195 733 2266 Episcopi
749 2204 851 2261 autern,
906 2213 1026 2284 pefjoup,
1056 2230 1130 2284 saepe
1155 2214 1328 2285 promum,
1361 2219 1472 2272 ommno
1503 2217 1563 2272 fieri
1589 2217 1706 2273 immi,

53 2285 178 2347 abbates.
198 2290 225 2340 et
240 2284 356 2355 priores,
373 2293 455 2340 tantia
470 2284 626 2338 enormitati
640 2283 851 2352 consendentes,
908 2301 1009 2357 cimus,
1029 2300 1109 2371 Quod
1124 2303 1147 2357 ,i
1162 2305 1224 2374 qui,
1244 2320 1339 2359 eorum
1355 2305 1459 2360 ibidem
1476 2315 1599 2361 ,nonnus
1613 2304 1705 2373 suem,

54 2372 175 2446 Pf⁰illiis
190 2373 339 2428 ¹¹⁰⁰⁰llbl¹⁵
354 2372 517 2443 ἓΡθΙῙθῦωΓ·
908 2392 1037 2462 quamvis
1052 2390 1077 2446 ei
1092 2392 1216 2462 poscenti
1232 2393 1391 2464 poeuiientia
1406 2402 1433 2449 et
1449 2394 1575 2450 viaticum
1591 2409 1644 2449 uon
1660 2410 1709 2450 ne·

56 2469 111 2527 lit.
123 2471 158 2529 Ut
167 2471 235 2527 lcici
245 2470 293 2543 qui
303 2470 439 2527 ecclesias
450 2473 560 2536 tenerit,
570 2486 616 2526 coi
629 2469 762 2543 episcopia
772 2471 853 2526 resti·
908 2485 997 2552 getnr,
1015 2479 1201 2536 ecclesiastica
1215 2489 1306 2536 tamen
1320 2489 1413 2538 careat
1427 2483 1575 2553 sepultura.

403 2562 504 2615 tuoni.

93 2654 278 2726 praecipimus
294 2662 322 2710 ut
337 2653 398 2711 laici
415 2655 461 2726 qui
477 2653 610 2711 ecclesias
629 2662 731 2720 teuent,
748 2662 856 2710 auleas

60 2743 198 2817 episcopis
219 2746 374 2811 restituant,
398 2752 445 2799 aut
466 2744 740 2800 excommunicationi
762 2744 856 2814 subja·
949 2801 1015 2854 nem
1041 2800 1153 2871 placuit,
1182 2801 1248 2856 uui
1264 2804 1310 2874 qui
1339 2804 1472 2859 suadente
1494 2804 1604 2859 diabolo
1628 2805 1709 2875 hujus

59 2842 188 2988 annm
204 2931 266 3003 qui,
280 2931 313 2986 in
326 2928 560 2986 arhcidisscouum
580 2932 622 2986 m
637 2931 774 2987 decanum
802 2932 862 2987 nm.
913 2889 1050 2962 sacrilegii
1074 2898 1179 2945 reatum
1203 2891 1358 2961 incurrerit,
1386 2893 1459 2964 quod
1475 2894 1503 2947 in
1518 2894 1648 2950 clericum
1663 2894 1708 2950 vel

124 2971 133 2986 '
777 2975 786 2998 '
914 2977 1078 3032 monaolium
1103 2979 1239 3035 violentas
1265 2996 1363 3035 manus
1391 2981 1523 3050 injecerit,
1546 2983 1712 3039 anathemati

185 3019 323 3076 4‘0007‘2‘3
338 3023 391 3074 Μ
405 3019 559 3092 pmbsser‘
576 3020 734 3075 ‘’mmm''
875 3039 1057 3136 Csubjaceat
1074 3081 1080 3120 :
1106 3075 1134 3122 et
1159 3067 1251 3122 nullus
1275 3069 1465 3138 episcoponim
1482 3069 1547 3124 illud
1564 3079 1713 3141 praesumat

94 3119 262 3218 ,ΨΜ
293 3126 385 3173 “ulem
406 3125 433 3171 ⁰²
461 3134 645 3216 p‘aecfpme’
672 3127 703 3172 ¹¹¹
727 3117 817 3172 ”unm
832 3133 859 3171 ¹¹¹
914 3153 1068 3222 absolvere,
1081 3155 1169 3211 donec
1183 3157 1334 3227 apostolico
1349 3158 1506 3228 conspectui
1520 3163 1710 3228 praesentetur,

62 3209 283 3265 archidiaconum
299 3207 340 3261 rel
359 3207 503 3271 decanum,
518 3224 570 3261 nisi
589 3207 721 3262 diaconus
736 3207 778 3261 vel
794 3223 859 3276 pre-
915 3252 941 3298 el
956 3243 1014 3312 ejus
1025 3245 1182 3298 mandalum
1198 3246 1339 3315 suscipiat·

63 3297 173 3368 abuter,
190 3295 347 3351 ordinetur.
378 3296 571 3351 drcliidiaconi
598 3312 672 3361 reio,
699 3296 804 3361 decani,
835 3304 862 3349 et

62 3385 213 3458 praepositi,
229 3385 274 3456 qui
287 3383 357 3438 inira
371 3386 483 3439 ordines
498 3385 713 3455 piaeunminatos
728 3384 859 3451 existunt,
915 3361 989 3415 le·
1005 3361 1043 3417 Νθ
1059 3362 1121 3433 dui*
1136 3377 1254 3417 mimum
1273 3362 1374 3416 'lima‘
1389 3362 1421 3418 5⁰
1436 3377 1481 3418 ⁶⁰³
1503 3362 1551 3435 ‘1¹⁸²’
1572 3362 1609 3418 “d
1623 3362 1714 3419 mle·

63 3473 288 3529 siiuobedientes
301 3472 424 3528 ordinari
438 3474 663 3542 contempserint,
685 3474 788 3527 lionore
804 3489 864 3527 sus·
1036 3452 1107 3506 “am
1123 3454 1175 3506 ω
1191 3451 1386 3506 mmmm
1401 3452 1595 3522 ⁶⁰²¹sud⁶²⁶m⁸·

63 3571 143 3634 cepto
158 3561 311 3633 prirentur.
329 3561 507 3616 Proliibeinus
521 3569 621 3624 aulem,
637 3578 671 3615 ne
685 3561 862 3616 adolescenu
953 3564 1128 3634 Praecipimus
1155 3565 1238 3621 etiam
1260 3574 1289 3620 ut
1314 3565 1341 3619 iu
1365 3580 1413 3622 eos
1437 3569 1482 3637 qui
1505 3565 1541 3620 ad
1569 3565 1717 3622 ecclesiam

64 3651 146 3717 tibus,
161 3649 205 3705 rel
220 3648 292 3704 inira
306 3664 401 3705 sacros
424 3650 537 3704 ordines
564 3650 728 3715 constitutis,
752 3649 801 3704 scd
816 3649 861 3719 qui
916 3654 959 3709 vei
982 3653 1169 3709 coemeterium
1193 3654 1375 3724 confugerint,
1400 3655 1492 3710 nullas
1516 3655 1628 3710 omnino
1652 3670 1715 3710 ma·

64 3747 246 3819 prudentissi
261 3747 360 3802 merito
384 3747 450 3802 ritae
472 3749 636 3817 clarescant,
658 3746 779 3818 praedicti
793 3762 861 3803 con·
916 3757 981 3797 uum
997 3742 1107 3798 mittere
1121 3742 1233 3797 audeat.
1254 3740 1333 3810 Quod
1349 3742 1395 3812 qui
1411 3742 1514 3810 lecerit,
1531 3743 1717 3800 excommuni-

64 3837 193 3892 cedantur
207 3837 339 3892 bonores.
917 3840 1003 3888 cetur.

66 3931 111 3988 tx.
130 3935 349 4006 dtunnquoquc
365 3935 484 3990 ccctrrto
500 3935 646 4006 proprium
662 3933 761 3989 babent
772 3948 864 3989 sarcr-
918 3929 976 3984 XV.
992 3928 1031 3984 lle
1045 3931 1107 4001 oute
1121 3928 1286 4001 proebciidor
1305 3929 1349 3984 oet
1369 3927 1504 3998 beneficio
1530 3928 1713 3987 teredinem

254 4023 358 4089 dotem,
374 4039 433 4078 noir
449 4023 669 4078 conductitium.
1199 4018 1267 4089 jure
1281 4016 1419 4072 medicei.

98 4119 204 4177 Placuit
218 4120 301 4175 etiam
316 4136 351 4175 ne
365 4121 537 4175 conductitiis
552 4120 722 4191 presbyteris
738 4119 862 4175 ecelesiae
952 4114 1132 4170 Indubitatinn
1160 4124 1202 4170 est
1223 4115 1354 4185 quoniam
1391 4114 1510 4170 honoret
1537 4115 1714 4173 ecclesiastici

67 4209 277 4274 committantur,
293 4216 321 4262 et
336 4224 507 4280 unaquaeque
528 4208 655 4275 ecelesia,
680 4209 724 4264 eiii
743 4207 862 4263 incultas
917 4205 1058 4277 sanguinis
1074 4220 1128 4259 non
1141 4212 1212 4267 sunl,
1226 4204 1274 4258 sed
1290 4203 1379 4258 meriti
1396 4221 1401 4257 :
1419 4211 1445 4258 et
1460 4204 1579 4259 ecclesia
1595 4205 1643 4258 [lei
1659 4221 1713 4260 non

68 4297 191 4368 suppetit,
206 4297 347 4368 proprium
363 4297 462 4352 babeat
476 4298 661 4353 sacerdotem.
916 4293 1091 4349 hereditario
1109 4293 1171 4362 jure
1196 4292 1326 4364 aliquam,
1352 4306 1408 4346 non
1432 4293 1582 4347 secundnm
1600 4308 1713 4349 carnem

97 4410 134 4465 X.
151 4413 185 4471 Ut
199 4413 307 4478 clerici,
319 4414 461 4478 marinoni,
474 4415 624 4487 perecrini,
639 4418 820 4482 mercatores,
832 4416 861 4468 ci
876 4398 902 4459 D
918 4397 1105 4483 ⁵9⁰⁰⁰⁸⁸⁰sem
1129 4386 1238 4479 “Remi
1266 4379 1315 4478 δρᾷ
1337 4380 1371 4435 ad
1396 4397 1438 4435 ⁸⁰¹
1457 4397 1589 4453 regmen·
1606 4389 1632 4479 ‘ff‘
1648 4381 1712 4437 ⁰ffi'

231 4503 365 4572 micola,
391 4519 502 4575 sempe„
516 4504 576 4559 εἰπε
589 4505 683 4558 secur,-
916 4488 1018 4527 ciorum
1035 4485 1147 4525 suorum
1165 4472 1406 4541 dispensationem,
1419 4471 1711 4541 iiouestas,sapientes,

369 4545 375 4569 '
685 4544 691 4555 ⁴
915 4569 941 4616 et
961 4560 1104 4631 religiosus
1118 4573 1252 4629 personas
1268 4558 1407 4628 exposcit.
1427 4559 1577 4629 Eapropter
1589 4560 1710 4615 anctori-

945 2594 1019 2651 Xlll.
1030 2596 1069 2650 lic
1078 2598 1140 2667 quic
1154 2596 1185 2651 in
1203 2597 1340 2653 clericum
1357 2602 1409 2653 cut
1421 2600 1591 2656 manualium
1602 2600 1710 2656 amien-

1154 2689 1199 2742 tos
1214 2701 1318 2742 monus
1332 2687 1460 2758 injiciat.

99 4618 370 4690 Praecipimasetiam
394 4628 422 4673 ut
444 4618 608 4689 presbyteri,
632 4617 736 4684 clerici,
762 4632 859 4672 mona-

67 4705 114 4772 cbi,
130 4716 159 4762 et
180 4715 360 4773 mercatores,
387 4707 481 4763 rustici
505 4716 601 4762 cuntes
615 4711 642 4761 et
658 4706 817 4774 redeuntes,
834 4713 860 4760 et

66 4791 273 4869 uassmcultura
289 4796 474 4867 persistentes,
496 4804 522 4851 et
537 4794 663 4850 animalia
678 4810 740 4849 cum
761 4794 859 4866 quibus

65 4891 150 4948 arant,
165 4891 193 4940 et
207 4899 284 4952 ores,
300 4883 511 4955 omnitempore
526 4884 579 4939 sint
594 4884 696 4940 securi.

65 4993 113 5055 lli.
129 4998 234 5068 Quibus
249 4999 345 5057 diebus
359 5002 387 5057 ct
402 5000 573 5073 temporibus
585 5000 636 5056 Dei
651 5004 750 5072 tropico
765 5005 856 5056 cuato-

396 5089 507 5146 dictur.

93 5202 232 5277 Treguam
255 5210 345 5260 autem
368 5204 404 5260 ab
424 5220 523 5263 occasu
546 5205 612 5261 solis
627 5205 654 5259 in
668 5211 765 5277 quarte
790 5202 858 5258 seria

59 5307 149 5365 usque
162 5293 198 5348 ad
213 5298 302 5350 ortum
324 5294 390 5350 colis
411 5295 439 5349 in
463 5295 583 5351 secunda
608 5293 687 5360 term,
703 5299 731 5349 et
746 5294 781 5348 ab
795 5292 857 5348 sd-

914 4658 969 4704 tate
984 4648 1163 4720 probibemus
1178 4647 1339 4718 apostolica,
1356 4663 1390 4702 ne
1405 4647 1465 4719 quis
1477 4648 1619 4715 ecclesias,
1637 4663 1711 4719 prae·

915 4737 1029 4801 beudns,
1046 4735 1248 4806 preposituras,
1265 4733 1443 4804 capellanias,
1459 4743 1504 4789 aut
1519 4735 1609 4802 aliqua
1624 4734 1711 4791 ecclc·

914 4825 1025 4881 siastica
1047 4823 1147 4888 ollioia,
1173 4821 1345 4876 haereditario
1362 4822 1425 4890 jure
1448 4822 1537 4877 caleat
1560 4823 1707 4890 rindicaie,

912 4923 957 4970 aut
972 4912 1144 4984 expostulare
1167 4918 1325 4981 praesumat.
1355 4908 1436 4979 Quod
1455 4911 1477 4964 si
1494 4911 1553 4982 quis
1567 4912 1708 4981 improbus

912 5012 938 5060 et
954 5001 1110 5059 ambitionis
1134 5017 1198 5055 reus
1221 5006 1355 5055 attentare
1379 5000 1596 5070 presumpserit,
1616 5000 1708 5057 debita

912 5107 993 5164 poena
1009 5090 1175 5153 multabitur,
1190 5098 1216 5144 et
1232 5088 1377 5159 postulatis
1392 5087 1506 5143 carebit.

1012 5189 1088 5244 xvi.
1108 5187 1145 5242 Nc
1160 5185 1363 5258 eoncirnpuiriei
1380 5188 1603 5258 conprimuntur.

947 5289 1018 5345 Saue
1050 5284 1257 5355 conjunctiones
1297 5283 1564 5356 consanguineorum
1596 5286 1707 5342 omniuo

61 5390 141 5437 ventu
166 5381 272 5437 Domini
296 5399 384 5456 usque
407 5384 440 5438 ad
464 5392 589 5440 octavam
617 5383 784 5454 Epiphaniae,
801 5391 857 5436 eta
911 5377 970 5434 lieri
985 5376 1173 5448 prohibemus.
1192 5372 1356 5441 Huiusmodi
1371 5388 1489 5444 namque
1503 5375 1650 5441 incestum,
1662 5374 1707 5448 qni

58 5467 293 5543 anquagesima
311 5487 397 5545 usque
422 5472 458 5528 ad
477 5481 588 5531 octavas
617 5472 803 5540 Pentecostes,
822 5470 858 5527 ab
909 5469 965 5539 jani
983 5466 1037 5521 lere
1052 5463 1207 5518 stimulante
1222 5461 1332 5517 numani
1348 5462 1458 5534 generis
1472 5462 1582 5520 inimico
1592 5464 1619 5519 in
1628 5480 1707 5519 usnm

90 5631 1713 5788 (tundamentum.ilujuaiir.temeratoresprJertcndornpcatollcooucbritetcdecernimus.ipsiquogcete.

157 5736 292 5807 Parnon.
315 5737 484 5808 CLXXIX·
