3750 6000
14 212 19 221 “
116 220 184 284 tren
595 191 776 282 wrssmsr
794 218 1126 283 usaunsscnrcnsrs
1145 215 1305 282 sontem
1692 227 1762 286 tiss

115 351 247 416 sdverso,
261 364 314 407 nec
325 354 515 420 opposuerunt
537 347 595 418 (71)
622 347 748 420 clypeum
766 361 815 416 pro
829 345 911 403 domo
927 347 953 408 Α
968 352 1175 403 entecessomm
1189 359 1266 401 more
1280 345 1474 418 compositum.
1485 347 1654 420 antejsnoes
1673 349 1763 408 eccle·

116 437 200 495 isreel
214 438 242 493 iu
256 437 301 495 die
330 436 449 493 Domini.
464 435 868 505 nuesuutsciticerpersonae
883 434 911 490 in
966 433 1014 490 sice
1027 433 1140 501 sistite3
1153 434 1244 502 jannes
1272 434 1343 490 seris
1358 443 1385 492 et
1407 437 1545 508 repagulis
1572 437 1759 495 dumuentar:

116 526 231 584 ecclesis
258 525 308 582 Dei
339 524 375 580 ed
393 523 541 580 resecando
567 523 631 579 vitia
646 523 807 580 constitute
829 541 836 579 :
858 539 913 580 une
965 521 989 576 si
1002 523 1074 577 Deus
1086 522 1200 577 voluerit
1215 528 1243 577 ut
1257 522 1404 595 ingrediar,
1423 524 1760 596 applaudetismiracnlo;

116 612 476 688 quenexscueteloquium,
491 612 651 682 alteraque
670 609 910 681 portetgledium.
966 609 1008 664 sin
1025 609 1123 676 minus,
1152 608 1187 664 de
1214 610 1352 666 cedevere
1375 627 1437 668 meo
1460 612 1542 671 iecite
1569 614 1646 689 quod
1671 615 1764 687 potius

115 703 187 776 ligo,
204 709 237 758 ut
251 716 301 757 vos
314 701 380 756 milri
395 709 477 755 testes
497 715 560 755 esse
579 698 704 770 potestis,
730 714 785 753 non
806 696 914 769 neglexi
966 698 1067 754 vestris
1081 696 1216 752 insederit
1230 697 1339 754 enimis.
1357 721 1369 748 ι»

115 806 193 849 mess
207 799 317 861 partes:
334 787 426 862 quoed
441 786 550 857 sperevi
569 785 713 856 proicere,
729 785 831 842 ermsvi
860 785 913 839 liu·
1001 784 1091 856 5888.
1107 785 1163 841 lieo
1175 785 1291 855 permoti
1308 787 1439 857 oratione,
1462 804 1526 845 cum
1554 788 1600 846 ille
1613 799 1765 847 extremum

116 895 198 952 gnsm
214 896 223 947 ;
239 876 406 946 illumcujus
419 875 532 931 interest
557 889 615 930 rem
643 889 730 947 egere
744 872 837 945 qledio
850 888 913 930 cer·
967 871 1088 928 efflasset
1101 873 1169 944 (88),
1184 879 1248 929 eote
1276 882 1366 943 portes
1394 876 1464 932 seris
1476 877 1607 935 occlosss
1630 880 1766 936 exanimis

119 967 217 1026 liorem
235 964 287 1022 ieci
299 965 398 1021 nuncio
415 970 601 1032 ;occupntum
628 978 659 1018 se
689 960 828 1034 rescripsit
841 960 915 1017 bello
968 960 1093 1031 praesulis
1107 961 1223 1017 exuvies
1234 961 1456 1032 deportent;sed
1466 979 1530 1020 mox
1540 965 1675 1022 divinitus
1685 968 1767 1025 turbo

117 1054 345 1122 windelicorum,
357 1066 460 1125 roquos
475 1059 503 1108 ut
523 1051 592 1106 meis
619 1050 761 1108 laboribus
784 1049 843 1106 suis
869 1065 908 1106 exv
968 1051 1097 1114 emissus,
1112 1052 1206 1105 omnia
1223 1051 1412 1122 repagulorum
1427 1052 1571 1109 obstaculo
1594 1054 1764 1126 dirumpens,

118 1143 210 1218 pensis
246 1158 301 1199 non
331 1156 460 1215 gmusrer
484 1139 633 1197 deturbsre
663 1139 801 1195 latronum
830 1139 914 1207 350
969 1136 1154 1194 relvssetism
1170 1138 1255 1208 ipses,
1272 1140 1426 1197 vehementi
1440 1141 1589 1211 pstelectss
1603 1141 1717 1213 impeto,
1732 1144 1767 1200 sd

116 1231 309 1291 concilisbuls.
337 1229 367 1289 si
395 1229 557 1295 renuissem,
594 1243 675 1300 quam
711 1227 913 1283 excusationem
969 1224 1102 1297 perietem
1117 1225 1236 1297 impulit.
1257 1227 1377 1298 Populus
1391 1235 1483 1284 astans
1498 1230 1631 1287 acclamat
1645 1231 1672 1286 in
1687 1247 1766 1306 geu-

116 1319 174 1377 Deo
189 1318 329 1384 sderrem,
358 1331 423 1374 eom
439 1325 586 1386 imperator
613 1329 678 1371 sues
700 1313 728 1369 in
756 1328 801 1370 me
824 1320 917 1385 portes
968 1313 1065 1377 dium;
1094 1313 1229 1384 pontilicis
1243 1330 1343 1386 corpus
1357 1318 1553 1390 compatribus
1579 1319 1637 1392 (83)
1664 1305 1768 1377 celebri

116 1407 285 1466 reludisseti
301 1405 425 1462 viderem
440 1404 543 1460 cedem
559 1401 671 1467 civium,
693 1402 821 1458 domnum
837 1415 916 1472 pere·
968 1401 1142 1459 ueneratione
1156 1403 1288 1461 locetum.

116 1497 270 1570 crinorum,
286 1502 313 1550 et
327 1490 528 1548 dormitarem?
545 1490 629 1564 Atqui
657 1487 705 1562 qui
721 1489 795 1561 porci
806 1488 915 1558 lstroni,
1002 1505 1040 1546 ou
1053 1505 1176 1548 uucrans
1189 1507 1325 1549 usserint
1339 1508 1356 1547 t
1372 1508 1540 1552 oreuoursos
1553 1511 1588 1552 sa
1603 1511 1739 1554 accusem

116 1584 218 1643 occidit
231 1583 417 1638 innocentem.
436 1580 492 1636 Seo
506 1579 652 1648 objicietur
672 1593 725 1634 non
741 1592 802 1634 esse
816 1592 914 1635 secer·
1287 1596 1442 1637 axraacrn.

116 1673 188 1730 dotis
202 1678 230 1727 ut
241 1686 272 1726 se
287 1669 363 1726 crede
391 1667 535 1739 cujuslibet
554 1666 720 1731 immaculet,
737 1673 764 1722 et
779 1683 831 1740 ego
845 1681 914 1723 con·
930 1699 957 1763 B
1003 1666 1095 1741 gilli.
1119 1666 1232 1725 medem
1245 1668 1342 1725 diebus
1355 1670 1443 1726 simile
1458 1671 1523 1728 huic
1541 1672 1569 1727 io
1579 1673 1681 1745 Anqlis
1696 1688 1765 1731 eon·
1819 1664 1825 1685 ⁴

115 1768 185 1819 cedo
200 1778 210 1815 .·
225 1758 313 1814 stille
328 1773 358 1813 se
372 1770 426 1812 non
441 1755 565 1828 inquinat
589 1756 648 1828 (ts)
663 1755 708 1828 qui
723 1762 830 1810 sontem
846 1770 914 1824 pre·
969 1756 1040 1826 tigit.
1059 1772 1114 1812 non
1129 1772 1250 1826 superno
1261 1759 1406 1824 miraculo,
1419 1759 1467 1815 sed
1482 1760 1587 1817 inlerno
1602 1763 1744 1835 prestigio
1757 1783 1766 1831 ;

117 1865 208 1910 mens.
229 1847 367 1903 insontem
397 1843 494 1900 liberet
512 1861 519 1908 ;
535 1844 590 1901 imo
612 1860 689 1906 vcro,
704 1842 760 1900 imo
773 1844 853 1909 beati,
865 1843 915 1916 qui
968 1844 1120 1919 quodcum
1134 1843 1484 1914 retuleromonmdtteon
1498 1848 1696 1908 lidesbiston'ae
1713 1852 1766 1908 etsi

116 1935 277 1994 custodiunt
295 1932 430 2004 judicium
446 1940 473 1989 et
500 1931 603 2017 lanciunt
626 1931 761 2002 justitiam
789 1931 816 1985 in
839 1931 915 1987 omoi
968 1943 1077 1989 mentes
1092 1936 1242 1989 auditorum
1259 1946 1311 1989 sint
1326 1939 1479 1992 incredulos
1518 1938 1579 2011 ligo
1593 1938 1660 1994 illud
1687 1939 1765 1996 stoli

116 2032 251 2096 tempore.
268 2021 430 2078 Sacerdotes
455 2019 574 2084 luerunt,
599 2019 769 2091 amplissime
782 2018 861 2074 leude
878 2017 915 2073 in·
968 2021 1026 2078 viro
1041 2021 1144 2089 eudivi,
1159 2021 1251 2093 quise
1270 2022 1376 2079 vidisse
1396 2025 1509 2093 juraret.
1528 2031 1608 2092 352
1621 2027 1668 2083 cui
1694 2043 1766 2084 eru·

120 2112 201 2182 mosi,
237 2110 335 2167 Finees
369 2117 398 2165 et
432 2108 604 2173 llathathies,
636 2107 719 2163 embo
743 2123 819 2165 sucre
846 2105 916 2162 tiore
968 2108 1317 2166 besceremnoocredere.
1335 2112 1433 2167 Mulier
1451 2112 1478 2168 in
1503 2114 1768 2173 berkeleiemansi-

16 2202 19 2209 '
114 2201 233 2258 frontem
243 2197 378 2273 insigniti,
406 2199 489 2254 embo
504 2196 718 2253 secerocrslious
738 2195 816 2251 stolis
842 2194 914 2249 erni·
967 2199 1053 2264 cebet,
1070 2197 1260 2264 meleliciis,ot
1271 2207 1334 2270 post
1343 2199 1443 2270 patuit,
1455 2201 1572 2271 insuete,
1585 2203 1766 2275 auguriorum

112 2291 158 2356 cti,
175 2286 404 2346 embotemenin
433 2285 626 2358 delinquentes
653 2300 734 2340 meno
762 2283 810 2339 ulti
839 2290 913 2339 sunt.
967 2295 1088 2341 veterum
1105 2302 1158 2340 oon
1174 2285 1270 2348 inscie.
1287 2288 1499 2358 gutoepmrona,
1517 2290 1766 2361 petulentiaesrbi·

113 2379 171 2450 (79)
195 2378 272 2434 tter
295 2390 429 2432 venereos
449 2373 589 2445 amplexus
617 2373 737 2445 pugione
765 2370 912 2428 confodit:
968 2381 1021 2442 trs,
1041 2372 1152 2446 flagitiis
1167 2389 1219 2429 non
1231 2389 1334 2445 ponens
1356 2375 1481 2442 modurn,
1499 2377 1573 2448 quod
1586 2389 1659 2436 essen
1674 2382 1765 2438 adhuc

113 2469 183 2523 elter
199 2465 386 2521 immolantem
412 2461 587 2517 immolatitio
611 2460 702 2516 cruori
731 2458 911 2516 commiscuit.
967 2462 1265 2524 citreeenium,riciuo
1284 2463 1345 2518 lieet
1374 2462 1444 2535 pods
1472 2465 1585 2536 pulsans
1612 2472 1765 2525 senectuti.

113 2555 141 2612 Si
152 2554 212 2627 ipsi,
232 2553 311 2627 qussi
334 2551 437 2623 spissas
452 2548 521 2620 legis
536 2549 664 2606 tenebrae
680 2548 832 2618 pelnsntes,
862 2562 910 2618 pro
966 2550 1078 2606 editum.
1096 2551 1160 2606 llaec
1174 2565 1236 2606 cum
1251 2551 1369 2622 quedem
1385 2554 1429 2608 die
1449 2555 1651 2626 convivaretur,
1667 2559 1762 2614 corni·

112 2643 179 2716 ipsis
193 2641 353 2698 umoreticis
367 2638 502 2710 mysteriis
518 2638 577 2694 nelo
597 2637 690 2695 dirioo
717 2635 819 2693 efferati
834 2641 910 2702 sunt,
966 2638 1029 2696 cula
1043 2653 1125 2710 quam
1139 2639 1165 2693 in
1185 2638 1292 2695 deliciis
1308 2640 1435 2711 babebat,
1465 2643 1587 2700 vocalius
1601 2645 1692 2704 solito.
1710 2664 1763 2703 ne·

113 2747 175 2798 nos,
190 2737 284 2803 aperte
302 2726 390 2784 fronte
412 2727 553 2782 veritatem
581 2732 750 2788 contuentes,
780 2723 913 2794 patiemur
965 2726 1023 2782 scio
1036 2727 1111 2798 quid,
1128 2727 1264 2782 cornicata
1279 2735 1322 2782 est
1337 2746 1343 2782 :
1361 2744 1414 2799 quo
1442 2729 1543 2796 eodito,
1559 2732 1679 2790 dominre
1699 2737 1761 2791 cnl-

114 2833 197 2876 secrs
230 2824 323 2871 nostra
352 2813 543 2885 prophanari?
566 2813 677 2868 Azeries
700 2812 829 2868 sacerdos
854 2812 912 2882 (80)
964 2814 1096 2870 tellusde
1116 2829 1199 2869 meno
1215 2815 1395 2882 t8lle1cidit,
1411 2816 1493 2872 simul
1522 2821 1762 2894 etvoltusexpel-

111 2922 207 2981 regem
222 2903 315 2961 Oziem
330 2901 531 2959 thurificantem
548 2901 649 2971 expulit
670 2910 714 2968 3et
732 2898 911 2971 proculdubio
964 2901 1013 2958 luit
1029 2920 1037 2968 ;
1053 2908 1089 2970 et,
1104 2901 1359 2975 productogemitu,
1378 2925 1389 2954 n
1406 2905 1502 2970 Hodie,
1523 2907 1569 2972 sit,
1586 2909 1763 2968 adalelmum

113 2991 484 3056 nondubitessetoocidere,
514 2990 566 3045 nisi
582 2989 629 3045 ille
652 2989 833 3046 accelerasset
861 3002 910 3043 ce·
964 2989 1073 3045 solcum
1088 3006 1179 3046 meum
1202 2992 1326 3057 pervenit
1338 2999 1460 3048 aratrum
1477 3008 1484 3062 ;
1501 2995 1582 3051 bodie
1610 2998 1764 3055 acclamet

115 3066 189 3143 dere.
211 3079 348 3139 Prcevenit
369 3077 555 3151 episcopalem
581 3093 692 3133 menum
711 3077 794 3150 plage
808 3075 912 3144 divine,
927 3050 952 3114 G
966 3079 1097 3149 eocipinm
1112 3077 1218 3150 mande
1233 3079 1473 3137 incommodum.»
1495 3081 1563 3138 (lum
1590 3084 1663 3141 dicto
1689 3103 1762 3143 nun·

115 3183 146 3230 ut
160 3172 237 3246 lepra
250 3171 445 3242 depasceretur
459 3166 531 3222 illius
545 3167 665 3223 cadaver
692 3165 775 3235 cujus
804 3166 911 3220 enimus
963 3166 1022 3223 cius
1035 3166 1213 3222 miserierium
1226 3166 1356 3223 introvit:
1369 3179 1555 3240 percunctatus
1566 3173 1634 3245 quid
1650 3174 1686 3230 ite
1701 3175 1761 3233 vul·

113 3261 267 3319 anhelasset
295 3259 397 3314 illicite.
427 3256 580 3312 Deturbste
602 3254 651 3310 luit
667 3258 740 3325 regis
750 3253 868 3318 devotio,
884 3255 912 3308 et
965 3255 1238 3323 tunsusadventsrer,
1250 3277 1262 3304 ι
1274 3255 1378 3319 Altero.
1389 3257 1488 3331 inquit,
1501 3260 1591 3316 tibiex
1603 3261 1669 3317 ville
1679 3263 1758 3328 itte„

113 3365 169 3408 ¹¹⁰⁰
185 3349 372 3407 delllfb⁸b¹¹¹¹f
387 3344 619 3401 ¹⁸¹l⁰¹¹l³⁸¹¹¹hlli⁰
633 3344 648 3398 ἶ)
660 3345 756 3398 Parum
781 3348 823 3398 θεῖ
836 3340 910 3414 quod
965 3351 993 3400 et
1006 3343 1156 3399 nominavit
1168 3343 1270 3411 locum,
1288 3365 1300 3396 ι
1318 3342 1364 3400 lilii
1379 3347 1482 3402 obituro
1510 3356 1537 3403 et
1553 3349 1636 3405 totius
1653 3351 1763 3409 l'emilies

114 3455 228 3504 excuso,
243 3437 334 3492 sinon
357 3443 384 3490 et
407 3434 514 3490 laudern
541 3431 642 3488 lectum
670 3446 772 3488 meum.
801 3428 911 3486 Contuli
965 3447 1000 3488 ex
1014 3431 1104 3488 subite
1118 3432 1195 3488 ruina
1209 3432 1356 3488 interitum.
1372 3456 1383 3483 s
1400 3435 1562 3492 1100d010r0
1573 3438 1630 3508 (35)
1651 3438 1763 3499 (Μὴ,

115 3529 189 3586 enim
208 3525 262 3582 illis
276 3521 440 3580 beneficium
456 3521 554 3593 quibus
573 3519 669 3577 videor
682 3519 829 3576 contulisse
850 3516 912 3575 exi·
965 3526 1060 3591 pectus
1073 3519 1164 3575 seucie
1178 3519 1306 3576 continno
1319 3520 1446 3578 decubuit
1463 3536 1470 3586 ;
1486 3523 1662 3597 sentiensque
1684 3542 1762 3584 mor·

115 3617 192 3679 tium,
209 3628 317 3686 poensm
332 3611 417 3666 minui
432 3611 483 3684 qui
497 3616 612 3665 mortem
638 3607 799 3666 acceleravi.
816 3606 911 3663 Scele-
966 3607 1029 3662 bum
1046 3622 1197 3677 perrepere
1210 3607 1245 3663 sd
1260 3608 1365 3675 vitalia,
1386 3610 1546 3680 superstites
1570 3611 1684 3680 liberos,
1697 3630 1761 3672 mo.

116 3710 194 3761 retus
211 3701 294 3767 enim,
310 3706 413 3773 quanto
424 3696 687 3768 plnsuirerit,tanto
698 3692 910 3766 plospeocsbi13
964 3697 1081 3752 nochum
1096 3704 1123 3751 et
1136 3699 1307 3764 monacbem,
1321 3696 1475 3769 pernicibus
1488 3698 1612 3756 invitavit
1626 3703 1759 3773 epistolis.

114 3791 168 3849 nisi
183 3787 369 3860 torneelquts
398 3779 454 3858 (81)
481 3801 562 3858 quem
591 3785 665 3840 lleus
680 3779 910 3855 351singulari
965 3783 1154 3840 Advenientes
1171 3799 1239 3841 roce
1252 3785 1429 3858 singultiente
1439 3787 1603 3859 alloquitur:
1620 3789 1690 3864 ligo,
1701 3791 1759 3864 lilii,

114 3879 243 3950 exemplo
257 3873 417 3948 respexerit.
443 3874 522 3930 llore-
541 3873 570 3929 in
598 3887 742 3930 commune
770 3870 842 3926 bons
869 3877 911 3925 est
965 3873 1084 3944 quodem
1100 3886 1162 3928 meo
1175 3873 1326 3929 miserebili
1340 3873 1396 3930 feto
1410 3875 1570 3934 demonicis
1589 3893 1700 3950 semper
1714 3896 1761 3937 ar-

112 3966 239 4026 omoibos
254 3962 496 4036 ;perenmjustus
523 3961 665 4034 reponitur
690 3959 717 4015 in
744 3957 909 4023 scelestibus,
965 3960 1039 4016 tibus
1049 3960 1161 4016 inservii
1178 3980 1185 4027 ;
1201 3977 1255 4034 eqo
1269 3961 1394 4019 vitiorum
1415 3965 1536 4020 omnium
1563 3968 1678 4036 mutina,
1707 3984 1761 4039 eqo

112 4054 318 4129 iniustusponit
335 4052 416 4108 ierias
431 4049 604 4112 sceleribus:
631 4047 723 4104 melus
737 4045 785 4102 det
799 4045 910 4119 flagitiis
963 4048 1158 4105 illecebrarum
1172 4049 1306 4119 megistre
1321 4050 1368 4107 lui.
1389 4051 1458 4107 Επεὶ
1485 4062 1585 4121 temen,
1615 4055 1761 4114 interbree

109 4144 269 4212 terminum,
296 4141 386 4198 bonus
410 4138 546 4212 pertendit
573 4136 608 4192 ed
632 4136 760 4193 brevium
776 4153 784 4200 ;
799 4142 909 4189 sanctus
964 4137 1046 4200 mels,
1063 4152 1127 4208 spes
1142 4145 1243 4194 vestrre
1256 4138 1399 4212 religionis
1413 4156 1476 4213 que
1493 4140 1621 4198 miseram
1637 4144 1762 4217 palparet

111 4234 299 4308 proquinquat
314 4229 350 4286 sd
359 4229 625 4302 palmam,peccstor
632 4231 739 4295 spectet
747 4223 782 4279 ed
791 4222 910 4290 veniam,
963 4226 1083 4282 animem
1100 4241 1107 4293 ;
1123 4225 1158 4282 de
1172 4241 1216 4282 me
1229 4226 1382 4299 desperate,
1398 4227 1425 4284 in
1443 4229 1683 4289 vobisreclinebsr
1693 4247 1701 4303 ;
1711 4248 1761 4291 nos

112 4322 188 4399 quod
198 4320 259 4392 lipit
272 4318 381 4392 flagitiis
394 4325 503 4372 metnm.
529 4313 632 4372 tirstiae
656 4312 741 4385 igitur
765 4310 832 4367 mibi
856 4309 910 4366 bs·
963 4313 1143 4386 proponeban
1157 4325 1376 4385 propugnatores
1402 4316 1534 4373 adsersus
1549 4317 1699 4386 demones,
1716 4330 1760 4378 tn-

110 4411 210 4474 bendae
225 4418 287 4478 sunt
301 4408 408 4463 illorum
423 4404 482 4461 vioe
497 4403 544 4477 qui
560 4402 642 4458 tentis
654 4400 771 4456 miseriis
785 4397 906 4468 exempti
920 4404 948 4467 D
962 4407 1037 4458 tores
1050 4411 1145 4458 contre
1166 4402 1337 4461 sevissimos
1351 4405 1453 4462 ltostes.
1469 4407 1548 4463 Nunc
1572 4406 1667 4480 igitur,
1697 4410 1762 4483 qui·

112 4509 177 4556 sont
191 4513 252 4555 meo
266 4509 391 4553 munere.
406 4494 469 4549 lieo
484 4490 575 4557 hebui,
592 4498 652 4560 quse
662 4503 712 4558 pro
723 4487 908 4556 mediocrem,
963 4489 999 4546 ed
1013 4488 1094 4546 linem
1110 4491 1175 4546 vitea
1190 4491 1303 4558 secessi,
1330 4500 1358 4549 et
1377 4492 1438 4549 illos
1456 4493 1563 4551 bobebo
1577 4505 1718 4555 exactores
1733 4499 1762 4555 in

112 4594 258 4646 utvestras
272 4582 438 4641 assertiones
453 4593 625 4636 enecuerem.
656 4576 721 4641 Sed,
738 4576 869 4649 quoniam
883 4583 910 4631 et
963 4593 1044 4649 poens
1059 4593 1129 4650 quos
1146 4578 1231 4635 hebui
1248 4595 1379 4638 sessores
1394 4582 1421 4636 in
1440 4581 1529 4653 culpe,
1544 4597 1613 4655 rcqo
1637 4601 1686 4642 vos
1712 4603 1763 4659 per

113 4693 184 4735 mese
198 4680 333 4732 etrestrae
349 4667 571 4728 rstiociustiones
601 4664 656 4721 lulli
679 4672 804 4736 possunt.
831 4669 910 4722 coni-
964 4673 1088 4722 materne
1101 4666 1197 4736 ubere,
1212 4667 1236 4725 si
1251 4683 1306 4740 que
1319 4665 1398 4735 fides,
1415 4669 1438 4724 si
1452 4684 1507 4742 que
1532 4670 1630 4741 pietas,
1645 4681 1675 4729 ut
1698 4691 1760 4732 mea

113 4765 252 4826 mittamus
279 4759 371 4821 omnio
398 4757 491 4816 divino
514 4753 656 4815 examini:
679 4766 780 4827 corpus
807 4766 908 4824 meum,
964 4754 1061 4812 ssltem
1086 4754 1195 4812 tentetis
1233 4754 1360 4815 alleviare
1386 4764 1522 4816 tormenta
1535 4774 1543 4814 ε
1558 4767 1587 4818 et
1612 4759 1647 4818 de
1670 4761 1759 4821 enim.

160 5114 206 5171 att
237 5107 444 5238 Opposcercnt.
469 5121 495 5161 s.
522 5098 553 5172 1.,
569 5098 773 5178 apposuerunt,
790 5116 818 5158 e.
838 5117 863 5158 c.
880 5117 906 5158 e.
1009 5094 1056 5176 et)
1074 5101 1189 5176 Aliquis.
1202 5117 1227 5160 c.
1242 5093 1270 5159 d.
1287 5119 1324 5174 e.,
1338 5096 1416 5161 omitt
1428 5095 1492 5161 ina.
1508 5120 1531 5161 s.
1548 5089 1567 5162 l.

162 5174 208 5253 18)
223 5184 262 5238 At
291 5183 329 5238 lle
342 5196 371 5238 ee
380 5177 588 5250 nonisquinot.
599 5181 628 5231 o.
638 5190 675 5241 e..
685 5174 806 5230 slillese
816 5174 909 5247 inqui·
1010 5176 1055 5230 stt
1065 5175 1368 5248 Extremumepilnseet.
1380 5192 1404 5232 c.
1417 5192 1443 5232 e.
1455 5176 1486 5245 l.,
1497 5178 1761 5252 entremnmefflae-

113 5252 324 5399 mlttlbilslteerl
328 5292 516 5378 commiscuit.
528 5315 711 5388 Vidlosepb.
726 5315 827 5389 Antiq.
839 5314 906 5373 lod.
961 5245 1208 5384 ⁸eitsspiii’ictdtlr'ib'n'e.
1222 5261 1247 5372 ἓ.
1262 5245 1291 5372 g.
1308 5331 1345 5383 e..
1360 5318 1540 5393 presbyteris,
1565 5334 1588 5376 s.
1602 5317 1635 5388 l.,
1650 5321 1760 5394 prede·

110 5397 159 5455 lib.
176 5409 216 5458 rr,
231 5409 255 5448 c.
272 5395 298 5455 8,
314 5390 330 5463 ἕ
345 5395 378 5448 ta
394 5410 401 5459 ;
418 5390 466 5445 lib.
483 5403 562 5447 xmo
589 5391 617 5454 8,
629 5386 646 5461 ἓ
659 5392 686 5443 t.
960 5385 1171 5453 corrosores.

99 5463 106 5478 '
136 5467 206 5538 (88)
220 5464 336 5519 terrine
349 5462 487 5518 sacerdos.
504 5477 520 5514 e
543 5476 566 5517 s.
582 5459 610 5514 d.
626 5474 652 5514 e.
668 5458 699 5526 l.,
711 5460 908 5542 ntZaclmrins
971 5534 974 5541 Ι
996 5458 1050 5600 (88)
1065 5455 1105 5511 lle
1119 5470 1220 5512 moon
1240 5473 1265 5513 c.
1281 5458 1309 5514 d.
1324 5474 1363 5529 e.,
1373 5460 1454 5516 omit.
1470 5460 1498 5515 in
1513 5474 1539 5515 a.
1554 5474 1580 5518 s.
1594 5457 1616 5517 l.

111 5535 276 5600 ,acerrimo
303 5532 330 5598 8,
346 5535 377 5588 ot
394 5530 747 5602 Zaclnilosrneerdotee,c
764 5531 791 5589 l.
802 5531 908 5604 (Videt
1008 5527 1053 5597 88)
1070 5525 1130 5584 Hoc
1139 5527 1242 5586 dabre.
1253 5544 1281 5587 s.
1293 5545 1318 5586 c.
1329 5529 1693 5607 mecledonensem,
1702 5549 1727 5593 s.
1737 5533 1758 5592 l.

114 5610 236 5678 chron..
250 5619 277 5664 o.
287 5617 364 5673 xxvi,
381 5600 484 5674 tout.)
