3772 6006
73 271 150 331 tito
613 272 707 332 vita
729 271 761 333 S.
783 270 1004 333 wittsrartt.
1031 303 1065 316 -
1090 267 1160 330 tta.
1184 272 1208 329 Ι.
1694 270 1776 335 1750

70 402 192 473 cipium,
217 405 268 476 qui
294 404 393 461 luisset
414 404 580 461 litterature
600 405 737 478 princeps
756 405 791 460 dc
806 407 891 475 grute
905 405 932 472 Α
947 418 978 458 ee
994 401 1082 458 vianti
1098 401 1262 471 obtulisset,
1280 401 1361 459 nullu
1378 401 1418 460 ecl
1436 403 1576 477 precipiti
1595 404 1770 462 necessitate

69 491 244 564 auglorum.
269 493 308 550 Eo
332 494 411 550 enim
426 494 474 549 dia
487 498 545 550 taur
563 493 673 566 proliua
688 492 893 565 predicatione
946 489 1769 567 urgentepreteribatinsaiutatum;quinimoingressns

72 579 213 653 populum
236 583 380 649 irroravit,
397 586 429 639 ot
451 599 507 638 non
524 581 708 640 dubitaretur
722 581 890 639 wlstanum
946 580 1005 637 Deo
1019 585 1049 638 ct
1062 585 1176 650 sancto,
1187 579 1271 652 culus
1285 588 1362 638 esset
1373 582 1524 653 templum,
1536 598 1634 655 preces
1648 598 1714 641 curn
1726 582 1771 640 la·
1880 588 1883 595 '

70 685 121 740 per
142 669 282 742 Spiritum
304 675 440 728 sanctum
462 672 564 728 eadem
583 671 635 727 niti
660 670 808 739 facundia,
831 686 894 744 que
948 671 1056 744 crymis
1075 684 1200 743 semper,
1218 676 1248 725 ut
1267 669 1386 743 quidam
1410 670 1461 740 ait,
1476 669 1504 726 lu
1522 671 1646 728 statione
1660 673 1770 746 paratis

25 794 28 799 ·
70 759 218 830 quondum
244 758 374 835 linguam
398 761 540 819 movisset
563 760 698 818 iuliade.
723 758 893 818 Necsoium
947 757 1772 833 thurificabatllocmorequadamdiedumadcomita·

69 851 151 916 tuuc,
162 849 211 905 sed
223 850 340 907 etomnl
350 850 408 906 vita
418 850 457 907 ita
468 851 545 907 lama
554 849 767 924 predicationis
779 850 892 924 plebem
948 855 1009 905 tum
1029 851 1167 905 evocatos
1191 864 1243 920 per
1265 846 1407 905 areanum
1424 848 1479 905 iter
1501 847 1632 920 haberet,
1652 852 1680 904 et
1699 850 1772 907 socii
1855 838 1862 849 ’

72 938 228 1005 mulcebat,
249 943 281 995 ut
305 941 472 997 catervatim
496 956 529 996 co
552 941 664 998 rideres
687 941 804 1014 agmina
826 954 894 996 con·
947 938 1149 1009 obstreperent
1179 937 1339 1009 quominus
1362 936 1399 994 ad
1423 936 1577 994 ecclesiam
1601 939 1769 1007 diverterat,

68 1026 170 1093 liuere,
186 1043 243 1099 quo
258 1029 392 1086 auditum
407 1033 486 1086 esset
499 1045 565 1086 eum
580 1029 733 1087 ecclesiam
748 1028 892 1086 dedicare.
948 1027 1047 1085 audire
1055 1027 1231 1099 supersedit.
1243 1027 1355 1101 ltaque,
1366 1026 1528 1102 ingressus,
1539 1029 1645 1086 antes.
1658 1028 1771 1101 llgwini

71 1119 135 1186 lpse
150 1117 238 1173 etiam
255 1118 330 1175 ultro
351 1118 481 1191 rapiebat
501 1120 664 1189 materiam,
681 1124 709 1176 et
730 1126 762 1176 ut
776 1133 894 1191 semper
947 1133 978 1173 se
994 1116 1293 1190 prostravitexusias3
1307 1117 1502 1189 plurimusibi
1513 1133 1565 1191 pro
1576 1135 1629 1174 sua
1640 1133 1772 1175 snorum·
1854 1144 1857 1151 ·

71 1205 216 1263 Christum
244 1212 371 1277 sonaret,
395 1225 511 1283 semper
535 1210 682 1267 Christum
708 1208 893 1266 auditoribus
946 1203 1771 1279 quesaluteprccator.Factaoratione,mouachosomnas

70 1300 253 1366 proponeret,
266 1305 411 1369 postremo
422 1298 569 1355 Christum
580 1299 679 1366 etiarn,
691 1303 724 1355 ut
734 1297 890 1368 itadicam,
946 1293 1120 1352 salutatione
1135 1312 1188 1352 sua
1202 1300 1232 1352 et
1255 1296 1355 1353 osculo
1380 1295 1531 1369 dignatur,
1552 1296 1664 1352 salubri
1679 1295 1769 1352 ctiam

70 1390 283 1457 repugnantem
299 1401 358 1442 suaa
375 1387 449 1459 parti
465 1387 632 1444 attraheret.
649 1386 692 1444 lta
705 1387 783 1444 euim
799 1385 892 1443 obsti·
946 1384 1151 1458 predicatione
1164 1384 1386 1442 demulsitllrat
1399 1401 1434 1443 ex
1444 1386 1545 1443 eodem
1556 1390 1697 1442 conventu
1710 1400 1769 1441 mo-

69 1474 301 1530 nateinsistebat
314 1475 434 1547 jejuniis
449 1480 477 1531 et
488 1475 604 1549 sigiliis,
620 1475 661 1532 ita
676 1475 891 1532 violentasora·
946 1474 1769 1547 uaehuspoijamdudnmdiuturnalebrislnternsspassa
1848 1546 1851 1553 Ι

68 1563 452 1637 lionasinjiciabatcoelu,ut
464 1583 519 1622 uon
532 1565 725 1623 immeritods
737 1565 890 1639 ipsccjus·
945 1563 1102 1635 medullas,
1126 1565 1200 1621 morl
1224 1565 1259 1636 [l.
1285 1563 1392 1638 mortil,
1413 1569 1446 1621 ot
1465 1567 1636 1637 potabatur,
1651 1564 1769 1622 alduem

68 1669 124 1725 que
135 1653 308 1725 sequacibus
320 1656 462 1712 Dominus
479 1655 603 1711 dixerit:
624 1654 746 1727 Regnum
761 1655 891 1710 coeiuram
945 1653 1017 1710 lecto
1025 1656 1209 1727 apposuerat.
1218 1652 1330 1711 Nomen
1343 1653 1369 1710 el
1380 1652 1538 1729 Egelrlcus.
1551 1655 1599 1711 ilic
1618 1654 1769 1710 Wtrtorrsm

68 1745 123 1798 uim
138 1730 1066 1817 petitur,·etuiolentiropirrrrtr‘tiad(dottt.x1,l2).Berocuns,
1095 1746 1252 1800 orationum
1286 1745 1375 1816 ipsius
1409 1742 1543 1816 beneficio
1570 1743 1704 1801 ttterette
1731 1752 1772 1801 eat

68 1834 159 1890 Tanto
170 1834 333 1906 equilibrio
345 1838 431 1892 vitam
443 1836 656 1906 informabant
665 1840 818 1907 utramque
829 1851 892 1906 pro·
946 1832 1051 1890 morde.

66 1923 225 1979 tassionem
238 1928 357 1992 teneret,
371 1932 398 1980 et
409 1930 541 1982 neutram
556 1925 767 1982 amitteretttic
783 1924 893 1996 spisco·
1248 1921 1365 1977 CAPUT
1383 1921 1456 1979 xvt.

66 2029 133 2084 pus,
147 2018 180 2068 ut
194 2012 334 2085 religione
345 2031 401 2069 non
413 2015 559 2085 abjuraret
573 2014 748 2070 monachum
759 2031 766 2081 ;
776 2014 818 2070 sic
831 2029 892 2070 mo·
981 2010 1087 2075 Quinto
1103 2010 1160 2083 (tl)
1176 2026 1254 2067 anun
1265 2009 1362 2066 collati
1378 2009 1512 2067 Wlstano
1523 2009 1709 2084 episcopatus
1721 2026 1771 2066 rex

66 2101 192 2167 anchus,
210 2106 243 2158 ut
267 2105 439 2160 auctoritate
464 2108 685 2176 representaret
710 2104 891 2175 episcopum.
946 2100 1772 2171 lidwarduslatoiunctusingcnsseminariumdiscordias

67 2193 293 2249 Remotissimus
309 2194 344 2250 ab
370 2194 522 2251 bominum
544 2195 686 2263 moribus,
703 2210 777 2266 quos
792 2198 895 2252 nostra
947 2190 1066 2262 reliquit
1078 2189 1202 2264 dugliae;
1225 2189 1293 2248 hinc
1311 2190 1449 2259 flaccido,
1465 2191 1532 2248 inde
1553 2189 1702 2248 Willelmo
1722 2207 1771 2248 co·

65 2282 229 2352 producunt
240 2282 351 2352 seacula,
360 2283 385 2339 si
395 2282 606 2350 consuleretur,
614 2283 892 2352 consiliosissimum
948 2281 1017 2337 mite
1030 2281 1213 2338 Normannia
1224 2280 1354 2350 legitimo
1365 2296 1429 2337 cam
1440 2282 1509 2352 jure
1520 2281 1723 2338 clamantibus.
1735 2284 1771 2338 et

65 2369 893 2444 sirogaretur,lacillimus.Cumaliquidessctimpstrau·
947 2375 1017 2426 tuuc
1039 2371 1159 2443 quidem
1180 2369 1323 2427 llaroldus
1345 2367 1389 2426 vel
1410 2369 1505 2426 lavore
1519 2369 1730 2442 impetratavel
1744 2370 1773 2427 ri

69 2457 149 2526 dum,
171 2457 304 2514 absolute
328 2457 503 2529 actitemus,
520 2459 655 2516 celeriter
677 2461 891 2532 pronuntians;
947 2458 1408 2532 extortacnrona,rcgnumpaulu
1420 2460 1623 2516 miuustotum
1636 2458 1772 2518 obtinuit.

65 2559 131 2600 cum
144 2546 352 2619 judicandum,
364 2548 398 2602 ad
411 2547 556 2617 justitiam
574 2549 756 2620 propensior.
773 2547 831 2606 Nec
847 2548 894 2607 dl·
947 2548 1006 2606 Soli
1022 2547 1270 2606 Northanhombri
1295 2563 1435 2621 magnum
1451 2554 1480 2604 et
1497 2547 1605 2621 gentile
1621 2552 1768 2605 tumentes

67 2633 154 2689 vitem
171 2636 293 2706 palpans
309 2652 360 2706 pro
376 2636 500 2709 pecunia
512 2655 519 2705 ;
532 2652 585 2692 nec
601 2652 757 2709 pauperem
770 2637 893 2710 pulsans
946 2638 1061 2695 interim
1079 2654 1177 2711 parere
1192 2636 1352 2707 distulere;
1375 2636 1572 2711 aquilonalem
1588 2636 1772 2695 cervicosita-

67 2739 117 2794 pro
134 2725 267 2795 penuria.
279 2724 356 2781 Nulli
369 2724 530 2782 adulationi
541 2727 670 2796 deditus,
682 2742 735 2782 uec
749 2726 805 2783 sibi
822 2725 894 2784 adu·
946 2732 1005 2784 tem
1016 2726 1150 2795 australi,
1162 2731 1195 2782 ut
1205 2726 1386 2794 dictitabant,
1399 2725 1531 2784 mollitiei
1542 2727 1700 2802 subjugare
1710 2742 1769 2784 uon

66 2810 195 2868 lantibus
225 2819 335 2886 gratus.
362 2814 479 2871 Timore
505 2814 669 2887 principum
696 2831 892 2890 nunquama
946 2814 1769 2890 dignatillnimabatcosadtyrannidemctinsnlentia
1866 2814 1869 2819 ’

61 2902 180 2974 justitia
197 2903 360 2973 decedens;
376 2920 529 2976 nunquam
550 2905 636 2961 amori
656 2919 757 2961 corum
779 2907 889 2962 honora
939 2905 1767 2979 snalngeuteseorumalebatspiritus'l'cstiuuselusdem

63 2991 174 3063 aliquo,
184 2991 241 3047 nisi
253 2993 539 3067 debitn,assurgens.
552 2993 700 3050 Laudatas
710 2995 745 3051 de
755 2993 832 3051 bunc
843 2994 887 3052 in·
900 3040 923 3109 c
940 3000 1016 3070 regis
1031 2999 1130 3062 irater,
1146 3011 1199 3052 nco
1216 2993 1387 3052 tortitudine
1401 2995 1536 3068 degener,
1551 2995 1576 3052 sl
1591 2996 1700 3054 ardeus
1713 2997 1762 3054 in·

63 3081 200 3152 dulgebat
213 3082 263 3138 Dei
275 3084 374 3155 gratia
390 3099 447 3139 ncn
464 3100 523 3140 suaa
539 3083 723 3156 arrogantia.
735 3083 886 3155 Vitupera·
940 3087 1059 3158 genium
1075 3082 1242 3156 tranquillis
1253 3083 1357 3140 studiis
1372 3083 1518 3156 applicare
1534 3084 1696 3143 maluisset.
1708 3084 1765 3151 Qui

63 3175 111 3225 tus
132 3172 302 3244 ignoscebat
323 3173 552 3246 vituperantium
575 3173 677 3242 errori,
701 3173 885 3230 conscientia
940 3175 1125 3246 postmodum
1147 3175 1178 3230 iu
1193 3173 1295 3229 eadem
1311 3171 1456 3244 provincia
1471 3189 1538 3229 cnm
1554 3170 1679 3230 liaroldo
1694 3189 1762 3247 rego

62 3275 122 3315 sua
133 3261 306 3329 gratulatus.
318 3263 489 3333 Quanquam
501 3261 531 3318 id
540 3279 604 3319 raro
617 3262 775 3318 admodum
788 3262 883 3331 inerit,
938 3258 1169 3329 Norsgancrum,
1179 3270 1266 3327 quern
1277 3253 1307 3308 iu
1319 3252 1491 3326 suffragium
1504 3253 1657 3323 asciverat,
1669 3271 1762 3311 casus

62 3348 131 3420 quia
147 3364 214 3405 cum
230 3350 292 3422 ipse
312 3366 429 3406 omnem
452 3351 603 3407 hominem
618 3366 717 3407 amore
731 3351 884 3408 charitatis
939 3361 1040 3418 poeuas
1059 3346 1232 3403 inconsultae
1252 3345 1448 3403 animositatis
1468 3343 1615 3418 pependit.
1631 3343 1686 3401 Sed
1702 3343 1763 3400 hac
1844 3340 1849 3347 ’

62 3440 170 3494 tereret
181 3447 211 3493 ut
222 3440 369 3508 sobolem
386 3440 516 3496 vicissim
527 3455 630 3497 omnes
643 3457 709 3497 enm
721 3440 884 3513 diligebant
939 3436 1091 3509 posterius.
1116 3435 1199 3493 'l'unc
1214 3452 1282 3493 vern
1304 3435 1449 3492 liaroldus
1468 3451 1501 3491 eo
1522 3434 1713 3506 proiecturus,
1729 3437 1764 3489 ut

63 3532 95 3583 ut
114 3534 274 3599 parentem.
297 3529 398 3586 Gordia
419 3529 569 3587 alacritate
592 3535 620 3586 et
633 3529 780 3588 hilaritate
801 3529 881 3587 troici
937 3525 1152 3583 contumaciam
1175 3540 1277 3582 corum
1298 3523 1459 3582 lenioribus
1479 3526 1594 3580 curaret
1614 3522 1761 3590 remediis,

60 3633 189 3688 superna
200 3617 357 3690 prelibaus
368 3618 554 3691 gaudia,jam
566 3617 809 3677 cmlestislatitire
822 3620 883 3676 lon·
936 3614 1177 3688 quandoquidem
1197 3614 1272 3670 terro
1293 3614 1424 3685 frangere
1439 3613 1596 3669 consilium
1612 3629 1670 3670 uon
1686 3615 1759 3681 erat,

60 3714 119 3765 iem
135 3725 188 3781 spa
202 3708 412 3781 praesumebat;
435 3724 522 3780 quem
544 3724 620 3765 nunc
636 3724 666 3765 re
681 3708 882 3768 iudeilcientsr
936 3710 1073 3762 sanctum
1097 3704 1192 3759 virum
1218 3717 1318 3758 secum
1345 3701 1476 3757 adduxit.
1500 3700 1547 3757 Sic
1574 3700 1652 3756 enirn
1682 3700 1760 3756 tama

59 3797 156 3855 haurit
166 3804 194 3855 st
209 3802 298 3871 potat.
312 3797 377 3867 Qui,
388 3799 523 3870 quamtis
534 3812 649 3872 semper
659 3798 757 3856 animo
768 3798 881 3857 intimis
935 3793 1099 3852 sanctitatis
1110 3793 1173 3864 elus
1187 3791 1275 3848 etlam
1292 3790 1327 3848 ad
1346 3789 1548 3847 abditissimas
1561 3791 1761 3860 penetraverat

59 3886 191 3954 haercral,
215 3904 272 3943 non
294 3892 394 3943 tamen
416 3903 482 3944 euru
504 3889 832 3961 seguamautbebarem
850 3890 879 3946 tn
934 3887 1047 3956 gentas,
1064 3884 1096 3937 ut
1112 3881 1221 3936 nuliam
1233 3896 1290 3936 non
1306 3877 1500 3952 arrogantiam
1518 3877 1685 3934 molliturus
1699 3890 1761 3934 cre·
1876 3954 1881 3959 Ι

57 3975 299 4033 extimiallomini
310 3976 419 4049 experti
430 3980 509 4034 snut.
523 3976 620 4034 Plures
631 3976 661 4034 in
672 3979 750 4035 omni
762 3979 879 4036 dimcesi
933 3974 1057 4029 devellit·
1075 3971 1132 4026 Nee
1148 3985 1214 4028 veto
1229 3969 1302 4026 olim
1313 3969 1479 4041 opinionem
1497 3968 1538 4024 1·ῦί
1554 3966 1609 4023 filli
1623 3971 1756 4024 evenit!-

56 4065 183 4121 basilica
199 4082 250 4138 per
263 4082 327 4122 euru
341 4066 485 4124 inchoata
500 4068 631 4124 animose
646 4075 672 4124 et
688 4068 801 4141 egregie
815 4086 879 4140 per·
933 4063 1064 4135 Namque
1074 4061 1116 4117 illi
1129 4060 1228 4134 popuii
1244 4061 1319 4116 terro
1330 4057 1535 4128 indomabiles,
1550 4072 1664 4130 semper
1674 4056 1758 4129 quid·

55 4156 152 4224 terrm
170 4157 389 4230 praesertimque
399 4157 574 4231 episcopatis
589 4158 666 4215 aeota
682 4159 815 4228 scelesta,
830 4160 877 4216 eui
933 4153 1000 4208 dam
1013 4165 1181 4223 magnumst
1195 4148 1309 4220 praesta
1324 4148 1480 4220 spirantes,
1492 4163 1545 4220 pro
1556 4146 1717 4202 reverentie
1727 4145 1757 4200 tn
1869 4198 1874 4217 .

54 4263 70 4302 a
86 4246 284 4303 laudamentis
295 4252 394 4319 coepta
406 4264 572 4320 supremam
585 4248 725 4320 imposuit
741 4265 876 4318 manum;
928 4242 997 4312 jura
1019 4236 1137 4296 liarcldl
1162 4236 1245 4293 facile
1267 4243 1484 4293 concesserunt.
1501 4236 1537 4291 iit
1552 4236 1679 4308 prolecto
1695 4250 1758 4306 per·

54 4335 103 4391 ubi
119 4345 145 4393 et
162 4352 301 4392 numerus
312 4336 523 4394 monachorum
539 4338 704 4409 ampliatus,
717 4343 744 4394 et
756 4339 793 4395 ad
811 4354 876 4397 nor.
933 4337 1122 4399 severassent,
1138 4328 1194 4385 nisi
1211 4344 1260 4385 eus
1281 4327 1432 4398 Tostiuus,
1457 4331 1489 4382 ut
1510 4326 1580 4395 dixi,
1603 4330 1756 4383 averteret.

54 4441 130 4480 mam
147 4424 344 4481 institutionis
354 4425 498 4498 regularia
509 4429 695 4498 compositus.
709 4428 764 4485 Sed
776 4429 837 4485 haec
848 4433 876 4485 et
931 4423 1006 4477 Sane
1016 4421 1169 4476 licetasset
1179 4417 1305 4491 pontiter
1318 4410 1424 4485 bouus,
1436 4419 1610 4473 mansuetus
1623 4419 1652 4473 at
1669 4414 1755 4485 lenis,

53 4513 242 4585 postmodum
259 4514 335 4569 lacta
349 4518 378 4570 et
393 4516 524 4587 quotidie
543 4515 634 4572 oculis
649 4517 783 4589 apposita
798 4532 877 4575 com·
932 4526 989 4567 nnn
1006 4514 1102 4566 tameo
1117 4507 1154 4564 ad
1169 4507 1320 4579 improbos
1335 4507 1504 4578 indulgebat
1518 4504 1685 4576 blanditiis;
1701 4507 1753 4563 scd

54 4604 222 4676 pendicsam
246 4602 417 4660 relationem
439 4604 616 4662 desiderant.
640 4608 779 4673 Quocirca
802 4616 831 4664 ur
848 4608 878 4664 in
934 4600 1003 4655 sitia
1017 4614 1116 4655 eorum
1128 4612 1263 4670 arguens,
1275 4595 1436 4653 minacibus
1447 4595 1631 4653 infrendebat
1645 4595 1752 4652 verbis.

53 4708 158 4764 campo
179 4691 322 4749 liberioris
344 4693 471 4750 maoerla
494 4698 594 4751 nostra
612 4696 746 4752 decurrat
766 4697 877 4765 oratlo;
935 4689 983 4744 Sin
999 4687 1029 4744 id
1045 4702 1146 4760 parum
1167 4687 1343 4758 procederet,
1361 4690 1459 4757 aperto
1474 4685 1516 4742 eis
1536 4684 1758 4759 preconabatur

53 4781 233 4852 reliquarum
256 4798 353 4838 rerum
369 4782 502 4840 ordinem
518 4785 650 4858 expedito
666 4801 879 4858 prosequamur
934 4778 1082 4848 vaticinio,
1104 4781 1214 4849 quanto
1236 4775 1380 4833 multandi
1403 4780 1502 4833 esseut
1521 4775 1675 4849 supplicio.
1700 4776 1757 4832 Nec

53 4870 123 4928 otio.
935 4866 1019 4926 lacila
1030 4882 1155 4940 unquam
1169 4865 1213 4923 sel
1232 4865 1406 4938 prudentem
1422 4862 1567 4923 bominem
1579 4865 1757 4936 conjectura,

372 4960 487 5018 CAPUT
506 4962 563 5019 XV.
934 4957 979 5015 rel
996 4962 1092 5014 vatem
1102 4955 1255 5029 prophetia
1271 4953 1382 5011 leiellit.
1398 4953 1488 5011 Multa
1502 4958 1531 5011 et
1545 4953 1596 5011 illo
1611 4952 1714 5010 itinere
1728 4960 1757 5010 et

89 5050 192 5106 crater
207 5050 274 5120 arie,
299 5050 407 5121 quibua
436 5051 626 5124 preeuntem
643 5054 778 5123 ornabar,
793 5053 880 5112 artem
935 5047 1008 5104 alias
1022 5045 1266 5116 eeumpraeerrta
1285 5048 1314 5101 et
1332 5043 1525 5117 praenarrata
1535 5046 1615 5100 eunt.
1627 5041 1758 5114 oentque

53 5139 106 5194 boc
120 5138 257 5195 balrcbat:
276 5139 415 5196 dioeeesin
427 5139 529 5198 sedulo
541 5157 706 5213 peragrare,
717 5141 880 5201 infantibus
935 5134 1061 5193 liarcido
1077 5133 1172 5206 palam
1193 5133 1366 5193 testificatus
1381 5136 1442 5200 cst;
1457 5135 1568 5205 quanto
1582 5131 1757 5188 detrimento

51 5229 128 5299 quod
139 5227 880 5303 reliquumessetsacrameutnrumsupplers,ddem
935 5228 965 5283 el
980 5223 1034 5282 tibi
1049 5229 1078 5282 ei
1090 5222 1202 5297 Angli&
1217 5223 1300 5290 forti,
1322 5221 1376 5279 niti
1399 5222 1544 5294 nequillfli
1564 5236 1679 5277 motum
1695 5236 1757 5277 0⁰r·

52 5313 226 5386 populorum
236 5315 264 5369 in
274 5315 880 5391 bunumacucrc.0ratoriumquodcunque
934 5320 1048 5371 rectum
1059 5314 1102 5372 ire
1114 5313 1262 5385 cogitarat.
1276 5311 1516 5370 vivebaturenim
1527 5319 1594 5368 tunc
1608 5327 1679 5383 pena
1694 5309 1758 5365 ubi·

87 5438 145 5509 (rt)
165 5439 272 5502 Quarto
293 5438 390 5510 potius
409 5440 627 5509 pontificatosa
644 5440 780 5499 Wlsteno
803 5444 878 5517 gasti
933 5445 1130 5500 consecratus.
1154 5438 1319 5496 Edwardus
1342 5443 1441 5496 aulem
1460 5455 1538 5497 anno
1564 5438 1641 5494 tudo.
1667 5437 1760 5494 Nonis
1818 5416 1821 5421 ¹

51 5527 127 5564 anno
146 5509 308 5564 lidwnrdus
332 5526 381 5564 rex
405 5511 486 5565 obiit.
503 5512 586 5567 Anno
612 5513 690 5568 enim
717 5514 795 5585 tuot,
813 5518 879 5587 post
932 5511 1062 5574 Jannarii
1078 5529 1094 5570 e
1109 5510 1181 5568 vivis
1202 5510 1336 5568 excessit.

51 5579 164 5636 Pascha
179 5582 207 5636 iu
225 5582 393 5652 episcopum
404 5586 448 5637 est
463 5582 582 5650 ciectus,
598 5599 698 5641 mense
713 5585 876 5656 Septembri
