<?xml version="1.0" encoding="UTF-8"?>
<!DOCTYPE html PUBLIC "-//W3C//DTD XHTML 1.0 Transitional//EN"
    "http://www.w3.org/TR/xhtml1/DTD/xhtml1-transitional.dtd">
<html xmlns="http://www.w3.org/1999/xhtml" xml:lang="en" lang="en">
 <head>
  <title>
</title>
<meta http-equiv="Content-Type" content="text/html;charset=utf-8" />
  <meta name='ocr-system' content='tesseract 3.04.00' />
  <meta name='ocr-capabilities' content='ocr_page ocr_carea ocr_par ocr_line ocrx_word'/>
</head>
<body>
  <div class='ocr_page' id='page_1' title='image "./patrologiaecurs25unkngoog_0825.png"; bbox 0 0 3772 6006; ppageno 0'>
   <div class='ocr_carea' id='block_1_1' title="bbox 132 222 1842 308">
    <p class='ocr_par' dir='ltr' id='par_1_1' title="bbox 132 222 1842 308">
     <span class='ocr_line' id='line_1_1' title="bbox 132 222 1842 308; baseline -0.009 -1"><span class='ocrx_word' id='word_1_1' title='bbox 132 241 208 308; x_wconf 79' lang='lat' dir='ltr'><strong>tfitt</strong></span> <span class='ocrx_word' id='word_1_2' title='bbox 584 236 786 301; x_wconf 70' lang='lat' dir='ltr'><strong>wittetttt</strong></span> <span class='ocrx_word' id='word_1_3' title='bbox 809 230 1181 297; x_wconf 69' lang='lat' dir='ltr'><strong>Mttttttstitttttttasts</strong></span> <span class='ocrx_word' id='word_1_4' title='bbox 1204 229 1383 293; x_wconf 75' lang='lat' dir='ltr'><strong>ttONtcHt</strong></span> <span class='ocrx_word' id='word_1_5' title='bbox 1450 222 1456 228; x_wconf 69' lang='grc'><strong>’</strong></span> <span class='ocrx_word' id='word_1_6' title='bbox 1777 231 1842 292; x_wconf 74' lang='lat' dir='ltr'><strong>teet</strong></span> 
     </span>
    </p>
   </div>
   <div class='ocr_carea' id='block_1_2' title="bbox 21 364 1878 806">
    <p class='ocr_par' dir='ltr' id='par_1_2' title="bbox 132 364 1843 539">
     <span class='ocr_line' id='line_1_2' title="bbox 132 364 1842 454; baseline -0.008 -17"><span class='ocrx_word' id='word_1_7' title='bbox 132 381 214 454; x_wconf 79' lang='lat' dir='ltr'><strong>glum</strong></span> <span class='ocrx_word' id='word_1_8' title='bbox 230 375 430 450; x_wconf 81' lang='lat' dir='ltr'><strong>crystallinum</strong></span> <span class='ocrx_word' id='word_1_9' title='bbox 442 392 489 432; x_wconf 82' lang='lat' dir='ltr'><strong>rex</strong></span> <span class='ocrx_word' id='word_1_10' title='bbox 500 373 664 431; x_wconf 85' lang='lat' dir='ltr'><strong>Ethelollue</strong></span> <span class='ocrx_word' id='word_1_11' title='bbox 678 372 815 446; x_wconf 89' lang='lat' dir='ltr'><strong>apposuit</strong></span> <span class='ocrx_word' id='word_1_12' title='bbox 829 369 952 438; x_wconf 76' lang='lat' dir='ltr'><strong>scrini03</strong></span> <span class='ocrx_word' id='word_1_13' title='bbox 968 377 994 439; x_wconf 72' lang='grc' dir='ltr'><strong>Α</strong></span> <span class='ocrx_word' id='word_1_14' title='bbox 1008 369 1114 442; x_wconf 78' lang='lat' dir='ltr'><strong>gieote,</strong></span> <span class='ocrx_word' id='word_1_15' title='bbox 1126 366 1353 425; x_wconf 89' lang='lat' dir='ltr'><strong>Occidentalium</strong></span> <span class='ocrx_word' id='word_1_16' title='bbox 1363 367 1507 422; x_wconf 80' lang='lat' dir='ltr'><strong>Saxonum</strong></span> <span class='ocrx_word' id='word_1_17' title='bbox 1518 383 1526 435; x_wconf 91' lang='lat'>;</span> <span class='ocrx_word' id='word_1_18' title='bbox 1536 379 1593 422; x_wconf 88' lang='lat' dir='ltr'><strong>nso</strong></span> <span class='ocrx_word' id='word_1_19' title='bbox 1604 364 1785 421; x_wconf 89' lang='lat' dir='ltr'><strong>noneodem</strong></span> <span class='ocrx_word' id='word_1_20' title='bbox 1797 365 1842 423; x_wconf 77' lang='lat' dir='ltr'><strong>on</strong></span> 
     </span>
     <span class='ocr_line' id='line_1_3' title="bbox 132 453 1843 539; baseline -0.008 -14"><span class='ocrx_word' id='word_1_21' title='bbox 132 469 162 526; x_wconf 91' lang='lat' dir='ltr'><strong>ln</strong></span> <span class='ocrx_word' id='word_1_22' title='bbox 178 482 235 539; x_wconf 93' lang='lat' dir='ltr'><strong>quo</strong></span> <span class='ocrx_word' id='word_1_23' title='bbox 250 481 356 522; x_wconf 88' lang='lat' dir='ltr'><strong>noman</strong></span> <span class='ocrx_word' id='word_1_24' title='bbox 377 465 441 536; x_wconf 86' lang='lat' dir='ltr'><strong>ejus</strong></span> <span class='ocrx_word' id='word_1_25' title='bbox 457 464 561 521; x_wconf 91' lang='lat' dir='ltr'><strong>litteris</strong></span> <span class='ocrx_word' id='word_1_26' title='bbox 576 462 674 520; x_wconf 89' lang='lat' dir='ltr'><strong>aureis</strong></span> <span class='ocrx_word' id='word_1_27' title='bbox 689 464 736 520; x_wconf 85' lang='lat' dir='ltr'><strong>est</strong></span> <span class='ocrx_word' id='word_1_28' title='bbox 763 463 866 531; x_wconf 78' lang='lat' dir='ltr'><strong>legere.</strong></span> <span class='ocrx_word' id='word_1_29' title='bbox 881 458 954 515; x_wconf 89' lang='lat' dir='ltr'><strong>Sunt</strong></span> <span class='ocrx_word' id='word_1_30' title='bbox 1011 459 1136 517; x_wconf 84' lang='lat' dir='ltr'><strong>donante</strong></span> <span class='ocrx_word' id='word_1_31' title='bbox 1151 456 1372 515; x_wconf 76' lang='lat' dir='ltr'><strong>cantuariorum</strong></span> <span class='ocrx_word' id='word_1_32' title='bbox 1382 455 1489 528; x_wconf 92' lang='lat' dir='ltr'><strong>populo</strong></span> <span class='ocrx_word' id='word_1_33' title='bbox 1499 458 1530 512; x_wconf 91' lang='lat' dir='ltr'><strong>et</strong></span> <span class='ocrx_word' id='word_1_34' title='bbox 1541 454 1629 511; x_wconf 87' lang='lat' dir='ltr'><strong>omni</strong></span> <span class='ocrx_word' id='word_1_35' title='bbox 1647 453 1786 510; x_wconf 75' lang='lat' dir='ltr'><strong>Australi</strong></span> <span class='ocrx_word' id='word_1_36' title='bbox 1795 458 1843 511; x_wconf 82' lang='grc' dir='ltr'><strong>Αι-</strong></span> 
     </span>
    </p>

    <p class='ocr_par' dir='ltr' id='par_1_3' title="bbox 21 532 1878 806">
     <span class='ocr_line' id='line_1_4' title="bbox 21 532 1878 629; baseline -0.006 -15"><span class='ocrx_word' id='word_1_37' title='bbox 21 532 26 561; x_wconf 70' lang='lat'><strong>¹</strong></span> <span class='ocrx_word' id='word_1_38' title='bbox 133 556 299 629; x_wconf 90' lang='lat' dir='ltr'><strong>quidicant</strong></span> <span class='ocrx_word' id='word_1_39' title='bbox 322 551 807 626; x_wconf 84' lang='lat' dir='ltr'><strong>venerandasreliquiaspereum</strong></span> <span class='ocrx_word' id='word_1_40' title='bbox 827 549 954 616; x_wconf 82' lang='lat' dir='ltr'><strong>levates3</strong></span> <span class='ocrx_word' id='word_1_41' title='bbox 1010 548 1122 623; x_wconf 82' lang='lat' dir='ltr'><strong>glorom</strong></span> <span class='ocrx_word' id='word_1_42' title='bbox 1138 547 1217 619; x_wconf 82' lang='lat' dir='ltr'><strong>genti</strong></span> <span class='ocrx_word' id='word_1_43' title='bbox 1232 545 1283 603; x_wconf 89' lang='lat' dir='ltr'><strong>Dei</strong></span> <span class='ocrx_word' id='word_1_44' title='bbox 1299 545 1446 602; x_wconf 89' lang='lat' dir='ltr'><strong>accidente</strong></span> <span class='ocrx_word' id='word_1_45' title='bbox 1458 545 1556 617; x_wconf 82' lang='lat' dir='ltr'><strong>gratia</strong></span> <span class='ocrx_word' id='word_1_46' title='bbox 1570 541 1733 615; x_wconf 81' lang='lat' dir='ltr'><strong>regimine</strong></span> <span class='ocrx_word' id='word_1_47' title='bbox 1753 542 1878 615; x_wconf 75' lang='lat' dir='ltr'><strong>prela-t</strong></span> 
     </span>
     <span class='ocr_line' id='line_1_5' title="bbox 134 631 1841 715; baseline -0.01 -11"><span class='ocrx_word' id='word_1_48' title='bbox 134 646 197 715; x_wconf 87' lang='lat' dir='ltr'><strong>sed,</strong></span> <span class='ocrx_word' id='word_1_49' title='bbox 214 661 268 702; x_wconf 92' lang='lat' dir='ltr'><strong>nos</strong></span> <span class='ocrx_word' id='word_1_50' title='bbox 283 658 348 701; x_wconf 91' lang='lat' dir='ltr'><strong>cum</strong></span> <span class='ocrx_word' id='word_1_51' title='bbox 372 644 407 700; x_wconf 90' lang='lat' dir='ltr'><strong>ad</strong></span> <span class='ocrx_word' id='word_1_52' title='bbox 428 644 526 700; x_wconf 86' lang='lat' dir='ltr'><strong>locum</strong></span> <span class='ocrx_word' id='word_1_53' title='bbox 542 642 722 710; x_wconf 89' lang='lat' dir='ltr'><strong>venerimus,</strong></span> <span class='ocrx_word' id='word_1_54' title='bbox 738 640 832 714; x_wconf 82' lang='lat' dir='ltr'><strong>magis</strong></span> <span class='ocrx_word' id='word_1_55' title='bbox 857 638 955 695; x_wconf 91' lang='lat' dir='ltr'><strong>tritam</strong></span> <span class='ocrx_word' id='word_1_56' title='bbox 1010 644 1067 706; x_wconf 89' lang='lat' dir='ltr'><strong>tue,</strong></span> <span class='ocrx_word' id='word_1_57' title='bbox 1084 634 1297 709; x_wconf 87' lang='lat' dir='ltr'><strong>aliquantulam</strong></span> <span class='ocrx_word' id='word_1_58' title='bbox 1307 642 1423 705; x_wconf 88' lang='lat' dir='ltr'><strong>terram,</strong></span> <span class='ocrx_word' id='word_1_59' title='bbox 1435 634 1464 691; x_wconf 95' lang='lat' dir='ltr'><strong>id</strong></span> <span class='ocrx_word' id='word_1_60' title='bbox 1479 637 1525 690; x_wconf 90' lang='lat' dir='ltr'><strong>est</strong></span> <span class='ocrx_word' id='word_1_61' title='bbox 1541 631 1811 689; x_wconf 83' lang='lat' dir='ltr'><strong>vmansiuuculas</strong></span> <span class='ocrx_word' id='word_1_62' title='bbox 1819 634 1841 688; x_wconf 87' lang='lat' dir='ltr'><strong>in</strong></span> 
     </span>
     <span class='ocr_line' id='line_1_6' title="bbox 134 721 1841 806; baseline -0.015 -15"><span class='ocrx_word' id='word_1_63' title='bbox 134 733 301 806; x_wconf 89' lang='lat' dir='ltr'><strong>opinionem</strong></span> <span class='ocrx_word' id='word_1_64' title='bbox 308 731 620 804; x_wconf 91' lang='lat' dir='ltr'><strong>persequemur.Nunc</strong></span> <span class='ocrx_word' id='word_1_65' title='bbox 630 744 777 803; x_wconf 83' lang='lat' dir='ltr'><strong>ponamus</strong></span> <span class='ocrx_word' id='word_1_66' title='bbox 788 727 862 798; x_wconf 77' lang='lat' dir='ltr'><strong>regis</strong></span> <span class='ocrx_word' id='word_1_67' title='bbox 870 726 955 794; x_wconf 94' lang='lat' dir='ltr'><strong>dona,</strong></span> <span class='ocrx_word' id='word_1_68' title='bbox 1010 729 1085 795; x_wconf 88' lang='lat' dir='ltr'><strong>lece,</strong></span> <span class='ocrx_word' id='word_1_69' title='bbox 1100 729 1149 800; x_wconf 90' lang='lat' dir='ltr'><strong>qui</strong></span> <span class='ocrx_word' id='word_1_70' title='bbox 1164 726 1273 784; x_wconf 90' lang='lat' dir='ltr'><strong>dicitur</strong></span> <span class='ocrx_word' id='word_1_71' title='bbox 1290 724 1450 794; x_wconf 64' lang='lat' dir='ltr'><strong>idioticae</strong></span> <span class='ocrx_word' id='word_1_72' title='bbox 1470 721 1684 796; x_wconf 73' lang='lat' dir='ltr'><strong>omnipotenti</strong></span> <span class='ocrx_word' id='word_1_73' title='bbox 1701 722 1740 778; x_wconf 75' lang='lat' dir='ltr'><strong>ad</strong></span> <span class='ocrx_word' id='word_1_74' title='bbox 1755 738 1841 778; x_wconf 67' lang='lat' dir='ltr'><strong>mom.</strong></span> 
     </span>
    </p>
   </div>
   <div class='ocr_carea' id='block_1_3' title="bbox 135 818 541 895">
    <p class='ocr_par' dir='ltr' id='par_1_4' title="bbox 135 818 541 895">
     <span class='ocr_line' id='line_1_7' title="bbox 135 818 541 895; baseline -0.012 -15"><span class='ocrx_word' id='word_1_75' title='bbox 135 839 201 895; x_wconf 75' lang='lat' dir='ltr'><strong>quaa</strong></span> <span class='ocrx_word' id='word_1_76' title='bbox 216 820 393 878; x_wconf 86' lang='lat' dir='ltr'><strong>monasterio</strong></span> <span class='ocrx_word' id='word_1_77' title='bbox 408 818 541 877; x_wconf 90' lang='lat' dir='ltr'><strong>contulit.</strong></span> 
     </span>
    </p>
   </div>
   <div class='ocr_carea' id='block_1_4' title="bbox 135 949 961 2633">
    <p class='ocr_par' dir='ltr' id='par_1_5' title="bbox 135 949 961 2633">
     <span class='ocr_line' id='line_1_8' title="bbox 172 949 956 1028; baseline -0.005 -20"><span class='ocrx_word' id='word_1_78' title='bbox 172 977 187 1008; x_wconf 88' lang='grc'>«</span> <span class='ocrx_word' id='word_1_79' title='bbox 211 956 361 1028; x_wconf 82' lang='lat' dir='ltr'><strong>Regnante</strong></span> <span class='ocrx_word' id='word_1_80' title='bbox 385 955 414 1011; x_wconf 91' lang='lat' dir='ltr'><strong>in</strong></span> <span class='ocrx_word' id='word_1_81' title='bbox 441 958 611 1028; x_wconf 86' lang='lat' dir='ltr'><strong>perpetuum</strong></span> <span class='ocrx_word' id='word_1_82' title='bbox 628 954 750 1011; x_wconf 86' lang='lat' dir='ltr'><strong>Domino</strong></span> <span class='ocrx_word' id='word_1_83' title='bbox 775 949 956 1010; x_wconf 83' lang='lat' dir='ltr'><strong>oostchesu</strong></span> 
     </span>
     <span class='ocr_line' id='line_1_9' title="bbox 135 1040 956 1115; baseline -0.011 -12"><span class='ocrx_word' id='word_1_84' title='bbox 135 1040 956 1115; x_wconf 79' lang='lat' dir='ltr'><strong>cbristo,summoetinellabilirsrumomniumCreatore3</strong></span> 
     </span>
     <span class='ocr_line' id='line_1_10' title="bbox 136 1130 958 1207; baseline -0.012 -15"><span class='ocrx_word' id='word_1_85' title='bbox 136 1150 190 1207; x_wconf 76' lang='lat' dir='ltr'><strong>ego</strong></span> <span class='ocrx_word' id='word_1_86' title='bbox 205 1132 380 1190; x_wconf 80' lang='lat' dir='ltr'><strong>cdeluulius</strong></span> <span class='ocrx_word' id='word_1_87' title='bbox 395 1133 487 1206; x_wconf 82' lang='lat' dir='ltr'><strong>gratia</strong></span> <span class='ocrx_word' id='word_1_88' title='bbox 502 1132 553 1190; x_wconf 88' lang='lat' dir='ltr'><strong>Dei</strong></span> <span class='ocrx_word' id='word_1_89' title='bbox 568 1131 797 1190; x_wconf 82' lang='lat' dir='ltr'><strong>occidentalium</strong></span> <span class='ocrx_word' id='word_1_90' title='bbox 809 1130 958 1187; x_wconf 76' lang='lat' dir='ltr'><strong>Saxonum</strong></span> 
     </span>
     <span class='ocr_line' id='line_1_11' title="bbox 136 1218 957 1293; baseline -0.009 -13"><span class='ocrx_word' id='word_1_91' title='bbox 136 1239 196 1293; x_wconf 89' lang='lat' dir='ltr'><strong>rex,</strong></span> <span class='ocrx_word' id='word_1_92' title='bbox 223 1222 252 1279; x_wconf 92' lang='lat' dir='ltr'><strong>in</strong></span> <span class='ocrx_word' id='word_1_93' title='bbox 276 1227 378 1279; x_wconf 88' lang='lat' dir='ltr'><strong>sancta</strong></span> <span class='ocrx_word' id='word_1_94' title='bbox 405 1238 439 1278; x_wconf 90' lang='lat' dir='ltr'><strong>ao</strong></span> <span class='ocrx_word' id='word_1_95' title='bbox 476 1220 664 1280; x_wconf 88' lang='lat' dir='ltr'><strong>celeberrima</strong></span> <span class='ocrx_word' id='word_1_96' title='bbox 697 1218 829 1277; x_wconf 88' lang='lat' dir='ltr'><strong>Pascbali</strong></span> <span class='ocrx_word' id='word_1_97' title='bbox 851 1218 957 1275; x_wconf 88' lang='lat' dir='ltr'><strong>solent-</strong></span> 
     </span>
     <span class='ocr_line' id='line_1_12' title="bbox 136 1306 958 1386; baseline -0.011 -15"><span class='ocrx_word' id='word_1_98' title='bbox 136 1315 228 1371; x_wconf 88' lang='lat' dir='ltr'><strong>nitate</strong></span> <span class='ocrx_word' id='word_1_99' title='bbox 242 1328 293 1386; x_wconf 91' lang='lat' dir='ltr'><strong>pro</strong></span> <span class='ocrx_word' id='word_1_100' title='bbox 321 1311 447 1370; x_wconf 85' lang='lat' dir='ltr'><strong>remedio</strong></span> <span class='ocrx_word' id='word_1_101' title='bbox 462 1312 567 1369; x_wconf 83' lang='lat' dir='ltr'><strong>anime</strong></span> <span class='ocrx_word' id='word_1_102' title='bbox 583 1328 653 1369; x_wconf 85' lang='lat' dir='ltr'><strong>men</strong></span> <span class='ocrx_word' id='word_1_103' title='bbox 668 1315 698 1367; x_wconf 90' lang='lat' dir='ltr'><strong>et</strong></span> <span class='ocrx_word' id='word_1_104' title='bbox 720 1310 801 1382; x_wconf 80' lang='lat' dir='ltr'><strong>requi</strong></span> <span class='ocrx_word' id='word_1_105' title='bbox 815 1312 844 1365; x_wconf 91' lang='lat' dir='ltr'><strong>et</strong></span> <span class='ocrx_word' id='word_1_106' title='bbox 858 1306 958 1382; x_wconf 89' lang='lat' dir='ltr'><strong>populi</strong></span> 
     </span>
     <span class='ocr_line' id='line_1_13' title="bbox 137 1395 958 1478; baseline -0.01 -18"><span class='ocrx_word' id='word_1_107' title='bbox 137 1401 328 1478; x_wconf 68' lang='lat' dir='ltr'><strong>prosperitate</strong></span> <span class='ocrx_word' id='word_1_108' title='bbox 343 1400 416 1457; x_wconf 93' lang='lat' dir='ltr'><strong>mihl</strong></span> <span class='ocrx_word' id='word_1_109' title='bbox 430 1419 446 1457; x_wconf 90' lang='lat' dir='ltr'><strong>a</strong></span> <span class='ocrx_word' id='word_1_110' title='bbox 460 1400 519 1458; x_wconf 91' lang='lat' dir='ltr'><strong>Deo</strong></span> <span class='ocrx_word' id='word_1_111' title='bbox 534 1400 685 1458; x_wconf 89' lang='lat' dir='ltr'><strong>commissi</strong></span> <span class='ocrx_word' id='word_1_112' title='bbox 700 1397 856 1457; x_wconf 92' lang='lat' dir='ltr'><strong>consilium</strong></span> <span class='ocrx_word' id='word_1_113' title='bbox 878 1395 958 1454; x_wconf 88' lang='lat' dir='ltr'><strong>selu-</strong></span> 
     </span>
     <span class='ocr_line' id='line_1_14' title="bbox 137 1485 960 1562; baseline -0.01 -13"><span class='ocrx_word' id='word_1_114' title='bbox 137 1493 189 1549; x_wconf 92' lang='lat' dir='ltr'><strong>hre</strong></span> <span class='ocrx_word' id='word_1_115' title='bbox 203 1506 271 1548; x_wconf 93' lang='lat' dir='ltr'><strong>cum</strong></span> <span class='ocrx_word' id='word_1_116' title='bbox 290 1488 436 1562; x_wconf 85' lang='lat' dir='ltr'><strong>episcopis</strong></span> <span class='ocrx_word' id='word_1_117' title='bbox 451 1494 479 1545; x_wconf 92' lang='lat' dir='ltr'><strong>et</strong></span> <span class='ocrx_word' id='word_1_118' title='bbox 502 1488 657 1547; x_wconf 90' lang='lat' dir='ltr'><strong>comitibus</strong></span> <span class='ocrx_word' id='word_1_119' title='bbox 683 1489 855 1560; x_wconf 91' lang='lat' dir='ltr'><strong>cunctisque</strong></span> <span class='ocrx_word' id='word_1_120' title='bbox 881 1485 960 1558; x_wconf 90' lang='lat' dir='ltr'><strong>opti-</strong></span> 
     </span>
     <span class='ocr_line' id='line_1_15' title="bbox 138 1577 958 1653; baseline -0.01 -15"><span class='ocrx_word' id='word_1_121' title='bbox 138 1581 266 1638; x_wconf 87' lang='lat' dir='ltr'><strong>matibus</strong></span> <span class='ocrx_word' id='word_1_122' title='bbox 290 1580 361 1636; x_wconf 89' lang='lat' dir='ltr'><strong>meis</strong></span> <span class='ocrx_word' id='word_1_123' title='bbox 390 1578 504 1649; x_wconf 81' lang='lat' dir='ltr'><strong>prefect</strong></span> <span class='ocrx_word' id='word_1_124' title='bbox 538 1580 568 1653; x_wconf 88' lang='lat' dir='ltr'><strong>[t.</strong></span> <span class='ocrx_word' id='word_1_125' title='bbox 590 1579 731 1652; x_wconf 78' lang='lat' dir='ltr'><strong>perfeci];</strong></span> <span class='ocrx_word' id='word_1_126' title='bbox 758 1581 790 1634; x_wconf 92' lang='lat' dir='ltr'><strong>ut</strong></span> <span class='ocrx_word' id='word_1_127' title='bbox 816 1577 958 1633; x_wconf 88' lang='lat' dir='ltr'><strong>decimam</strong></span> 
     </span>
     <span class='ocr_line' id='line_1_16' title="bbox 140 1664 958 1744; baseline -0.009 -17"><span class='ocrx_word' id='word_1_128' title='bbox 140 1675 252 1744; x_wconf 89' lang='lat' dir='ltr'><strong>partem</strong></span> <span class='ocrx_word' id='word_1_129' title='bbox 278 1673 422 1725; x_wconf 87' lang='lat' dir='ltr'><strong>terrarum</strong></span> <span class='ocrx_word' id='word_1_130' title='bbox 448 1685 500 1741; x_wconf 86' lang='lat' dir='ltr'><strong>per</strong></span> <span class='ocrx_word' id='word_1_131' title='bbox 522 1683 644 1742; x_wconf 78' lang='lat' dir='ltr'><strong>regnum</strong></span> <span class='ocrx_word' id='word_1_132' title='bbox 658 1683 750 1725; x_wconf 89' lang='lat' dir='ltr'><strong>meum</strong></span> <span class='ocrx_word' id='word_1_133' title='bbox 774 1682 832 1725; x_wconf 89' lang='lat' dir='ltr'><strong>non</strong></span> <span class='ocrx_word' id='word_1_134' title='bbox 862 1664 958 1723; x_wconf 90' lang='lat' dir='ltr'><strong>solum</strong></span> 
     </span>
     <span class='ocr_line' id='line_1_17' title="bbox 138 1753 959 1825; baseline -0.009 -9"><span class='ocrx_word' id='word_1_135' title='bbox 138 1760 249 1817; x_wconf 89' lang='lat' dir='ltr'><strong>sanctis</strong></span> <span class='ocrx_word' id='word_1_136' title='bbox 263 1757 393 1815; x_wconf 89' lang='lat' dir='ltr'><strong>ecclesiis</strong></span> <span class='ocrx_word' id='word_1_137' title='bbox 418 1758 529 1825; x_wconf 83' lang='lat' dir='ltr'><strong>darem,</strong></span> <span class='ocrx_word' id='word_1_138' title='bbox 545 1775 644 1815; x_wconf 88' lang='lat' dir='ltr'><strong>verum</strong></span> <span class='ocrx_word' id='word_1_139' title='bbox 669 1757 757 1814; x_wconf 91' lang='lat' dir='ltr'><strong>etiam</strong></span> <span class='ocrx_word' id='word_1_140' title='bbox 773 1764 800 1813; x_wconf 93' lang='lat' dir='ltr'><strong>et</strong></span> <span class='ocrx_word' id='word_1_141' title='bbox 816 1753 959 1814; x_wconf 80' lang='lat' dir='ltr'><strong>ministris</strong></span> 
     </span>
     <span class='ocr_line' id='line_1_18' title="bbox 139 1846 958 1920; baseline -0.009 -14"><span class='ocrx_word' id='word_1_142' title='bbox 139 1847 256 1906; x_wconf 86' lang='lat' dir='ltr'><strong>maisin</strong></span> <span class='ocrx_word' id='word_1_143' title='bbox 273 1851 442 1920; x_wconf 89' lang='lat' dir='ltr'><strong>perpetuam</strong></span> <span class='ocrx_word' id='word_1_144' title='bbox 454 1846 618 1904; x_wconf 87' lang='lat' dir='ltr'><strong>libertatem</strong></span> <span class='ocrx_word' id='word_1_145' title='bbox 635 1847 742 1905; x_wconf 78' lang='lat' dir='ltr'><strong>habore</strong></span> <span class='ocrx_word' id='word_1_146' title='bbox 753 1846 958 1904; x_wconf 77' lang='lat' dir='ltr'><strong>concederem:</strong></span> 
     </span>
     <span class='ocr_line' id='line_1_19' title="bbox 138 1934 961 2009; baseline -0.004 -17"><span class='ocrx_word' id='word_1_147' title='bbox 138 1936 180 1996; x_wconf 89' lang='lat' dir='ltr'><strong>ita</strong></span> <span class='ocrx_word' id='word_1_148' title='bbox 194 1942 227 1994; x_wconf 91' lang='lat' dir='ltr'><strong>ut</strong></span> <span class='ocrx_word' id='word_1_149' title='bbox 241 1934 308 1992; x_wconf 87' lang='lat' dir='ltr'><strong>talis</strong></span> <span class='ocrx_word' id='word_1_150' title='bbox 323 1936 444 1994; x_wconf 91' lang='lat' dir='ltr'><strong>donatio</strong></span> <span class='ocrx_word' id='word_1_151' title='bbox 459 1936 515 1993; x_wconf 85' lang='lat' dir='ltr'><strong>lixa</strong></span> <span class='ocrx_word' id='word_1_152' title='bbox 529 1934 838 2009; x_wconf 80' lang='lat' dir='ltr'><strong>incommutabilisque</strong></span> <span class='ocrx_word' id='word_1_153' title='bbox 848 1950 961 2007; x_wconf 89' lang='lat' dir='ltr'><strong>perma-</strong></span> 
     </span>
     <span class='ocr_line' id='line_1_20' title="bbox 139 2024 961 2099; baseline -0.005 -14"><span class='ocrx_word' id='word_1_154' title='bbox 139 2034 206 2085; x_wconf 89' lang='lat' dir='ltr'><strong>naet</strong></span> <span class='ocrx_word' id='word_1_155' title='bbox 220 2026 256 2083; x_wconf 91' lang='lat' dir='ltr'><strong>ab</strong></span> <span class='ocrx_word' id='word_1_156' title='bbox 267 2025 348 2084; x_wconf 89' lang='lat' dir='ltr'><strong>omni</strong></span> <span class='ocrx_word' id='word_1_157' title='bbox 359 2025 447 2099; x_wconf 83' lang='lat' dir='ltr'><strong>regali</strong></span> <span class='ocrx_word' id='word_1_158' title='bbox 463 2027 581 2085; x_wconf 82' lang='lat' dir='ltr'><strong>servitio</strong></span> <span class='ocrx_word' id='word_1_159' title='bbox 592 2031 621 2083; x_wconf 90' lang='lat' dir='ltr'><strong>et</strong></span> <span class='ocrx_word' id='word_1_160' title='bbox 631 2027 763 2084; x_wconf 90' lang='lat' dir='ltr'><strong>omnium</strong></span> <span class='ocrx_word' id='word_1_161' title='bbox 775 2024 961 2083; x_wconf 82' lang='lat' dir='ltr'><strong>secularium</strong></span> 
     </span>
     <span class='ocr_line' id='line_1_21' title="bbox 139 2113 960 2173; baseline -0.004 -1"><span class='ocrx_word' id='word_1_162' title='bbox 139 2113 273 2173; x_wconf 90' lang='lat' dir='ltr'><strong>absoluta</strong></span> <span class='ocrx_word' id='word_1_163' title='bbox 288 2113 435 2170; x_wconf 83' lang='lat' dir='ltr'><strong>servitute.</strong></span> <span class='ocrx_word' id='word_1_164' title='bbox 453 2114 565 2172; x_wconf 85' lang='lat' dir='ltr'><strong>Placuit</strong></span> <span class='ocrx_word' id='word_1_165' title='bbox 586 2120 684 2173; x_wconf 88' lang='lat' dir='ltr'><strong>autem</strong></span> <span class='ocrx_word' id='word_1_166' title='bbox 705 2113 849 2172; x_wconf 82' lang='lat' dir='ltr'><strong>Albeteno</strong></span> <span class='ocrx_word' id='word_1_167' title='bbox 861 2113 960 2170; x_wconf 89' lang='lat' dir='ltr'><strong>Scire-</strong></span> 
     </span>
     <span class='ocr_line' id='line_1_22' title="bbox 139 2203 959 2279; baseline -0.002 -18"><span class='ocrx_word' id='word_1_168' title='bbox 139 2204 299 2261; x_wconf 88' lang='lat' dir='ltr'><strong>botuensis</strong></span> <span class='ocrx_word' id='word_1_169' title='bbox 314 2203 448 2261; x_wconf 77' lang='lat' dir='ltr'><strong>Ecclesia</strong></span> <span class='ocrx_word' id='word_1_170' title='bbox 463 2205 601 2279; x_wconf 88' lang='lat' dir='ltr'><strong>episcopo</strong></span> <span class='ocrx_word' id='word_1_171' title='bbox 616 2211 646 2261; x_wconf 88' lang='lat' dir='ltr'><strong>et</strong></span> <span class='ocrx_word' id='word_1_172' title='bbox 669 2204 803 2261; x_wconf 78' lang='lat' dir='ltr'><strong>suintino</strong></span> <span class='ocrx_word' id='word_1_173' title='bbox 819 2203 959 2260; x_wconf 89' lang='lat' dir='ltr'><strong>Wintan-</strong></span> 
     </span>
     <span class='ocr_line' id='line_1_23' title="bbox 139 2292 961 2366; baseline -0.005 -15"><span class='ocrx_word' id='word_1_174' title='bbox 139 2292 265 2351; x_wconf 89' lang='lat' dir='ltr'><strong>streosis</strong></span> <span class='ocrx_word' id='word_1_175' title='bbox 278 2292 414 2349; x_wconf 77' lang='lat' dir='ltr'><strong>ccclesia</strong></span> <span class='ocrx_word' id='word_1_176' title='bbox 430 2293 579 2366; x_wconf 87' lang='lat' dir='ltr'><strong>episcopo,</strong></span> <span class='ocrx_word' id='word_1_177' title='bbox 602 2298 635 2351; x_wconf 92' lang='lat' dir='ltr'><strong>ut</strong></span> <span class='ocrx_word' id='word_1_178' title='bbox 657 2292 737 2350; x_wconf 89' lang='lat' dir='ltr'><strong>omui</strong></span> <span class='ocrx_word' id='word_1_179' title='bbox 757 2293 883 2351; x_wconf 88' lang='lat' dir='ltr'><strong>sabbato</strong></span> <span class='ocrx_word' id='word_1_180' title='bbox 899 2295 961 2348; x_wconf 87' lang='lat' dir='ltr'><strong>tota</strong></span> 
     </span>
     <span class='ocr_line' id='line_1_24' title="bbox 139 2379 961 2456; baseline -0.006 -15"><span class='ocrx_word' id='word_1_181' title='bbox 139 2379 327 2456; x_wconf 75' lang='lat' dir='ltr'><strong>congregatio</strong></span> <span class='ocrx_word' id='word_1_182' title='bbox 337 2381 553 2456; x_wconf 81' lang='lat' dir='ltr'><strong>quinquaginta</strong></span> <span class='ocrx_word' id='word_1_183' title='bbox 567 2383 707 2456; x_wconf 87' lang='lat' dir='ltr'><strong>psalmos,</strong></span> <span class='ocrx_word' id='word_1_184' title='bbox 718 2388 748 2438; x_wconf 91' lang='lat' dir='ltr'><strong>et</strong></span> <span class='ocrx_word' id='word_1_185' title='bbox 758 2379 961 2454; x_wconf 91' lang='lat' dir='ltr'><strong>unusquisque</strong></span> 
     </span>
     <span class='ocr_line' id='line_1_25' title="bbox 139 2471 959 2546; baseline -0.006 -17"><span class='ocrx_word' id='word_1_186' title='bbox 139 2472 292 2546; x_wconf 74' lang='lat' dir='ltr'><strong>presbyter</strong></span> <span class='ocrx_word' id='word_1_187' title='bbox 306 2471 379 2528; x_wconf 86' lang='lat' dir='ltr'><strong>dnae</strong></span> <span class='ocrx_word' id='word_1_188' title='bbox 395 2472 588 2529; x_wconf 86' lang='lat' dir='ltr'><strong>missasomni</strong></span> <span class='ocrx_word' id='word_1_189' title='bbox 604 2471 787 2529; x_wconf 87' lang='lat' dir='ltr'><strong>hebdomada</strong></span> <span class='ocrx_word' id='word_1_190' title='bbox 801 2475 898 2527; x_wconf 89' lang='lat' dir='ltr'><strong>cantet</strong></span> <span class='ocrx_word' id='word_1_191' title='bbox 908 2486 959 2542; x_wconf 89' lang='lat' dir='ltr'><strong>pro</strong></span> 
     </span>
     <span class='ocr_line' id='line_1_26' title="bbox 138 2559 958 2633; baseline -0.006 -14"><span class='ocrx_word' id='word_1_192' title='bbox 138 2577 204 2633; x_wconf 81' lang='lat' dir='ltr'><strong>rege</strong></span> <span class='ocrx_word' id='word_1_193' title='bbox 218 2559 370 2618; x_wconf 79' lang='lat' dir='ltr'><strong>Edeluulln</strong></span> <span class='ocrx_word' id='word_1_194' title='bbox 387 2569 413 2618; x_wconf 89' lang='lat' dir='ltr'><strong>et</strong></span> <span class='ocrx_word' id='word_1_195' title='bbox 432 2561 554 2618; x_wconf 90' lang='lat' dir='ltr'><strong>ducibus</strong></span> <span class='ocrx_word' id='word_1_196' title='bbox 570 2562 599 2618; x_wconf 92' lang='lat' dir='ltr'><strong>in</strong></span> <span class='ocrx_word' id='word_1_197' title='bbox 620 2561 674 2619; x_wconf 91' lang='lat' dir='ltr'><strong>hoc</strong></span> <span class='ocrx_word' id='word_1_198' title='bbox 696 2560 958 2628; x_wconf 83' lang='lat' dir='ltr'><strong>consentientibus,</strong></span> 
     </span>
    </p>
   </div>
   <div class='ocr_carea' id='block_1_5' title="bbox 14 2648 960 2722">
    <p class='ocr_par' dir='ltr' id='par_1_6' title="bbox 14 2648 960 2722">
     <span class='ocr_line' id='line_1_27' title="bbox 14 2648 960 2722; baseline -0.005 -14"><span class='ocrx_word' id='word_1_199' title='bbox 14 2678 19 2689; x_wconf 91' lang='lat'>·</span> <span class='ocrx_word' id='word_1_200' title='bbox 140 2655 196 2708; x_wconf 87' lang='lat' dir='ltr'><strong>stc.</strong></span> <span class='ocrx_word' id='word_1_201' title='bbox 211 2650 324 2722; x_wconf 88' lang='lat' dir='ltr'><strong>Scripta</strong></span> <span class='ocrx_word' id='word_1_202' title='bbox 335 2657 378 2706; x_wconf 88' lang='lat' dir='ltr'><strong>est</strong></span> <span class='ocrx_word' id='word_1_203' title='bbox 392 2653 490 2707; x_wconf 88' lang='lat' dir='ltr'><strong>autem</strong></span> <span class='ocrx_word' id='word_1_204' title='bbox 507 2651 569 2707; x_wconf 76' lang='lat' dir='ltr'><strong>haro</strong></span> <span class='ocrx_word' id='word_1_205' title='bbox 587 2650 721 2707; x_wconf 90' lang='lat' dir='ltr'><strong>chartula</strong></span> <span class='ocrx_word' id='word_1_206' title='bbox 736 2667 813 2707; x_wconf 92' lang='lat' dir='ltr'><strong>anno</strong></span> <span class='ocrx_word' id='word_1_207' title='bbox 829 2648 960 2705; x_wconf 85' lang='lat' dir='ltr'><strong>Domini-</strong></span> 
     </span>
    </p>
   </div>
   <div class='ocr_carea' id='block_1_6' title="bbox 137 2738 958 2992">
    <p class='ocr_par' dir='ltr' id='par_1_7' title="bbox 137 2738 958 2992">
     <span class='ocr_line' id='line_1_28' title="bbox 139 2738 958 2808; baseline -0.005 -10"><span class='ocrx_word' id='word_1_208' title='bbox 139 2757 180 2798; x_wconf 87' lang='lat' dir='ltr'><strong>crc</strong></span> <span class='ocrx_word' id='word_1_209' title='bbox 195 2740 410 2798; x_wconf 87' lang='lat' dir='ltr'><strong>lucarnatioois</strong></span> <span class='ocrx_word' id='word_1_210' title='bbox 423 2740 487 2808; x_wconf 87' lang='lat' dir='ltr'><strong>s5l,</strong></span> <span class='ocrx_word' id='word_1_211' title='bbox 508 2739 667 2798; x_wconf 88' lang='lat' dir='ltr'><strong>indictione</strong></span> <span class='ocrx_word' id='word_1_212' title='bbox 688 2758 707 2796; x_wconf 96' lang='grc' dir='ltr'><strong>ιι</strong></span> <span class='ocrx_word' id='word_1_213' title='bbox 722 2740 769 2796; x_wconf 82' lang='lat' dir='ltr'><strong>die</strong></span> <span class='ocrx_word' id='word_1_214' title='bbox 785 2739 909 2805; x_wconf 77' lang='lat' dir='ltr'><strong>Pascha,</strong></span> <span class='ocrx_word' id='word_1_215' title='bbox 929 2738 958 2795; x_wconf 93' lang='lat' dir='ltr'><strong>in</strong></span> 
     </span>
     <span class='ocr_line' id='line_1_29' title="bbox 138 2828 958 2904; baseline -0.002 -19"><span class='ocrx_word' id='word_1_216' title='bbox 138 2828 247 2904; x_wconf 92' lang='lat' dir='ltr'><strong>palatio</strong></span> <span class='ocrx_word' id='word_1_217' title='bbox 262 2834 363 2885; x_wconf 87' lang='lat' dir='ltr'><strong>nostro</strong></span> <span class='ocrx_word' id='word_1_218' title='bbox 385 2830 461 2901; x_wconf 93' lang='lat' dir='ltr'><strong>quod</strong></span> <span class='ocrx_word' id='word_1_219' title='bbox 487 2830 594 2886; x_wconf 91' lang='lat' dir='ltr'><strong>dicitur</strong></span> <span class='ocrx_word' id='word_1_220' title='bbox 609 2830 734 2886; x_wconf 89' lang='lat' dir='ltr'><strong>Wiltun.</strong></span> <span class='ocrx_word' id='word_1_221' title='bbox 748 2831 837 2885; x_wconf 78' lang='lat' dir='ltr'><strong>&#39;l&#39;erra</strong></span> <span class='ocrx_word' id='word_1_222' title='bbox 862 2836 958 2884; x_wconf 92' lang='lat' dir='ltr'><strong>antem</strong></span> 
     </span>
     <span class='ocr_line' id='line_1_30' title="bbox 137 2916 958 2992; baseline -0.004 -17"><span class='ocrx_word' id='word_1_223' title='bbox 137 2920 204 2984; x_wconf 88' lang='lat' dir='ltr'><strong>lata,</strong></span> <span class='ocrx_word' id='word_1_224' title='bbox 218 2933 307 2990; x_wconf 87' lang='lat' dir='ltr'><strong>qnam</strong></span> <span class='ocrx_word' id='word_1_225' title='bbox 322 2917 352 2973; x_wconf 92' lang='lat' dir='ltr'><strong>in</strong></span> <span class='ocrx_word' id='word_1_226' title='bbox 367 2916 500 2975; x_wconf 88' lang='lat' dir='ltr'><strong>libertate</strong></span> <span class='ocrx_word' id='word_1_227' title='bbox 510 2918 659 2992; x_wconf 91' lang='lat' dir='ltr'><strong>ponimus,</strong></span> <span class='ocrx_word' id='word_1_228' title='bbox 675 2919 711 2975; x_wconf 90' lang='lat' dir='ltr'><strong>ad</strong></span> <span class='ocrx_word' id='word_1_229' title='bbox 728 2917 880 2975; x_wconf 88' lang='lat' dir='ltr'><strong>ecelesiam</strong></span> <span class='ocrx_word' id='word_1_230' title='bbox 897 2933 958 2990; x_wconf 90' lang='lat' dir='ltr'><strong>per·</strong></span> 
     </span>
    </p>
   </div>
   <div class='ocr_carea' id='block_1_7' title="bbox 138 2967 1178 3082">
    <p class='ocr_par' dir='ltr' id='par_1_8' title="bbox 138 2967 1178 3082">
     <span class='ocr_line' id='line_1_31' title="bbox 138 2967 1178 3082; baseline -0.009 -17"><span class='ocrx_word' id='word_1_231' title='bbox 138 3007 236 3065; x_wconf 86' lang='lat' dir='ltr'><strong>linens</strong></span> <span class='ocrx_word' id='word_1_232' title='bbox 256 3005 510 3082; x_wconf 79' lang='lat' dir='ltr'><strong>ttetuubesburga,</strong></span> <span class='ocrx_word' id='word_1_233' title='bbox 535 3008 595 3064; x_wconf 83' lang='lat' dir='ltr'><strong>hac</strong></span> <span class='ocrx_word' id='word_1_234' title='bbox 619 3012 684 3065; x_wconf 91' lang='lat' dir='ltr'><strong>est:</strong></span> <span class='ocrx_word' id='word_1_235' title='bbox 715 3008 852 3065; x_wconf 89' lang='lat' dir='ltr'><strong>Piretune</strong></span> <span class='ocrx_word' id='word_1_236' title='bbox 874 3023 957 3075; x_wconf 82' lang='lat' dir='ltr'><strong>xxxv,</strong></span> <span class='ocrx_word' id='word_1_237' title='bbox 974 2996 996 3065; x_wconf 83' lang='lat' dir='ltr'>C</span> <span class='ocrx_word' id='word_1_238' title='bbox 1014 2967 1178 3026; x_wconf 61' lang='lat' dir='ltr'>⁰⁰⁰⁹i⁰i⁰m</span> 
     </span>
    </p>
   </div>
   <div class='ocr_carea' id='block_1_8' title="bbox 137 3098 959 3169">
    <p class='ocr_par' dir='ltr' id='par_1_9' title="bbox 137 3098 959 3169">
     <span class='ocr_line' id='line_1_32' title="bbox 137 3098 959 3169; baseline -0.002 -12"><span class='ocrx_word' id='word_1_239' title='bbox 137 3098 228 3157; x_wconf 81' lang='lat' dir='ltr'><strong>Lacot</strong></span> <span class='ocrx_word' id='word_1_240' title='bbox 241 3114 287 3165; x_wconf 88' lang='lat' dir='ltr'><strong>xv,</strong></span> <span class='ocrx_word' id='word_1_241' title='bbox 303 3098 428 3157; x_wconf 85' lang='lat' dir='ltr'><strong>suttune</strong></span> <span class='ocrx_word' id='word_1_242' title='bbox 446 3116 474 3168; x_wconf 88' lang='lat' dir='ltr'><strong>v,</strong></span> <span class='ocrx_word' id='word_1_243' title='bbox 503 3099 667 3156; x_wconf 77' lang='lat' dir='ltr'><strong>corsaburn</strong></span> <span class='ocrx_word' id='word_1_244' title='bbox 683 3115 710 3168; x_wconf 84' lang='lat' dir='ltr'><strong>v,</strong></span> <span class='ocrx_word' id='word_1_245' title='bbox 740 3099 916 3156; x_wconf 81' lang='lat' dir='ltr'><strong>cridanville</strong></span> <span class='ocrx_word' id='word_1_246' title='bbox 930 3115 959 3169; x_wconf 89' lang='lat' dir='ltr'><strong>x,</strong></span> 
     </span>
    </p>
   </div>
   <div class='ocr_carea' id='block_1_9' title="bbox 1011 811 1839 1697">
    <p class='ocr_par' dir='ltr' id='par_1_10' title="bbox 1011 811 1839 1697">
     <span class='ocr_line' id='line_1_33' title="bbox 1011 811 1839 887; baseline -0.01 -11"><span class='ocrx_word' id='word_1_247' title='bbox 1011 818 1134 876; x_wconf 87' lang='lat' dir='ltr'><strong>sterium</strong></span> <span class='ocrx_word' id='word_1_248' title='bbox 1150 815 1352 873; x_wconf 87' lang='lat' dir='ltr'><strong>Maldobienae</strong></span> <span class='ocrx_word' id='word_1_249' title='bbox 1372 815 1595 887; x_wconf 83' lang='lat' dir='ltr'><strong>inperpetuum</strong></span> <span class='ocrx_word' id='word_1_250' title='bbox 1622 811 1839 884; x_wconf 83' lang='lat' dir='ltr'><strong>possessionen</strong></span> 
     </span>
     <span class='ocr_line' id='line_1_34' title="bbox 1011 901 1837 979; baseline -0.01 -15"><span class='ocrx_word' id='word_1_251' title='bbox 1011 904 1401 979; x_wconf 80' lang='lat' dir='ltr'><strong>largitoseum3hoctenore,</strong></span> <span class='ocrx_word' id='word_1_252' title='bbox 1411 903 1475 959; x_wconf 91' lang='lat' dir='ltr'><strong>utin</strong></span> <span class='ocrx_word' id='word_1_253' title='bbox 1483 901 1837 975; x_wconf 87' lang='lat' dir='ltr'><strong>perpetuumdamnetnr‚</strong></span> 
     </span>
     <span class='ocr_line' id='line_1_35' title="bbox 1012 989 1835 1070; baseline -0.012 -17"><span class='ocrx_word' id='word_1_254' title='bbox 1012 996 1063 1070; x_wconf 92' lang='lat' dir='ltr'><strong>qui</strong></span> <span class='ocrx_word' id='word_1_255' title='bbox 1078 996 1154 1053; x_wconf 92' lang='lat' dir='ltr'><strong>banc</strong></span> <span class='ocrx_word' id='word_1_256' title='bbox 1168 999 1276 1053; x_wconf 90' lang='lat' dir='ltr'><strong>terram</strong></span> <span class='ocrx_word' id='word_1_257' title='bbox 1287 993 1324 1049; x_wconf 89' lang='lat' dir='ltr'><strong>ab</strong></span> <span class='ocrx_word' id='word_1_258' title='bbox 1335 992 1397 1064; x_wconf 88' lang='lat' dir='ltr'><strong>ipsa</strong></span> <span class='ocrx_word' id='word_1_259' title='bbox 1407 991 1530 1049; x_wconf 87' lang='lat' dir='ltr'><strong>ecclesia</strong></span> <span class='ocrx_word' id='word_1_260' title='bbox 1540 990 1671 1047; x_wconf 79' lang='lat' dir='ltr'><strong>auterre</strong></span> <span class='ocrx_word' id='word_1_261' title='bbox 1683 989 1835 1047; x_wconf 89' lang='lat' dir='ltr'><strong>conabitur.</strong></span> 
     </span>
     <span class='ocr_line' id='line_1_36' title="bbox 1012 1079 1835 1144; baseline -0.01 -1"><span class='ocrx_word' id='word_1_262' title='bbox 1012 1087 1047 1144; x_wconf 86' lang='lat' dir='ltr'><strong>ttt</strong></span> <span class='ocrx_word' id='word_1_263' title='bbox 1061 1088 1115 1143; x_wconf 87' lang='lat' dir='ltr'><strong>hoc</strong></span> <span class='ocrx_word' id='word_1_264' title='bbox 1130 1089 1229 1141; x_wconf 87' lang='lat' dir='ltr'><strong>aetum</strong></span> <span class='ocrx_word' id='word_1_265' title='bbox 1245 1087 1288 1142; x_wconf 89' lang='lat' dir='ltr'><strong>est</strong></span> <span class='ocrx_word' id='word_1_266' title='bbox 1301 1098 1378 1139; x_wconf 91' lang='lat' dir='ltr'><strong>anno</strong></span> <span class='ocrx_word' id='word_1_267' title='bbox 1393 1079 1616 1138; x_wconf 86' lang='lat' dir='ltr'><strong>incarnationis</strong></span> <span class='ocrx_word' id='word_1_268' title='bbox 1628 1079 1835 1137; x_wconf 67' lang='lat' dir='ltr'><strong>Dominissb·</strong></span> 
     </span>
     <span class='ocr_line' id='line_1_37' title="bbox 1012 1169 1833 1248; baseline -0.009 -15"><span class='ocrx_word' id='word_1_269' title='bbox 1012 1175 1257 1248; x_wconf 87' lang='lat' dir='ltr'><strong>subscripserunt</strong></span> <span class='ocrx_word' id='word_1_270' title='bbox 1279 1171 1425 1231; x_wconf 84' lang='lat' dir='ltr'><strong>celnodus</strong></span> <span class='ocrx_word' id='word_1_271' title='bbox 1447 1171 1704 1244; x_wconf 87' lang='lat' dir='ltr'><strong>archiepiscopus</strong></span> <span class='ocrx_word' id='word_1_272' title='bbox 1727 1169 1833 1227; x_wconf 86' lang='lat' dir='ltr'><strong>cantos·</strong></span> 
     </span>
     <span class='ocr_line' id='line_1_38' title="bbox 1014 1261 1834 1337; baseline -0.007 -13"><span class='ocrx_word' id='word_1_273' title='bbox 1014 1266 1130 1334; x_wconf 87' lang='lat' dir='ltr'><strong>riensis,</strong></span> <span class='ocrx_word' id='word_1_274' title='bbox 1146 1264 1470 1337; x_wconf 80' lang='lat' dir='ltr'><strong>Alhetanusapiscopus</strong></span> <span class='ocrx_word' id='word_1_275' title='bbox 1479 1262 1747 1328; x_wconf 78' lang='lat' dir='ltr'><strong>scireburnensis,</strong></span> <span class='ocrx_word' id='word_1_276' title='bbox 1760 1261 1834 1319; x_wconf 83' lang='lat' dir='ltr'><strong>litbel·</strong></span> 
     </span>
     <span class='ocr_line' id='line_1_39' title="bbox 1014 1352 1762 1427; baseline -0.008 -13"><span class='ocrx_word' id='word_1_277' title='bbox 1014 1360 1096 1414; x_wconf 84' lang='lat' dir='ltr'><strong>stane</strong></span> <span class='ocrx_word' id='word_1_278' title='bbox 1111 1355 1189 1412; x_wconf 85' lang='lat' dir='ltr'><strong>lilius</strong></span> <span class='ocrx_word' id='word_1_279' title='bbox 1200 1355 1332 1427; x_wconf 89' lang='lat' dir='ltr'><strong>ejusdem</strong></span> <span class='ocrx_word' id='word_1_280' title='bbox 1350 1353 1425 1426; x_wconf 82' lang='lat' dir='ltr'><strong>regis</strong></span> <span class='ocrx_word' id='word_1_281' title='bbox 1443 1369 1492 1409; x_wconf 89' lang='lat' dir='ltr'><strong>rex</strong></span> <span class='ocrx_word' id='word_1_282' title='bbox 1507 1352 1762 1409; x_wconf 81' lang='lat' dir='ltr'><strong>cantuariorum.</strong></span> 
     </span>
     <span class='ocr_line' id='line_1_40' title="bbox 1051 1441 1833 1515; baseline -0.005 -14"><span class='ocrx_word' id='word_1_283' title='bbox 1051 1445 1123 1503; x_wconf 90' lang='lat' dir='ltr'><strong>llnic</strong></span> <span class='ocrx_word' id='word_1_284' title='bbox 1138 1451 1197 1501; x_wconf 89' lang='lat' dir='ltr'><strong>tres</strong></span> <span class='ocrx_word' id='word_1_285' title='bbox 1211 1444 1264 1500; x_wconf 89' lang='lat' dir='ltr'><strong>tilii</strong></span> <span class='ocrx_word' id='word_1_286' title='bbox 1279 1444 1419 1500; x_wconf 91' lang='lat' dir='ltr'><strong>continua</strong></span> <span class='ocrx_word' id='word_1_287' title='bbox 1433 1442 1636 1500; x_wconf 85' lang='lat' dir='ltr'><strong>succedentes</strong></span> <span class='ocrx_word' id='word_1_288' title='bbox 1657 1441 1735 1498; x_wconf 78' lang='lat' dir='ltr'><strong>seris</strong></span> <span class='ocrx_word' id='word_1_289' title='bbox 1750 1457 1833 1515; x_wconf 73' lang='lat' dir='ltr'><strong>regns·</strong></span> 
     </span>
     <span class='ocr_line' id='line_1_41' title="bbox 1014 1531 1833 1603; baseline -0.006 -10"><span class='ocrx_word' id='word_1_290' title='bbox 1014 1543 1118 1593; x_wconf 85' lang='lat' dir='ltr'><strong>verunt</strong></span> <span class='ocrx_word' id='word_1_291' title='bbox 1133 1532 1218 1591; x_wconf 89' lang='lat' dir='ltr'><strong>annia</strong></span> <span class='ocrx_word' id='word_1_292' title='bbox 1233 1549 1278 1589; x_wconf 86' lang='lat' dir='ltr'><strong>xv.</strong></span> <span class='ocrx_word' id='word_1_293' title='bbox 1295 1533 1420 1599; x_wconf 85' lang='lat' dir='ltr'><strong>Quartus</strong></span> <span class='ocrx_word' id='word_1_294' title='bbox 1435 1547 1554 1603; x_wconf 90' lang='lat' dir='ltr'><strong>quoque</strong></span> <span class='ocrx_word' id='word_1_295' title='bbox 1567 1531 1718 1588; x_wconf 83' lang='lat' dir='ltr'><strong>Eliredns</strong></span> <span class='ocrx_word' id='word_1_296' title='bbox 1737 1534 1833 1588; x_wconf 84' lang='lat' dir='ltr'><strong>nomint</strong></span> 
     </span>
     <span class='ocr_line' id='line_1_42' title="bbox 1014 1621 1834 1697; baseline -0.007 -14"><span class='ocrx_word' id='word_1_297' title='bbox 1014 1623 1237 1697; x_wconf 78' lang='lat' dir='ltr'><strong>aunistriginta,</strong></span> <span class='ocrx_word' id='word_1_298' title='bbox 1249 1639 1298 1680; x_wconf 89' lang='lat' dir='ltr'><strong>sex</strong></span> <span class='ocrx_word' id='word_1_299' title='bbox 1309 1622 1407 1678; x_wconf 84' lang='lat' dir='ltr'><strong>miuus</strong></span> <span class='ocrx_word' id='word_1_300' title='bbox 1422 1621 1587 1678; x_wconf 85' lang='lat' dir='ltr'><strong>mensibus.</strong></span> <span class='ocrx_word' id='word_1_301' title='bbox 1606 1621 1710 1693; x_wconf 81' lang='lat' dir='ltr'><strong>liujus</strong></span> <span class='ocrx_word' id='word_1_302' title='bbox 1725 1625 1834 1695; x_wconf 86' lang='lat' dir='ltr'><strong>tempore</strong></span> 
     </span>
    </p>
   </div>
   <div class='ocr_carea' id='block_1_10' title="bbox 974 1692 1834 1786">
    <p class='ocr_par' dir='ltr' id='par_1_11' title="bbox 974 1692 1834 1786">
     <span class='ocr_line' id='line_1_43' title="bbox 974 1692 1834 1786; baseline -0.003 -16"><span class='ocrx_word' id='word_1_303' title='bbox 974 1692 1094 1772; x_wconf 74' lang='lat' dir='ltr'><strong>Brentt</strong></span> <span class='ocrx_word' id='word_1_304' title='bbox 1108 1713 1243 1786; x_wconf 80' lang='lat' dir='ltr'><strong>hugliam</strong></span> <span class='ocrx_word' id='word_1_305' title='bbox 1257 1713 1385 1769; x_wconf 84' lang='lat' dir='ltr'><strong>loannes</strong></span> <span class='ocrx_word' id='word_1_306' title='bbox 1405 1711 1522 1780; x_wconf 85' lang='lat' dir='ltr'><strong>Scotus,</strong></span> <span class='ocrx_word' id='word_1_307' title='bbox 1538 1710 1584 1766; x_wconf 84' lang='lat' dir='ltr'><strong>vir</strong></span> <span class='ocrx_word' id='word_1_308' title='bbox 1607 1710 1792 1784; x_wconf 79' lang='lat' dir='ltr'><strong>perspicacia</strong></span> <span class='ocrx_word' id='word_1_309' title='bbox 1803 1710 1834 1767; x_wconf 82' lang='lat' dir='ltr'><strong>io</strong></span> 
     </span>
    </p>
   </div>
   <div class='ocr_carea' id='block_1_11' title="bbox 1013 1800 1837 2859">
    <p class='ocr_par' dir='ltr' id='par_1_12' title="bbox 1013 1800 1837 2859">
     <span class='ocr_line' id='line_1_44' title="bbox 1013 1800 1833 1879; baseline -0.005 -18"><span class='ocrx_word' id='word_1_310' title='bbox 1013 1803 1092 1879; x_wconf 79' lang='lat' dir='ltr'><strong>genii</strong></span> <span class='ocrx_word' id='word_1_311' title='bbox 1107 1807 1136 1861; x_wconf 92' lang='lat' dir='ltr'><strong>et</strong></span> <span class='ocrx_word' id='word_1_312' title='bbox 1151 1803 1251 1859; x_wconf 80' lang='lat' dir='ltr'><strong>multae</strong></span> <span class='ocrx_word' id='word_1_313' title='bbox 1265 1801 1418 1869; x_wconf 81' lang='lat' dir='ltr'><strong>facundia,</strong></span> <span class='ocrx_word' id='word_1_314' title='bbox 1435 1800 1615 1873; x_wconf 92' lang='lat' dir='ltr'><strong>quidudum</strong></span> <span class='ocrx_word' id='word_1_315' title='bbox 1628 1800 1714 1856; x_wconf 84' lang='lat' dir='ltr'><strong>velut</strong></span> <span class='ocrx_word' id='word_1_316' title='bbox 1727 1817 1746 1855; x_wconf 92' lang='lat' dir='ltr'><strong>a</strong></span> <span class='ocrx_word' id='word_1_317' title='bbox 1758 1802 1833 1872; x_wconf 84' lang='lat' dir='ltr'><strong>petria</strong></span> 
     </span>
     <span class='ocr_line' id='line_1_45' title="bbox 1014 1889 1833 1963; baseline -0.005 -13"><span class='ocrx_word' id='word_1_318' title='bbox 1014 1892 1166 1950; x_wconf 80' lang='lat' dir='ltr'><strong>Francinm</strong></span> <span class='ocrx_word' id='word_1_319' title='bbox 1178 1891 1215 1948; x_wconf 93' lang='lat' dir='ltr'><strong>ad</strong></span> <span class='ocrx_word' id='word_1_320' title='bbox 1224 1890 1360 1948; x_wconf 89' lang='lat' dir='ltr'><strong>carolum</strong></span> <span class='ocrx_word' id='word_1_321' title='bbox 1371 1889 1490 1948; x_wconf 83' lang='lat' dir='ltr'><strong>Calvum</strong></span> <span class='ocrx_word' id='word_1_322' title='bbox 1498 1889 1678 1948; x_wconf 79' lang='lat' dir='ltr'><strong>transierat.</strong></span> <span class='ocrx_word' id='word_1_323' title='bbox 1688 1892 1776 1963; x_wconf 79' lang='lat' dir='ltr'><strong>Aqua</strong></span> <span class='ocrx_word' id='word_1_324' title='bbox 1784 1906 1833 1947; x_wconf 90' lang='lat' dir='ltr'><strong>ros·</strong></span> 
     </span>
     <span class='ocr_line' id='line_1_46' title="bbox 1015 1978 1834 2057; baseline -0.001 -19"><span class='ocrx_word' id='word_1_325' title='bbox 1015 1978 1834 2057; x_wconf 77' lang='lat' dir='ltr'><strong>qnadignationesosceptue,familiarumpartiumhahe·</strong></span> 
     </span>
     <span class='ocr_line' id='line_1_47' title="bbox 1015 2070 1832 2144; baseline -0.004 -14"><span class='ocrx_word' id='word_1_326' title='bbox 1015 2073 1112 2141; x_wconf 86' lang='lat' dir='ltr'><strong>hatur,</strong></span> <span class='ocrx_word' id='word_1_327' title='bbox 1124 2071 1360 2143; x_wconf 77' lang='lat' dir='ltr'><strong>transigebatque</strong></span> <span class='ocrx_word' id='word_1_328' title='bbox 1370 2086 1436 2127; x_wconf 87' lang='lat' dir='ltr'><strong>cum</strong></span> <span class='ocrx_word' id='word_1_329' title='bbox 1448 2087 1481 2127; x_wconf 91' lang='lat' dir='ltr'><strong>eo</strong></span> <span class='ocrx_word' id='word_1_330' title='bbox 1495 2073 1556 2127; x_wconf 67' lang='lat' dir='ltr'><strong>mm</strong></span> <span class='ocrx_word' id='word_1_331' title='bbox 1568 2070 1653 2128; x_wconf 87' lang='lat' dir='ltr'><strong>seria</strong></span> <span class='ocrx_word' id='word_1_332' title='bbox 1664 2087 1760 2144; x_wconf 89' lang='lat' dir='ltr'><strong>qnam</strong></span> <span class='ocrx_word' id='word_1_333' title='bbox 1769 2073 1832 2143; x_wconf 68' lang='lat' dir='ltr'><strong>joca</strong></span> 
     </span>
     <span class='ocr_line' id='line_1_48' title="bbox 1015 2159 1833 2233; baseline -0.007 -13"><span class='ocrx_word' id='word_1_334' title='bbox 1015 2163 1243 2233; x_wconf 85' lang='lat' dir='ltr'><strong>individuusque</strong></span> <span class='ocrx_word' id='word_1_335' title='bbox 1266 2175 1365 2218; x_wconf 90' lang='lat' dir='ltr'><strong>comes</strong></span> <span class='ocrx_word' id='word_1_336' title='bbox 1381 2165 1532 2217; x_wconf 80' lang='lat' dir='ltr'><strong>otmense</strong></span> <span class='ocrx_word' id='word_1_337' title='bbox 1559 2167 1591 2216; x_wconf 91' lang='lat' dir='ltr'><strong>et</strong></span> <span class='ocrx_word' id='word_1_338' title='bbox 1616 2159 1752 2218; x_wconf 87' lang='lat' dir='ltr'><strong>cubiculi</strong></span> <span class='ocrx_word' id='word_1_339' title='bbox 1766 2167 1833 2218; x_wconf 88' lang='lat' dir='ltr'><strong>crat:</strong></span> 
     </span>
     <span class='ocr_line' id='line_1_49' title="bbox 1016 2248 1835 2322; baseline -0.007 -13"><span class='ocrx_word' id='word_1_340' title='bbox 1016 2251 1114 2310; x_wconf 80' lang='lat' dir='ltr'><strong>molta</strong></span> <span class='ocrx_word' id='word_1_341' title='bbox 1126 2251 1233 2307; x_wconf 86' lang='lat' dir='ltr'><strong>lacetiee</strong></span> <span class='ocrx_word' id='word_1_342' title='bbox 1245 2248 1540 2322; x_wconf 73' lang='lat' dir='ltr'><strong>ingenuiqoelaporis</strong></span> <span class='ocrx_word' id='word_1_343' title='bbox 1551 2266 1558 2316; x_wconf 88' lang='grc'>;</span> <span class='ocrx_word' id='word_1_344' title='bbox 1571 2265 1709 2322; x_wconf 88' lang='lat' dir='ltr'><strong>quorum</strong></span> <span class='ocrx_word' id='word_1_345' title='bbox 1718 2249 1835 2322; x_wconf 86' lang='lat' dir='ltr'><strong>exempta</strong></span> 
     </span>
     <span class='ocr_line' id='line_1_50' title="bbox 1015 2338 1836 2414; baseline -0.001 -16"><span class='ocrx_word' id='word_1_346' title='bbox 1015 2341 1159 2414; x_wconf 89' lang='lat' dir='ltr'><strong>hodieque</strong></span> <span class='ocrx_word' id='word_1_347' title='bbox 1174 2345 1320 2405; x_wconf 89' lang='lat' dir='ltr'><strong>constant,</strong></span> <span class='ocrx_word' id='word_1_348' title='bbox 1330 2338 1523 2395; x_wconf 89' lang='lat' dir='ltr'><strong>utsuntista:</strong></span> <span class='ocrx_word' id='word_1_349' title='bbox 1540 2340 1713 2397; x_wconf 78' lang='lat' dir='ltr'><strong>Assedsrat</strong></span> <span class='ocrx_word' id='word_1_350' title='bbox 1727 2341 1836 2397; x_wconf 69' lang='lat' dir='ltr'><strong>admm</strong></span> 
     </span>
     <span class='ocr_line' id='line_1_51' title="bbox 1015 2428 1835 2503; baseline -0.005 -13"><span class='ocrx_word' id='word_1_351' title='bbox 1015 2448 1077 2490; x_wconf 88' lang='lat' dir='ltr'><strong>eam</strong></span> <span class='ocrx_word' id='word_1_352' title='bbox 1097 2437 1198 2488; x_wconf 90' lang='lat' dir='ltr'><strong>contra</strong></span> <span class='ocrx_word' id='word_1_353' title='bbox 1212 2445 1309 2502; x_wconf 77' lang='lat' dir='ltr'><strong>regem</strong></span> <span class='ocrx_word' id='word_1_354' title='bbox 1325 2428 1360 2485; x_wconf 92' lang='lat' dir='ltr'><strong>ad</strong></span> <span class='ocrx_word' id='word_1_355' title='bbox 1375 2428 1463 2485; x_wconf 88' lang='lat' dir='ltr'><strong>aliam</strong></span> <span class='ocrx_word' id='word_1_356' title='bbox 1474 2428 1582 2484; x_wconf 80' lang='lat' dir='ltr'><strong>tabulas</strong></span> <span class='ocrx_word' id='word_1_357' title='bbox 1600 2434 1735 2503; x_wconf 88' lang='lat' dir='ltr'><strong>partem.</strong></span> <span class='ocrx_word' id='word_1_358' title='bbox 1751 2429 1835 2486; x_wconf 73' lang='lat' dir='ltr'><strong>Prore-</strong></span> 
     </span>
     <span class='ocr_line' id='line_1_52' title="bbox 1014 2517 1836 2590; baseline -0.007 -13"><span class='ocrx_word' id='word_1_359' title='bbox 1014 2520 1152 2577; x_wconf 88' lang='lat' dir='ltr'><strong>deutibue</strong></span> <span class='ocrx_word' id='word_1_360' title='bbox 1178 2518 1289 2590; x_wconf 89' lang='lat' dir='ltr'><strong>poculis</strong></span> <span class='ocrx_word' id='word_1_361' title='bbox 1308 2517 1552 2590; x_wconf 86' lang='lat' dir='ltr'><strong>consumptisque</strong></span> <span class='ocrx_word' id='word_1_362' title='bbox 1573 2518 1717 2587; x_wconf 80' lang='lat' dir='ltr'><strong>ferculis,</strong></span> <span class='ocrx_word' id='word_1_363' title='bbox 1733 2517 1836 2576; x_wconf 84' lang='lat' dir='ltr'><strong>carolm</strong></span> 
     </span>
     <span class='ocr_line' id='line_1_53' title="bbox 1015 2606 1837 2680; baseline -0.007 -11"><span class='ocrx_word' id='word_1_364' title='bbox 1015 2608 1253 2669; x_wconf 89' lang='lat' dir='ltr'><strong>lrontehilaricre</strong></span> <span class='ocrx_word' id='word_1_365' title='bbox 1263 2607 1471 2680; x_wconf 82' lang='lat' dir='ltr'><strong>postquaedam</strong></span> <span class='ocrx_word' id='word_1_366' title='bbox 1480 2606 1620 2665; x_wconf 87' lang='lat' dir='ltr'><strong>allecum</strong></span> <span class='ocrx_word' id='word_1_367' title='bbox 1632 2607 1760 2666; x_wconf 81' lang='lat' dir='ltr'><strong>vidisset</strong></span> <span class='ocrx_word' id='word_1_368' title='bbox 1768 2607 1837 2665; x_wconf 85' lang='lat' dir='ltr'><strong>Jcau·</strong></span> 
     </span>
     <span class='ocr_line' id='line_1_54' title="bbox 1017 2695 1834 2772; baseline -0.007 -15"><span class='ocrx_word' id='word_1_369' title='bbox 1017 2715 1085 2757; x_wconf 91' lang='lat' dir='ltr'><strong>nem</strong></span> <span class='ocrx_word' id='word_1_370' title='bbox 1100 2697 1240 2772; x_wconf 91' lang='lat' dir='ltr'><strong>quiddam</strong></span> <span class='ocrx_word' id='word_1_371' title='bbox 1257 2695 1362 2753; x_wconf 86' lang='lat' dir='ltr'><strong>iecisse</strong></span> <span class='ocrx_word' id='word_1_372' title='bbox 1377 2697 1454 2769; x_wconf 92' lang='lat' dir='ltr'><strong>quod</strong></span> <span class='ocrx_word' id='word_1_373' title='bbox 1471 2695 1660 2754; x_wconf 87' lang='lat' dir='ltr'><strong>Gallicanam</strong></span> <span class='ocrx_word' id='word_1_374' title='bbox 1676 2699 1834 2755; x_wconf 80' lang='lat' dir='ltr'><strong>comitatae</strong></span> 
     </span>
     <span class='ocr_line' id='line_1_55' title="bbox 1014 2785 1835 2859; baseline -0.01 -12"><span class='ocrx_word' id='word_1_375' title='bbox 1014 2790 1184 2859; x_wconf 88' lang='lat' dir='ltr'><strong>oileoderet,</strong></span> <span class='ocrx_word' id='word_1_376' title='bbox 1199 2788 1311 2844; x_wconf 90' lang='lat' dir='ltr'><strong>urbane</strong></span> <span class='ocrx_word' id='word_1_377' title='bbox 1326 2787 1472 2859; x_wconf 91' lang='lat' dir='ltr'><strong>increpuit</strong></span> <span class='ocrx_word' id='word_1_378' title='bbox 1481 2790 1511 2844; x_wconf 90' lang='lat' dir='ltr'><strong>et</strong></span> <span class='ocrx_word' id='word_1_379' title='bbox 1524 2785 1603 2844; x_wconf 85' lang='lat' dir='ltr'><strong>dixit</strong></span> <span class='ocrx_word' id='word_1_380' title='bbox 1618 2804 1654 2844; x_wconf 77' lang='lat' dir='ltr'><strong>:a</strong></span> <span class='ocrx_word' id='word_1_381' title='bbox 1671 2787 1752 2854; x_wconf 85' lang='lat' dir='ltr'><strong>onio</strong></span> <span class='ocrx_word' id='word_1_382' title='bbox 1762 2788 1835 2844; x_wconf 81' lang='lat' dir='ltr'><strong>distat</strong></span> 
     </span>
    </p>
   </div>
   <div class='ocr_carea' id='block_1_12' title="bbox 1012 2873 1834 2935">
    <p class='ocr_par' dir='ltr' id='par_1_13' title="bbox 1012 2873 1834 2935">
     <span class='ocr_line' id='line_1_56' title="bbox 1012 2873 1834 2935; baseline -0.006 -1"><span class='ocrx_word' id='word_1_383' title='bbox 1012 2877 1089 2935; x_wconf 91' lang='lat' dir='ltr'><strong>inter</strong></span> <span class='ocrx_word' id='word_1_384' title='bbox 1113 2876 1230 2933; x_wconf 80' lang='lat' dir='ltr'><strong>Sotium</strong></span> <span class='ocrx_word' id='word_1_385' title='bbox 1254 2882 1281 2931; x_wconf 92' lang='lat' dir='ltr'><strong>et</strong></span> <span class='ocrx_word' id='word_1_386' title='bbox 1296 2875 1429 2932; x_wconf 88' lang='lat' dir='ltr'><strong>scottum</strong></span> <span class='ocrx_word' id='word_1_387' title='bbox 1444 2874 1459 2930; x_wconf 76' lang='lat' dir='ltr'><strong>i</strong></span> <span class='ocrx_word' id='word_1_388' title='bbox 1476 2896 1491 2925; x_wconf 79' lang='grc' dir='ltr'>ι</span> <span class='ocrx_word' id='word_1_389' title='bbox 1508 2873 1620 2931; x_wconf 83' lang='lat' dir='ltr'><strong>Retulit</strong></span> <span class='ocrx_word' id='word_1_390' title='bbox 1636 2874 1693 2932; x_wconf 88' lang='lat' dir='ltr'><strong>ille</strong></span> <span class='ocrx_word' id='word_1_391' title='bbox 1718 2873 1834 2932; x_wconf 79' lang='lat' dir='ltr'><strong>solemne</strong></span> 
     </span>
    </p>
   </div>
   <div class='ocr_carea' id='block_1_13' title="bbox 1014 2962 1835 3126">
    <p class='ocr_par' dir='ltr' id='par_1_14' title="bbox 1014 2962 1835 3126">
     <span class='ocr_line' id='line_1_57' title="bbox 1208 2962 1835 3037; baseline -0.005 -17"><span class='ocrx_word' id='word_1_392' title='bbox 1208 2964 1237 3021; x_wconf 89' lang='lat' dir='ltr'><strong>in</strong></span> <span class='ocrx_word' id='word_1_393' title='bbox 1253 2971 1406 3034; x_wconf 88' lang='lat' dir='ltr'><strong>auctorem,</strong></span> <span class='ocrx_word' id='word_1_394' title='bbox 1426 2967 1455 3021; x_wconf 92' lang='lat' dir='ltr'><strong>et</strong></span> <span class='ocrx_word' id='word_1_395' title='bbox 1473 2963 1657 3037; x_wconf 86' lang='lat' dir='ltr'><strong>respondit:</strong></span> <span class='ocrx_word' id='word_1_396' title='bbox 1692 2984 1710 3016; x_wconf 79' lang='lat' dir='ltr'><strong>a</strong></span> <span class='ocrx_word' id='word_1_397' title='bbox 1740 2962 1835 3021; x_wconf 82' lang='lat' dir='ltr'><strong>Tabula</strong></span> 
     </span>
     <span class='ocr_line' id='line_1_58' title="bbox 1014 3051 1835 3126; baseline -0.013 -10"><span class='ocrx_word' id='word_1_398' title='bbox 1014 3066 1139 3116; x_wconf 88' lang='lat' dir='ltr'><strong>tantum.</strong></span> <span class='ocrx_word' id='word_1_399' title='bbox 1157 3078 1172 3106; x_wconf 83' lang='lat' dir='ltr'><strong>u</strong></span> <span class='ocrx_word' id='word_1_400' title='bbox 1188 3056 1416 3126; x_wconf 77' lang='lat' dir='ltr'><strong>Interrogaverat</strong></span> <span class='ocrx_word' id='word_1_401' title='bbox 1430 3069 1480 3110; x_wconf 91' lang='lat' dir='ltr'><strong>rex</strong></span> <span class='ocrx_word' id='word_1_402' title='bbox 1499 3052 1536 3111; x_wconf 91' lang='lat' dir='ltr'><strong>de</strong></span> <span class='ocrx_word' id='word_1_403' title='bbox 1554 3069 1683 3111; x_wconf 88' lang='lat' dir='ltr'><strong>merom</strong></span> <span class='ocrx_word' id='word_1_404' title='bbox 1705 3051 1835 3111; x_wconf 75' lang='lat' dir='ltr'><strong>dicerami</strong></span> 
     </span>
    </p>
   </div>
   <div class='ocr_carea' id='block_1_14' title="bbox 15 3139 1846 5639">
    <p class='ocr_par' dir='ltr' id='par_1_15' title="bbox 138 3139 1838 3668">
     <span class='ocr_line' id='line_1_59' title="bbox 1014 3139 1834 3215; baseline -0.016 -10"><span class='ocrx_word' id='word_1_405' title='bbox 1014 3147 1112 3205; x_wconf 89' lang='lat' dir='ltr'><strong>studio</strong></span> <span class='ocrx_word' id='word_1_406' title='bbox 1122 3163 1129 3203; x_wconf 92' lang='lat'>:</span> <span class='ocrx_word' id='word_1_407' title='bbox 1141 3145 1330 3215; x_wconf 88' lang='lat' dir='ltr'><strong>responderat</strong></span> <span class='ocrx_word' id='word_1_408' title='bbox 1339 3142 1468 3199; x_wconf 79' lang='lat' dir='ltr'><strong>ioannes</strong></span> <span class='ocrx_word' id='word_1_409' title='bbox 1479 3140 1514 3198; x_wconf 93' lang='lat' dir='ltr'><strong>de</strong></span> <span class='ocrx_word' id='word_1_410' title='bbox 1525 3141 1583 3199; x_wconf 89' lang='lat' dir='ltr'><strong>loci</strong></span> <span class='ocrx_word' id='word_1_411' title='bbox 1594 3142 1734 3199; x_wconf 86' lang='lat' dir='ltr'><strong>distante</strong></span> <span class='ocrx_word' id='word_1_412' title='bbox 1743 3139 1834 3215; x_wconf 83' lang='lat' dir='ltr'><strong>spatio.</strong></span> 
     </span>
     <span class='ocr_line' id='line_1_60' title="bbox 1015 3229 1835 3305; baseline -0.015 -11"><span class='ocrx_word' id='word_1_413' title='bbox 1015 3236 1074 3294; x_wconf 87' lang='lat' dir='ltr'><strong>Nec</strong></span> <span class='ocrx_word' id='word_1_414' title='bbox 1085 3251 1152 3294; x_wconf 84' lang='lat' dir='ltr'><strong>vero</strong></span> <span class='ocrx_word' id='word_1_415' title='bbox 1163 3251 1210 3291; x_wconf 87' lang='lat' dir='ltr'><strong>rex</strong></span> <span class='ocrx_word' id='word_1_416' title='bbox 1222 3236 1434 3291; x_wconf 88' lang='lat' dir='ltr'><strong>commotuseet</strong></span> <span class='ocrx_word' id='word_1_417' title='bbox 1446 3256 1454 3302; x_wconf 80' lang='lat' dir='ltr'><strong>t</strong></span> <span class='ocrx_word' id='word_1_418' title='bbox 1468 3232 1545 3305; x_wconf 91' lang='lat' dir='ltr'><strong>qued</strong></span> <span class='ocrx_word' id='word_1_419' title='bbox 1556 3232 1712 3289; x_wconf 89' lang='lat' dir='ltr'><strong>miraculo</strong></span> <span class='ocrx_word' id='word_1_420' title='bbox 1722 3229 1835 3290; x_wconf 80' lang='lat' dir='ltr'><strong>scicntia</strong></span> 
     </span>
     <span class='ocr_line' id='line_1_61' title="bbox 1014 3321 1837 3400; baseline -0.012 -17"><span class='ocrx_word' id='word_1_421' title='bbox 1014 3326 1109 3400; x_wconf 85' lang='lat' dir='ltr'><strong>ipsius</strong></span> <span class='ocrx_word' id='word_1_422' title='bbox 1123 3329 1226 3396; x_wconf 86' lang='lat' dir='ltr'><strong>captus</strong></span> <span class='ocrx_word' id='word_1_423' title='bbox 1241 3324 1381 3380; x_wconf 87' lang='lat' dir='ltr'><strong>adsersus</strong></span> <span class='ocrx_word' id='word_1_424' title='bbox 1397 3322 1572 3395; x_wconf 81' lang='lat' dir='ltr'><strong>magistrum</strong></span> <span class='ocrx_word' id='word_1_425' title='bbox 1588 3337 1646 3379; x_wconf 86' lang='lat' dir='ltr'><strong>nso</strong></span> <span class='ocrx_word' id='word_1_426' title='bbox 1662 3322 1747 3379; x_wconf 89' lang='lat' dir='ltr'><strong>dicto</strong></span> <span class='ocrx_word' id='word_1_427' title='bbox 1757 3321 1837 3377; x_wconf 82' lang='lat' dir='ltr'><strong>insur</strong></span> 
     </span>
     <span class='ocr_line' id='line_1_62' title="bbox 1015 3412 1836 3490; baseline -0.009 -18"><span class='ocrx_word' id='word_1_428' title='bbox 1015 3431 1083 3490; x_wconf 81' lang='lat' dir='ltr'><strong>gere</strong></span> <span class='ocrx_word' id='word_1_429' title='bbox 1092 3413 1244 3484; x_wconf 84' lang='lat' dir='ltr'><strong>vellet3sic</strong></span> <span class='ocrx_word' id='word_1_430' title='bbox 1253 3412 1405 3470; x_wconf 82' lang='lat' dir='ltr'><strong>enimcum</strong></span> <span class='ocrx_word' id='word_1_431' title='bbox 1416 3412 1676 3470; x_wconf 84' lang='lat' dir='ltr'><strong>usitatavooahat.</strong></span> <span class='ocrx_word' id='word_1_432' title='bbox 1689 3412 1772 3479; x_wconf 81' lang='lat' dir='ltr'><strong>liam,</strong></span> <span class='ocrx_word' id='word_1_433' title='bbox 1782 3423 1836 3467; x_wconf 88' lang='lat' dir='ltr'><strong>coto</strong></span> 
     </span>
     <span class='ocr_line' id='line_1_63' title="bbox 173 3498 1836 3575; baseline -0.001 -21"><span class='ocrx_word' id='word_1_434' title='bbox 173 3500 257 3555; x_wconf 78' lang='lat' dir='ltr'><strong>Auno</strong></span> <span class='ocrx_word' id='word_1_435' title='bbox 272 3500 366 3569; x_wconf 91' lang='lat' dir='ltr'><strong>primo</strong></span> <span class='ocrx_word' id='word_1_436' title='bbox 378 3498 460 3572; x_wconf 82' lang='lat' dir='ltr'><strong>regni</strong></span> <span class='ocrx_word' id='word_1_437' title='bbox 476 3499 533 3570; x_wconf 90' lang='lat' dir='ltr'><strong>sui,</strong></span> <span class='ocrx_word' id='word_1_438' title='bbox 544 3500 855 3571; x_wconf 81' lang='lat' dir='ltr'><strong>lncarnatiooissll,a</strong></span> <span class='ocrx_word' id='word_1_439' title='bbox 869 3506 962 3561; x_wconf 89' lang='lat' dir='ltr'><strong>trans·</strong></span> <span class='ocrx_word' id='word_1_440' title='bbox 1015 3504 1077 3575; x_wconf 74' lang='lat' dir='ltr'><strong>reqi</strong></span> <span class='ocrx_word' id='word_1_441' title='bbox 1092 3503 1257 3560; x_wconf 77' lang='lat' dir='ltr'><strong>convivanti</strong></span> <span class='ocrx_word' id='word_1_442' title='bbox 1285 3501 1421 3557; x_wconf 89' lang='lat' dir='ltr'><strong>minister</strong></span> <span class='ocrx_word' id='word_1_443' title='bbox 1435 3499 1567 3573; x_wconf 89' lang='lat' dir='ltr'><strong>patinam</strong></span> <span class='ocrx_word' id='word_1_444' title='bbox 1593 3499 1836 3571; x_wconf 68' lang='lat' dir='ltr'><strong>obtulissetque</strong></span> 
     </span>
     <span class='ocr_line' id='line_1_64' title="bbox 138 3587 1838 3668; baseline -0.002 -23"><span class='ocrx_word' id='word_1_445' title='bbox 138 3587 482 3659; x_wconf 74' lang='lat' dir='ltr'><strong>itoheatirlldelmi135,</strong></span> <span class='ocrx_word' id='word_1_446' title='bbox 496 3591 546 3647; x_wconf 93' lang='lat' dir='ltr'><strong>ubi</strong></span> <span class='ocrx_word' id='word_1_447' title='bbox 563 3590 718 3648; x_wconf 85' lang='lat' dir='ltr'><strong>baeterrae</strong></span> <span class='ocrx_word' id='word_1_448' title='bbox 729 3592 767 3648; x_wconf 91' lang='lat' dir='ltr'><strong>ad</strong></span> <span class='ocrx_word' id='word_1_449' title='bbox 780 3591 961 3651; x_wconf 82' lang='lat' dir='ltr'><strong>ldaldumcs·</strong></span> <span class='ocrx_word' id='word_1_450' title='bbox 1015 3597 1091 3654; x_wconf 88' lang='lat' dir='ltr'><strong>duos</strong></span> <span class='ocrx_word' id='word_1_451' title='bbox 1097 3595 1192 3668; x_wconf 90' lang='lat' dir='ltr'><strong>pisces</strong></span> <span class='ocrx_word' id='word_1_452' title='bbox 1200 3592 1389 3666; x_wconf 77' lang='lat' dir='ltr'><strong>pregrandes</strong></span> <span class='ocrx_word' id='word_1_453' title='bbox 1399 3591 1515 3662; x_wconf 90' lang='lat' dir='ltr'><strong>adjecto</strong></span> <span class='ocrx_word' id='word_1_454' title='bbox 1526 3606 1587 3646; x_wconf 91' lang='lat' dir='ltr'><strong>ono</strong></span> <span class='ocrx_word' id='word_1_455' title='bbox 1598 3589 1776 3648; x_wconf 87' lang='lat' dir='ltr'><strong>minusculo</strong></span> <span class='ocrx_word' id='word_1_456' title='bbox 1784 3604 1838 3645; x_wconf 78' lang='lat' dir='ltr'><strong>coe</strong></span> 
     </span>
    </p>

    <p class='ocr_par' dir='ltr' id='par_1_16' title="bbox 141 3676 1836 3754">
     <span class='ocr_line' id='line_1_65' title="bbox 141 3676 1836 3754; baseline -0.001 -20"><span class='ocrx_word' id='word_1_457' title='bbox 141 3677 233 3749; x_wconf 78' lang='lat' dir='ltr'><strong>burga</strong></span> <span class='ocrx_word' id='word_1_458' title='bbox 254 3676 432 3749; x_wconf 87' lang='lat' dir='ltr'><strong>pertinentes</strong></span> <span class='ocrx_word' id='word_1_459' title='bbox 447 3679 659 3749; x_wconf 85' lang='lat' dir='ltr'><strong>nominaverat,</strong></span> <span class='ocrx_word' id='word_1_460' title='bbox 676 3679 838 3738; x_wconf 80' lang='lat' dir='ltr'><strong>llllendone</strong></span> <span class='ocrx_word' id='word_1_461' title='bbox 853 3699 908 3739; x_wconf 88' lang='lat' dir='ltr'><strong>xxx</strong></span> <span class='ocrx_word' id='word_1_462' title='bbox 919 3683 962 3739; x_wconf 93' lang='lat' dir='ltr'><strong>hi·</strong></span> <span class='ocrx_word' id='word_1_463' title='bbox 1015 3687 1120 3743; x_wconf 87' lang='lat' dir='ltr'><strong>tineret</strong></span> <span class='ocrx_word' id='word_1_464' title='bbox 1132 3704 1139 3746; x_wconf 88' lang='lat'>;</span> <span class='ocrx_word' id='word_1_465' title='bbox 1153 3682 1293 3740; x_wconf 87' lang='lat' dir='ltr'><strong>dedititia</strong></span> <span class='ocrx_word' id='word_1_466' title='bbox 1306 3681 1459 3754; x_wconf 80' lang='lat' dir='ltr'><strong>magistro,</strong></span> <span class='ocrx_word' id='word_1_467' title='bbox 1473 3679 1836 3739; x_wconf 88' lang='lat' dir='ltr'><strong>utaccumbentibusdac·</strong></span> 
     </span>
    </p>

    <p class='ocr_par' dir='ltr' id='par_1_17' title="bbox 15 3766 1837 3937">
     <span class='ocr_line' id='line_1_66' title="bbox 15 3766 1837 3857; baseline 0 -33"><span class='ocrx_word' id='word_1_468' title='bbox 15 3850 28 3857; x_wconf 47' lang='lat'><em>-</em></span> <span class='ocrx_word' id='word_1_469' title='bbox 143 3767 207 3834; x_wconf 90' lang='lat' dir='ltr'><strong>das,</strong></span> <span class='ocrx_word' id='word_1_470' title='bbox 223 3766 444 3824; x_wconf 80' lang='lat' dir='ltr'><strong>clmbametede</strong></span> <span class='ocrx_word' id='word_1_471' title='bbox 466 3784 511 3837; x_wconf 87' lang='lat' dir='ltr'><strong>xv,</strong></span> <span class='ocrx_word' id='word_1_472' title='bbox 523 3769 683 3828; x_wconf 88' lang='lat' dir='ltr'><strong>Undecune</strong></span> <span class='ocrx_word' id='word_1_473' title='bbox 705 3788 734 3840; x_wconf 93' lang='lat' dir='ltr'><strong>x,</strong></span> <span class='ocrx_word' id='word_1_474' title='bbox 749 3771 899 3829; x_wconf 85' lang='lat' dir='ltr'><strong>cerlatune</strong></span> <span class='ocrx_word' id='word_1_475' title='bbox 913 3790 960 3841; x_wconf 87' lang='lat' dir='ltr'><strong>xx,</strong></span> <span class='ocrx_word' id='word_1_476' title='bbox 1016 3770 1696 3845; x_wconf 77' lang='lat' dir='ltr'><strong>husjuxtaseclerieisdepartiretur.Erantllli</strong></span> <span class='ocrx_word' id='word_1_477' title='bbox 1708 3772 1837 3844; x_wconf 79' lang='lat' dir='ltr'><strong>gigantea</strong></span> 
     </span>
     <span class='ocr_line' id='line_1_67' title="bbox 142 3857 1837 3937; baseline -0.002 -21"><span class='ocrx_word' id='word_1_478' title='bbox 142 3858 325 3916; x_wconf 82' lang='lat' dir='ltr'><strong>&#39;l&#39;cccanhatu</strong></span> <span class='ocrx_word' id='word_1_479' title='bbox 347 3876 376 3926; x_wconf 83' lang='lat' dir='ltr'><strong>v,</strong></span> <span class='ocrx_word' id='word_1_480' title='bbox 393 3857 477 3916; x_wconf 87' lang='lat' dir='ltr'><strong>ldinti</strong></span> <span class='ocrx_word' id='word_1_481' title='bbox 494 3876 521 3928; x_wconf 87' lang='lat' dir='ltr'><strong>tr,</strong></span> <span class='ocrx_word' id='word_1_482' title='bbox 538 3860 732 3918; x_wconf 88' lang='lat' dir='ltr'><strong>Reodbirnam</strong></span> <span class='ocrx_word' id='word_1_483' title='bbox 747 3881 776 3921; x_wconf 88' lang='lat' dir='ltr'><strong>x.</strong></span> <span class='ocrx_word' id='word_1_484' title='bbox 791 3864 963 3937; x_wconf 82' lang='lat' dir='ltr'><strong>altegnante</strong></span> <span class='ocrx_word' id='word_1_485' title='bbox 1016 3865 1114 3930; x_wconf 88' lang='lat' dir='ltr'><strong>molis,</strong></span> <span class='ocrx_word' id='word_1_486' title='bbox 1131 3863 1192 3936; x_wconf 88' lang='lat' dir='ltr'><strong>ipse</strong></span> <span class='ocrx_word' id='word_1_487' title='bbox 1208 3861 1334 3934; x_wconf 82' lang='lat' dir='ltr'><strong>pereatis</strong></span> <span class='ocrx_word' id='word_1_488' title='bbox 1349 3860 1492 3933; x_wconf 88' lang='lat' dir='ltr'><strong>corporis.</strong></span> <span class='ocrx_word' id='word_1_489' title='bbox 1506 3862 1581 3914; x_wconf 82' lang='lat' dir='ltr'><strong>‘lum</strong></span> <span class='ocrx_word' id='word_1_490' title='bbox 1599 3859 1653 3932; x_wconf 91' lang='lat' dir='ltr'><strong>qui</strong></span> <span class='ocrx_word' id='word_1_491' title='bbox 1670 3858 1837 3934; x_wconf 82' lang='lat' dir='ltr'><strong>semperali·</strong></span> 
     </span>
    </p>

    <p class='ocr_par' dir='ltr' id='par_1_18' title="bbox 144 3948 1840 4292">
     <span class='ocr_line' id='line_1_68' title="bbox 144 3948 1837 4030; baseline -0.001 -26"><span class='ocrx_word' id='word_1_492' title='bbox 144 3948 175 4004; x_wconf 90' lang='lat' dir='ltr'><strong>in</strong></span> <span class='ocrx_word' id='word_1_493' title='bbox 204 3952 377 4020; x_wconf 88' lang='lat' dir='ltr'><strong>perpetuum</strong></span> <span class='ocrx_word' id='word_1_494' title='bbox 403 3948 526 4007; x_wconf 86' lang='lat' dir='ltr'><strong>Domino</strong></span> <span class='ocrx_word' id='word_1_495' title='bbox 551 3958 651 4007; x_wconf 90' lang='lat' dir='ltr'><strong>nostro</strong></span> <span class='ocrx_word' id='word_1_496' title='bbox 673 3951 743 4007; x_wconf 84' lang='lat' dir='ltr'><strong>lesu</strong></span> <span class='ocrx_word' id='word_1_497' title='bbox 770 3952 962 4026; x_wconf 80' lang='lat' dir='ltr'><strong>christc‚egc</strong></span> <span class='ocrx_word' id='word_1_498' title='bbox 1017 3957 1087 4030; x_wconf 87' lang='lat' dir='ltr'><strong>qnid</strong></span> <span class='ocrx_word' id='word_1_499' title='bbox 1104 3950 1399 4010; x_wconf 84' lang='lat' dir='ltr'><strong>honestiineeniebat</strong></span> <span class='ocrx_word' id='word_1_500' title='bbox 1418 3949 1598 4006; x_wconf 80' lang='lat' dir='ltr'><strong>utlaetrtiam</strong></span> <span class='ocrx_word' id='word_1_501' title='bbox 1623 3950 1837 4008; x_wconf 76' lang='lat' dir='ltr'><strong>convivantium</strong></span> 
     </span>
     <span class='ocr_line' id='line_1_69' title="bbox 144 4036 1839 4111; baseline -0.002 -16"><span class='ocrx_word' id='word_1_502' title='bbox 144 4036 276 4095; x_wconf 81' lang='lat' dir='ltr'><strong>Etheluli</strong></span> <span class='ocrx_word' id='word_1_503' title='bbox 298 4055 348 4094; x_wconf 87' lang='lat' dir='ltr'><strong>rex</strong></span> <span class='ocrx_word' id='word_1_504' title='bbox 371 4046 482 4111; x_wconf 85' lang='lat' dir='ltr'><strong>partem</strong></span> <span class='ocrx_word' id='word_1_505' title='bbox 508 4044 590 4097; x_wconf 83' lang='lat' dir='ltr'><strong>terra</strong></span> <span class='ocrx_word' id='word_1_506' title='bbox 606 4041 801 4111; x_wconf 89' lang='lat' dir='ltr'><strong>cewisorum,</strong></span> <span class='ocrx_word' id='word_1_507' title='bbox 820 4042 964 4100; x_wconf 84' lang='lat' dir='ltr'><strong>booestv</strong></span> <span class='ocrx_word' id='word_1_508' title='bbox 1017 4040 1784 4111; x_wconf 85' lang='lat' dir='ltr'><strong>excitaret,retentissibiduobusmsjorihus,unum</strong></span> <span class='ocrx_word' id='word_1_509' title='bbox 1794 4038 1839 4095; x_wconf 84' lang='lat' dir='ltr'><strong>mi·</strong></span> 
     </span>
     <span class='ocr_line' id='line_1_70' title="bbox 145 4127 1840 4202; baseline -0.001 -18"><span class='ocrx_word' id='word_1_510' title='bbox 145 4127 325 4195; x_wconf 84' lang='lat' dir='ltr'><strong>mansiones,</strong></span> <span class='ocrx_word' id='word_1_511' title='bbox 342 4128 448 4185; x_wconf 88' lang='lat' dir='ltr'><strong>donavi</strong></span> <span class='ocrx_word' id='word_1_512' title='bbox 462 4130 520 4186; x_wconf 79' lang='lat' dir='ltr'><strong>lieo</strong></span> <span class='ocrx_word' id='word_1_513' title='bbox 535 4134 563 4186; x_wconf 90' lang='lat' dir='ltr'><strong>ct</strong></span> <span class='ocrx_word' id='word_1_514' title='bbox 577 4129 683 4188; x_wconf 91' lang='lat' dir='ltr'><strong>sancto</strong></span> <span class='ocrx_word' id='word_1_515' title='bbox 698 4133 783 4189; x_wconf 91' lang='lat' dir='ltr'><strong>Petro</strong></span> <span class='ocrx_word' id='word_1_516' title='bbox 798 4140 825 4189; x_wconf 93' lang='lat' dir='ltr'><strong>et</strong></span> <span class='ocrx_word' id='word_1_517' title='bbox 846 4133 964 4190; x_wconf 80' lang='lat' dir='ltr'><strong>familia</strong></span> <span class='ocrx_word' id='word_1_518' title='bbox 1019 4132 1242 4193; x_wconf 88' lang='lat' dir='ltr'><strong>noremduobus</strong></span> <span class='ocrx_word' id='word_1_519' title='bbox 1252 4129 1412 4186; x_wconf 85' lang='lat' dir='ltr'><strong>distribuit.</strong></span> <span class='ocrx_word' id='word_1_520' title='bbox 1424 4129 1565 4201; x_wconf 76' lang='lat' dir='ltr'><strong>arguenti</strong></span> <span class='ocrx_word' id='word_1_521' title='bbox 1574 4129 1769 4202; x_wconf 89' lang='lat' dir='ltr'><strong>iniquitatem</strong></span> <span class='ocrx_word' id='word_1_522' title='bbox 1781 4144 1840 4202; x_wconf 91' lang='lat' dir='ltr'><strong>psr·</strong></span> 
     </span>
     <span class='ocr_line' id='line_1_71' title="bbox 144 4216 1839 4292; baseline -0.005 -17"><span class='ocrx_word' id='word_1_523' title='bbox 144 4216 337 4275; x_wconf 85' lang='lat' dir='ltr'><strong>llalduhiensi</strong></span> <span class='ocrx_word' id='word_1_524' title='bbox 352 4216 382 4274; x_wconf 91' lang='lat' dir='ltr'><strong>iu</strong></span> <span class='ocrx_word' id='word_1_525' title='bbox 402 4216 465 4275; x_wconf 92' lang='lat' dir='ltr'><strong>loco</strong></span> <span class='ocrx_word' id='word_1_526' title='bbox 481 4219 532 4292; x_wconf 92' lang='lat' dir='ltr'><strong>qui</strong></span> <span class='ocrx_word' id='word_1_527' title='bbox 548 4219 656 4276; x_wconf 91' lang='lat' dir='ltr'><strong>dicitur</strong></span> <span class='ocrx_word' id='word_1_528' title='bbox 669 4220 864 4291; x_wconf 77' lang='lat' dir='ltr'><strong>chcanham,</strong></span> <span class='ocrx_word' id='word_1_529' title='bbox 889 4229 964 4280; x_wconf 87' lang='lat' dir='ltr'><strong>eate-</strong></span> <span class='ocrx_word' id='word_1_530' title='bbox 1019 4223 1133 4283; x_wconf 79' lang='lat' dir='ltr'><strong>titionis</strong></span> <span class='ocrx_word' id='word_1_531' title='bbox 1148 4222 1229 4291; x_wconf 76' lang='lat' dir='ltr'><strong>regi:</strong></span> <span class='ocrx_word' id='word_1_532' title='bbox 1255 4242 1266 4270; x_wconf 81' lang='grc' dir='ltr'>ι</span> <span class='ocrx_word' id='word_1_533' title='bbox 1283 4220 1353 4290; x_wconf 91' lang='lat' dir='ltr'><strong>lmo,</strong></span> <span class='ocrx_word' id='word_1_534' title='bbox 1370 4219 1477 4291; x_wconf 87' lang='lat' dir='ltr'><strong>inquit,</strong></span> <span class='ocrx_word' id='word_1_535' title='bbox 1502 4219 1576 4275; x_wconf 91' lang='lat' dir='ltr'><strong>bene</strong></span> <span class='ocrx_word' id='word_1_536' title='bbox 1601 4217 1659 4274; x_wconf 90' lang='lat' dir='ltr'><strong>ieci</strong></span> <span class='ocrx_word' id='word_1_537' title='bbox 1680 4223 1710 4276; x_wconf 91' lang='lat' dir='ltr'><strong>st</strong></span> <span class='ocrx_word' id='word_1_538' title='bbox 1724 4234 1839 4292; x_wconf 73' lang='lat' dir='ltr'><strong>equas</strong></span> 
     </span>
    </p>

    <p class='ocr_par' dir='ltr' id='par_1_19' title="bbox 145 4306 1841 4392">
     <span class='ocr_line' id='line_1_72' title="bbox 145 4306 1841 4392; baseline 0 -29"><span class='ocrx_word' id='word_1_539' title='bbox 145 4323 201 4364; x_wconf 90' lang='lat' dir='ltr'><strong>nos</strong></span> <span class='ocrx_word' id='word_1_540' title='bbox 217 4314 248 4363; x_wconf 93' lang='lat' dir='ltr'><strong>ut</strong></span> <span class='ocrx_word' id='word_1_541' title='bbox 263 4306 319 4378; x_wconf 90' lang='lat' dir='ltr'><strong>ipsi</strong></span> <span class='ocrx_word' id='word_1_542' title='bbox 331 4306 443 4380; x_wconf 81' lang='lat' dir='ltr'><strong>jugiter</strong></span> <span class='ocrx_word' id='word_1_543' title='bbox 458 4315 539 4364; x_wconf 91' lang='lat' dir='ltr'><strong>orent</strong></span> <span class='ocrx_word' id='word_1_544' title='bbox 555 4308 704 4380; x_wconf 81' lang='lat' dir='ltr'><strong>pronubis</strong></span> <span class='ocrx_word' id='word_1_545' title='bbox 719 4311 811 4367; x_wconf 86' lang='lat' dir='ltr'><strong>Deum</strong></span> <span class='ocrx_word' id='word_1_546' title='bbox 832 4313 964 4384; x_wconf 90' lang='lat' dir='ltr'><strong>omnipo·</strong></span> <span class='ocrx_word' id='word_1_547' title='bbox 981 4329 1006 4392; x_wconf 77' lang='grc'><strong>1)</strong></span> <span class='ocrx_word' id='word_1_548' title='bbox 1021 4316 1092 4373; x_wconf 89' lang='lat' dir='ltr'><strong>Nam</strong></span> <span class='ocrx_word' id='word_1_549' title='bbox 1108 4312 1155 4367; x_wconf 91' lang='lat' dir='ltr'><strong>hic</strong></span> <span class='ocrx_word' id='word_1_550' title='bbox 1171 4314 1216 4366; x_wconf 88' lang='lat' dir='ltr'><strong>est</strong></span> <span class='ocrx_word' id='word_1_551' title='bbox 1245 4325 1322 4365; x_wconf 91' lang='lat' dir='ltr'><strong>unus</strong></span> <span class='ocrx_word' id='word_1_552' title='bbox 1338 4324 1455 4380; x_wconf 86' lang='lat' dir='ltr'><strong>parvos,</strong></span> <span class='ocrx_word' id='word_1_553' title='bbox 1471 4308 1508 4364; x_wconf 89' lang='lat' dir='ltr'><strong>de</strong></span> <span class='ocrx_word' id='word_1_554' title='bbox 1531 4322 1563 4364; x_wconf 89' lang='lat' dir='ltr'><strong>se</strong></span> <span class='ocrx_word' id='word_1_555' title='bbox 1583 4307 1700 4365; x_wconf 86' lang='lat' dir='ltr'><strong>dicens.</strong></span> <span class='ocrx_word' id='word_1_556' title='bbox 1719 4308 1753 4365; x_wconf 73' lang='lat' dir='ltr'><strong>st</strong></span> <span class='ocrx_word' id='word_1_557' title='bbox 1775 4309 1841 4364; x_wconf 87' lang='lat' dir='ltr'><strong>does</strong></span> 
     </span>
    </p>

    <p class='ocr_par' dir='ltr' id='par_1_20' title="bbox 144 4397 1841 4479">
     <span class='ocr_line' id='line_1_73' title="bbox 144 4397 1841 4479; baseline -0.002 -25"><span class='ocrx_word' id='word_1_558' title='bbox 144 4400 255 4454; x_wconf 65' lang='lat' dir='ltr'><strong>mntem</strong></span> <span class='ocrx_word' id='word_1_559' title='bbox 268 4414 276 4464; x_wconf 87' lang='lat'>;</span> <span class='ocrx_word' id='word_1_560' title='bbox 287 4403 432 4468; x_wconf 89' lang='lat' dir='ltr'><strong>quatenus</strong></span> <span class='ocrx_word' id='word_1_561' title='bbox 444 4414 579 4468; x_wconf 89' lang='lat' dir='ltr'><strong>prospere</strong></span> <span class='ocrx_word' id='word_1_562' title='bbox 590 4399 675 4456; x_wconf 90' lang='lat' dir='ltr'><strong>nohis</strong></span> <span class='ocrx_word' id='word_1_563' title='bbox 684 4400 967 4474; x_wconf 79' lang='lat' dir='ltr'><strong>temporalargiatur</strong></span> <span class='ocrx_word' id='word_1_564' title='bbox 1020 4404 1145 4479; x_wconf 78' lang='lat' dir='ltr'><strong>grandes</strong></span> <span class='ocrx_word' id='word_1_565' title='bbox 1155 4400 1249 4474; x_wconf 88' lang='lat' dir='ltr'><strong>pisces</strong></span> <span class='ocrx_word' id='word_1_566' title='bbox 1264 4404 1400 4471; x_wconf 81' lang='lat' dir='ltr'><strong>tangens,</strong></span> <span class='ocrx_word' id='word_1_567' title='bbox 1414 4398 1544 4469; x_wconf 88' lang='lat' dir='ltr'><strong>itemque</strong></span> <span class='ocrx_word' id='word_1_568' title='bbox 1557 4397 1593 4452; x_wconf 94' lang='lat' dir='ltr'><strong>ad</strong></span> <span class='ocrx_word' id='word_1_569' title='bbox 1604 4413 1658 4454; x_wconf 86' lang='lat' dir='ltr'><strong>sos</strong></span> <span class='ocrx_word' id='word_1_570' title='bbox 1671 4412 1841 4456; x_wconf 85' lang='lat' dir='ltr'><strong>conversos:</strong></span> 
     </span>
    </p>

    <p class='ocr_par' dir='ltr' id='par_1_21' title="bbox 145 4485 1845 4659">
     <span class='ocr_line' id='line_1_74' title="bbox 146 4485 1843 4565; baseline -0.001 -21"><span class='ocrx_word' id='word_1_571' title='bbox 146 4487 182 4544; x_wconf 88' lang='lat' dir='ltr'><strong>ad</strong></span> <span class='ocrx_word' id='word_1_572' title='bbox 200 4488 429 4545; x_wconf 86' lang='lat' dir='ltr'><strong>conservandam</strong></span> <span class='ocrx_word' id='word_1_573' title='bbox 446 4487 532 4544; x_wconf 86' lang='lat' dir='ltr'><strong>tidem</strong></span> <span class='ocrx_word' id='word_1_574' title='bbox 557 4492 700 4557; x_wconf 87' lang='lat' dir='ltr'><strong>nostram,</strong></span> <span class='ocrx_word' id='word_1_575' title='bbox 721 4496 751 4547; x_wconf 90' lang='lat' dir='ltr'><strong>et</strong></span> <span class='ocrx_word' id='word_1_576' title='bbox 778 4492 857 4565; x_wconf 78' lang='lat' dir='ltr'><strong>regni</strong></span> <span class='ocrx_word' id='word_1_577' title='bbox 874 4492 965 4549; x_wconf 89' lang='lat' dir='ltr'><strong>nostri</strong></span> <span class='ocrx_word' id='word_1_578' title='bbox 1023 4494 1075 4552; x_wconf 89' lang='lat' dir='ltr'><strong>llic</strong></span> <span class='ocrx_word' id='word_1_579' title='bbox 1090 4496 1161 4550; x_wconf 89' lang='lat' dir='ltr'><strong>sont</strong></span> <span class='ocrx_word' id='word_1_580' title='bbox 1175 4491 1233 4546; x_wconf 94' lang='lat' dir='ltr'><strong>duo</strong></span> <span class='ocrx_word' id='word_1_581' title='bbox 1244 4489 1353 4559; x_wconf 83' lang='lat' dir='ltr'><strong>magui,</strong></span> <span class='ocrx_word' id='word_1_582' title='bbox 1365 4485 1642 4555; x_wconf 85' lang='lat' dir='ltr'><strong>clericosinnttens;</strong></span> <span class='ocrx_word' id='word_1_583' title='bbox 1658 4492 1780 4546; x_wconf 87' lang='lat' dir='ltr'><strong>etoaos</strong></span> <span class='ocrx_word' id='word_1_584' title='bbox 1791 4487 1843 4545; x_wconf 83' lang='lat' dir='ltr'><strong>axi-</strong></span> 
     </span>
     <span class='ocr_line' id='line_1_75' title="bbox 145 4576 1845 4659; baseline 0.001 -27"><span class='ocrx_word' id='word_1_585' title='bbox 145 4576 342 4649; x_wconf 75' lang='lat' dir='ltr'><strong>gubernacula</strong></span> <span class='ocrx_word' id='word_1_586' title='bbox 356 4593 408 4649; x_wconf 88' lang='lat' dir='ltr'><strong>par</strong></span> <span class='ocrx_word' id='word_1_587' title='bbox 421 4578 522 4649; x_wconf 79' lang='lat' dir='ltr'><strong>omnia</strong></span> <span class='ocrx_word' id='word_1_588' title='bbox 536 4581 669 4651; x_wconf 87' lang='lat' dir='ltr'><strong>tempora</strong></span> <span class='ocrx_word' id='word_1_589' title='bbox 683 4580 777 4651; x_wconf 74' lang='lat' dir='ltr'><strong>gentis</strong></span> <span class='ocrx_word' id='word_1_590' title='bbox 794 4580 965 4654; x_wconf 70' lang='lat' dir='ltr'><strong>anglorum.</strong></span> <span class='ocrx_word' id='word_1_591' title='bbox 1022 4600 1099 4659; x_wconf 78' lang='lat' dir='ltr'><strong>gnus</strong></span> <span class='ocrx_word' id='word_1_592' title='bbox 1113 4602 1120 4652; x_wconf 74' lang='grc' dir='ltr'>ς</span> <span class='ocrx_word' id='word_1_593' title='bbox 1132 4580 1242 4654; x_wconf 90' lang='lat' dir='ltr'><strong>piscem</strong></span> <span class='ocrx_word' id='word_1_594' title='bbox 1255 4578 1446 4635; x_wconf 90' lang='lat' dir='ltr'><strong>nibilominus</strong></span> <span class='ocrx_word' id='word_1_595' title='bbox 1460 4581 1597 4650; x_wconf 77' lang='lat' dir='ltr'><strong>tangens.</strong></span> <span class='ocrx_word' id='word_1_596' title='bbox 1613 4576 1715 4634; x_wconf 84' lang='lat' dir='ltr'><strong>caruli</strong></span> <span class='ocrx_word' id='word_1_597' title='bbox 1728 4594 1798 4651; x_wconf 80' lang='lat' dir='ltr'><strong>erqo</strong></span> <span class='ocrx_word' id='word_1_598' title='bbox 1808 4594 1845 4635; x_wconf 89' lang='lat' dir='ltr'><strong>ro·</strong></span> 
     </span>
    </p>

    <p class='ocr_par' dir='ltr' id='par_1_22' title="bbox 146 4666 1843 4749">
     <span class='ocr_line' id='line_1_76' title="bbox 146 4666 1843 4749; baseline -0.001 -25"><span class='ocrx_word' id='word_1_599' title='bbox 146 4670 181 4724; x_wconf 87' lang='lat' dir='ltr'><strong>Bt</strong></span> <span class='ocrx_word' id='word_1_600' title='bbox 194 4666 461 4724; x_wconf 88' lang='lat' dir='ltr'><strong>nemoaudeatboo</strong></span> <span class='ocrx_word' id='word_1_601' title='bbox 476 4667 586 4725; x_wconf 91' lang='lat' dir='ltr'><strong>donum</strong></span> <span class='ocrx_word' id='word_1_602' title='bbox 603 4672 716 4726; x_wconf 90' lang='lat' dir='ltr'><strong>mutare</strong></span> <span class='ocrx_word' id='word_1_603' title='bbox 730 4670 766 4727; x_wconf 94' lang='lat' dir='ltr'><strong>ab</strong></span> <span class='ocrx_word' id='word_1_604' title='bbox 784 4670 850 4744; x_wconf 92' lang='lat' dir='ltr'><strong>ipso</strong></span> <span class='ocrx_word' id='word_1_605' title='bbox 865 4688 966 4729; x_wconf 89' lang='lat' dir='ltr'><strong>mona·</strong></span> <span class='ocrx_word' id='word_1_606' title='bbox 1022 4679 1090 4749; x_wconf 75' lang='lat' dir='ltr'><strong>gata</strong></span> <span class='ocrx_word' id='word_1_607' title='bbox 1106 4669 1301 4730; x_wconf 87' lang='lat' dir='ltr'><strong>hierarchiam</strong></span> <span class='ocrx_word' id='word_1_608' title='bbox 1317 4666 1446 4742; x_wconf 80' lang='lat' dir='ltr'><strong>Dionysii</strong></span> <span class='ocrx_word' id='word_1_609' title='bbox 1461 4666 1643 4740; x_wconf 77' lang='lat' dir='ltr'><strong>Areopagitas</strong></span> <span class='ocrx_word' id='word_1_610' title='bbox 1658 4666 1691 4724; x_wconf 91' lang='lat' dir='ltr'><strong>in</strong></span> <span class='ocrx_word' id='word_1_611' title='bbox 1713 4668 1843 4725; x_wconf 66' lang='lat' dir='ltr'><strong>menna</strong></span> 
     </span>
    </p>

    <p class='ocr_par' dir='ltr' id='par_1_23' title="bbox 146 4753 1843 4830">
     <span class='ocr_line' id='line_1_77' title="bbox 146 4753 1843 4830; baseline -0.002 -13"><span class='ocrx_word' id='word_1_612' title='bbox 146 4755 237 4816; x_wconf 91' lang='lat' dir='ltr'><strong>sterio</strong></span> <span class='ocrx_word' id='word_1_613' title='bbox 251 4756 316 4813; x_wconf 89' lang='lat' dir='ltr'><strong>sins</strong></span> <span class='ocrx_word' id='word_1_614' title='bbox 327 4757 370 4814; x_wconf 91' lang='lat' dir='ltr'><strong>ira</strong></span> <span class='ocrx_word' id='word_1_615' title='bbox 384 4760 413 4813; x_wconf 88' lang='lat' dir='ltr'><strong>et</strong></span> <span class='ocrx_word' id='word_1_616' title='bbox 426 4757 555 4814; x_wconf 84' lang='lat' dir='ltr'><strong>vindicta</strong></span> <span class='ocrx_word' id='word_1_617' title='bbox 564 4757 775 4830; x_wconf 90' lang='lat' dir='ltr'><strong>omnipotentis</strong></span> <span class='ocrx_word' id='word_1_618' title='bbox 789 4760 851 4817; x_wconf 89' lang='lat' dir='ltr'><strong>Del.</strong></span> <span class='ocrx_word' id='word_1_619' title='bbox 867 4761 968 4819; x_wconf 79' lang='lat' dir='ltr'><strong>lithos</strong></span> <span class='ocrx_word' id='word_1_620' title='bbox 1023 4765 1057 4822; x_wconf 87' lang='lat' dir='ltr'><strong>de</strong></span> <span class='ocrx_word' id='word_1_621' title='bbox 1071 4767 1169 4819; x_wconf 80' lang='lat' dir='ltr'><strong>crasco</strong></span> <span class='ocrx_word' id='word_1_622' title='bbox 1180 4758 1297 4817; x_wconf 82' lang='lat' dir='ltr'><strong>verbnm</strong></span> <span class='ocrx_word' id='word_1_623' title='bbox 1313 4772 1329 4813; x_wconf 89' lang='lat' dir='ltr'><strong>e</strong></span> <span class='ocrx_word' id='word_1_624' title='bbox 1343 4757 1432 4814; x_wconf 83' lang='lat' dir='ltr'><strong>verbo</strong></span> <span class='ocrx_word' id='word_1_625' title='bbox 1447 4753 1610 4813; x_wconf 86' lang='lat' dir='ltr'><strong>transtulit.</strong></span> <span class='ocrx_word' id='word_1_626' title='bbox 1624 4753 1692 4819; x_wconf 84' lang='lat' dir='ltr'><strong>Ouo</strong></span> <span class='ocrx_word' id='word_1_627' title='bbox 1708 4757 1754 4828; x_wconf 85' lang='lat' dir='ltr'><strong>ot,</strong></span> <span class='ocrx_word' id='word_1_628' title='bbox 1763 4766 1795 4816; x_wconf 88' lang='lat' dir='ltr'><strong>ut</strong></span> <span class='ocrx_word' id='word_1_629' title='bbox 1804 4757 1843 4813; x_wconf 84' lang='lat' dir='ltr'><strong>rix</strong></span> 
     </span>
    </p>

    <p class='ocr_par' dir='ltr' id='par_1_24' title="bbox 18 4836 1846 5371">
     <span class='ocr_line' id='line_1_78' title="bbox 18 4836 1843 4923; baseline -0.001 -19"><span class='ocrx_word' id='word_1_630' title='bbox 18 4836 25 4847; x_wconf 75' lang='grc'><strong>“</strong></span> <span class='ocrx_word' id='word_1_631' title='bbox 147 4847 371 4906; x_wconf 87' lang='lat' dir='ltr'><strong>donumaotum</strong></span> <span class='ocrx_word' id='word_1_632' title='bbox 400 4856 443 4903; x_wconf 89' lang='lat' dir='ltr'><strong>est</strong></span> <span class='ocrx_word' id='word_1_633' title='bbox 472 4863 549 4904; x_wconf 91' lang='lat' dir='ltr'><strong>anno</strong></span> <span class='ocrx_word' id='word_1_634' title='bbox 578 4846 613 4903; x_wconf 88' lang='lat' dir='ltr'><strong>ab</strong></span> <span class='ocrx_word' id='word_1_635' title='bbox 638 4847 841 4906; x_wconf 90' lang='lat' dir='ltr'><strong>lncarnstione</strong></span> <span class='ocrx_word' id='word_1_636' title='bbox 866 4849 968 4906; x_wconf 85' lang='lat' dir='ltr'><strong>Domi·</strong></span> <span class='ocrx_word' id='word_1_637' title='bbox 1023 4846 1451 4923; x_wconf 76' lang='lat' dir='ltr'><strong>intelligatnrhatinalittera;</strong></span> <span class='ocrx_word' id='word_1_638' title='bbox 1474 4843 1742 4918; x_wconf 78' lang='lat' dir='ltr'><strong>querelabilitats</strong></span> <span class='ocrx_word' id='word_1_639' title='bbox 1757 4847 1843 4921; x_wconf 83' lang='lat' dir='ltr'><strong>maqis</strong></span> 
     </span>
     <span class='ocr_line' id='line_1_79' title="bbox 146 4934 1845 5013; baseline 0.001 -19"><span class='ocrx_word' id='word_1_640' title='bbox 146 4937 212 4994; x_wconf 90' lang='lat' dir='ltr'><strong>nica</strong></span> <span class='ocrx_word' id='word_1_641' title='bbox 225 4936 278 4993; x_wconf 74' lang='lat' dir='ltr'><strong>oet</strong></span> <span class='ocrx_word' id='word_1_642' title='bbox 295 4936 391 5008; x_wconf 74' lang='lat' dir='ltr'><strong>3qucd</strong></span> <span class='ocrx_word' id='word_1_643' title='bbox 403 4944 430 4993; x_wconf 91' lang='lat' dir='ltr'><strong>et</strong></span> <span class='ocrx_word' id='word_1_644' title='bbox 440 4940 571 4993; x_wconf 78' lang='lat' dir='ltr'><strong>servetur</strong></span> <span class='ocrx_word' id='word_1_645' title='bbox 584 4935 614 4993; x_wconf 92' lang='lat' dir='ltr'><strong>in</strong></span> <span class='ocrx_word' id='word_1_646' title='bbox 629 4952 711 5009; x_wconf 87' lang='lat' dir='ltr'><strong>pace.</strong></span> <span class='ocrx_word' id='word_1_647' title='bbox 723 4937 969 5012; x_wconf 91' lang='lat' dir='ltr'><strong>Subscripsaruot</strong></span> <span class='ocrx_word' id='word_1_648' title='bbox 1024 4941 1123 4999; x_wconf 80' lang='lat' dir='ltr'><strong>Graeca</strong></span> <span class='ocrx_word' id='word_1_649' title='bbox 1136 4954 1225 5011; x_wconf 91' lang='lat' dir='ltr'><strong>quem</strong></span> <span class='ocrx_word' id='word_1_650' title='bbox 1241 4935 1386 5010; x_wconf 89' lang='lat' dir='ltr'><strong>positione</strong></span> <span class='ocrx_word' id='word_1_651' title='bbox 1400 4934 1576 4991; x_wconf 85' lang='lat' dir='ltr'><strong>construitur</strong></span> <span class='ocrx_word' id='word_1_652' title='bbox 1591 4939 1709 4992; x_wconf 85' lang='lat' dir='ltr'><strong>nostra.</strong></span> <span class='ocrx_word' id='word_1_653' title='bbox 1724 4937 1845 5013; x_wconf 88' lang='lat' dir='ltr'><strong>compo·</strong></span> 
     </span>
     <span class='ocr_line' id='line_1_80' title="bbox 146 5022 1846 5106; baseline 0 -24"><span class='ocrx_word' id='word_1_654' title='bbox 146 5024 310 5082; x_wconf 76' lang='lat' dir='ltr'><strong>swithinus</strong></span> <span class='ocrx_word' id='word_1_655' title='bbox 324 5026 478 5099; x_wconf 84' lang='lat' dir='ltr'><strong>episcopus</strong></span> <span class='ocrx_word' id='word_1_656' title='bbox 492 5028 521 5082; x_wconf 91' lang='lat' dir='ltr'><strong>et</strong></span> <span class='ocrx_word' id='word_1_657' title='bbox 534 5024 863 5100; x_wconf 79' lang='lat' dir='ltr'><strong>atnetnnus.ttegnanta</strong></span> <span class='ocrx_word' id='word_1_658' title='bbox 873 5033 968 5101; x_wconf 80' lang='lat' dir='ltr'><strong>etgu·</strong></span> <span class='ocrx_word' id='word_1_659' title='bbox 1023 5028 1181 5090; x_wconf 82' lang='lat' dir='ltr'><strong>auitetiam</strong></span> <span class='ocrx_word' id='word_1_660' title='bbox 1191 5026 1309 5097; x_wconf 88' lang='lat' dir='ltr'><strong>librum,</strong></span> <span class='ocrx_word' id='word_1_661' title='bbox 1319 5040 1408 5098; x_wconf 91' lang='lat' dir='ltr'><strong>quem</strong></span> <span class='ocrx_word' id='word_1_662' title='bbox 1423 5022 1716 5096; x_wconf 87' lang='lat' dir='ltr'><strong>periphisimerimus</strong></span> <span class='ocrx_word' id='word_1_663' title='bbox 1727 5027 1846 5106; x_wconf 71' lang='lat' dir='ltr'><strong>respipi-</strong></span> 
     </span>
     <span class='ocr_line' id='line_1_81' title="bbox 145 5111 1843 5193; baseline 0.002 -23"><span class='ocrx_word' id='word_1_664' title='bbox 145 5113 285 5172; x_wconf 88' lang='lat' dir='ltr'><strong>hernante</strong></span> <span class='ocrx_word' id='word_1_665' title='bbox 302 5131 356 5172; x_wconf 89' lang='lat' dir='ltr'><strong>noa</strong></span> <span class='ocrx_word' id='word_1_666' title='bbox 371 5114 402 5171; x_wconf 92' lang='lat' dir='ltr'><strong>in</strong></span> <span class='ocrx_word' id='word_1_667' title='bbox 418 5119 589 5187; x_wconf 89' lang='lat' dir='ltr'><strong>perpetuom</strong></span> <span class='ocrx_word' id='word_1_668' title='bbox 607 5115 730 5172; x_wconf 84' lang='lat' dir='ltr'><strong>Domino</strong></span> <span class='ocrx_word' id='word_1_669' title='bbox 745 5116 802 5173; x_wconf 86' lang='lat' dir='ltr'><strong>Deo</strong></span> <span class='ocrx_word' id='word_1_670' title='bbox 821 5114 968 5176; x_wconf 87' lang='lat' dir='ltr'><strong>salvatore</strong></span> <span class='ocrx_word' id='word_1_671' title='bbox 1024 5139 1092 5182; x_wconf 80' lang='grc' dir='ltr'><strong>σιως</strong></span> <span class='ocrx_word' id='word_1_672' title='bbox 1109 5135 1243 5193; x_wconf 75' lang='grc' dir='ltr'>μερισμου</span> <span class='ocrx_word' id='word_1_673' title='bbox 1258 5115 1288 5172; x_wconf 90' lang='lat' dir='ltr'><strong>id</strong></span> <span class='ocrx_word' id='word_1_674' title='bbox 1308 5120 1354 5172; x_wconf 89' lang='lat' dir='ltr'><strong>est</strong></span> <span class='ocrx_word' id='word_1_675' title='bbox 1372 5115 1409 5171; x_wconf 79' lang='lat' dir='ltr'><strong>lle</strong></span> <span class='ocrx_word' id='word_1_676' title='bbox 1423 5118 1532 5170; x_wconf 74' lang='lat' dir='ltr'><strong>notare</strong></span> <span class='ocrx_word' id='word_1_677' title='bbox 1545 5111 1687 5173; x_wconf 74' lang='lat' dir='ltr'><strong>divisione</strong></span> <span class='ocrx_word' id='word_1_678' title='bbox 1701 5117 1843 5183; x_wconf 79' lang='lat' dir='ltr'><strong>titularit;</strong></span> 
     </span>
     <span class='ocr_line' id='line_1_82' title="bbox 146 5203 1845 5285; baseline 0.003 -26"><span class='ocrx_word' id='word_1_679' title='bbox 146 5203 327 5262; x_wconf 75' lang='lat' dir='ltr'><strong>nostratem</strong></span> <span class='ocrx_word' id='word_1_680' title='bbox 340 5205 467 5275; x_wconf 86' lang='lat' dir='ltr'><strong>christo,</strong></span> <span class='ocrx_word' id='word_1_681' title='bbox 485 5203 535 5277; x_wconf 85' lang='lat' dir='ltr'><strong>qui</strong></span> <span class='ocrx_word' id='word_1_682' title='bbox 546 5208 652 5261; x_wconf 89' lang='lat' dir='ltr'><strong>cuncte</strong></span> <span class='ocrx_word' id='word_1_683' title='bbox 664 5205 772 5263; x_wconf 85' lang='lat' dir='ltr'><strong>secula</strong></span> <span class='ocrx_word' id='word_1_684' title='bbox 795 5206 929 5279; x_wconf 83' lang='lat' dir='ltr'><strong>salvarit,</strong></span> <span class='ocrx_word' id='word_1_685' title='bbox 940 5212 969 5265; x_wconf 88' lang='lat' dir='ltr'><strong>et</strong></span> <span class='ocrx_word' id='word_1_686' title='bbox 1023 5214 1140 5285; x_wconf 87' lang='lat' dir='ltr'><strong>propter</strong></span> <span class='ocrx_word' id='word_1_687' title='bbox 1151 5205 1370 5280; x_wconf 87' lang='lat' dir='ltr'><strong>perplexitatem</strong></span> <span class='ocrx_word' id='word_1_688' title='bbox 1381 5203 1572 5277; x_wconf 87' lang='lat' dir='ltr'><strong>quarumdem</strong></span> <span class='ocrx_word' id='word_1_689' title='bbox 1584 5206 1787 5275; x_wconf 80' lang='lat' dir='ltr'><strong>qussttonnm</strong></span> <span class='ocrx_word' id='word_1_690' title='bbox 1797 5208 1845 5267; x_wconf 89' lang='lat' dir='ltr'><strong>sel·</strong></span> 
     </span>
     <span class='ocr_line' id='line_1_83' title="bbox 147 5292 1844 5371; baseline 0.002 -22"><span class='ocrx_word' id='word_1_691' title='bbox 147 5292 313 5351; x_wconf 91' lang='lat' dir='ltr'><strong>humanum</strong></span> <span class='ocrx_word' id='word_1_692' title='bbox 338 5311 431 5367; x_wconf 77' lang='lat' dir='ltr'><strong>genus</strong></span> <span class='ocrx_word' id='word_1_693' title='bbox 445 5311 497 5354; x_wconf 88' lang='lat' dir='ltr'><strong>soc</strong></span> <span class='ocrx_word' id='word_1_694' title='bbox 522 5295 666 5368; x_wconf 79' lang='lat' dir='ltr'><strong>sanguiue</strong></span> <span class='ocrx_word' id='word_1_695' title='bbox 681 5297 814 5368; x_wconf 89' lang='lat' dir='ltr'><strong>redemit,</strong></span> <span class='ocrx_word' id='word_1_696' title='bbox 829 5303 917 5371; x_wconf 91' lang='lat' dir='ltr'><strong>atqua</strong></span> <span class='ocrx_word' id='word_1_697' title='bbox 931 5298 968 5356; x_wconf 90' lang='lat' dir='ltr'><strong>ab</strong></span> <span class='ocrx_word' id='word_1_698' title='bbox 1023 5301 1182 5360; x_wconf 84' lang='lat' dir='ltr'><strong>vendorom</strong></span> <span class='ocrx_word' id='word_1_699' title='bbox 1201 5295 1274 5353; x_wconf 92' lang='lat' dir='ltr'><strong>bene</strong></span> <span class='ocrx_word' id='word_1_700' title='bbox 1302 5294 1415 5363; x_wconf 89' lang='lat' dir='ltr'><strong>utilem,</strong></span> <span class='ocrx_word' id='word_1_701' title='bbox 1432 5293 1458 5352; x_wconf 88' lang='lat' dir='ltr'><strong>ai</strong></span> <span class='ocrx_word' id='word_1_702' title='bbox 1472 5298 1571 5351; x_wconf 89' lang='lat' dir='ltr'><strong>tameo</strong></span> <span class='ocrx_word' id='word_1_703' title='bbox 1586 5293 1769 5367; x_wconf 77' lang='lat' dir='ltr'><strong>ignoscatur</strong></span> <span class='ocrx_word' id='word_1_704' title='bbox 1782 5299 1808 5357; x_wconf 89' lang='lat' dir='ltr'><strong>si</strong></span> <span class='ocrx_word' id='word_1_705' title='bbox 1820 5299 1844 5355; x_wconf 88' lang='lat' dir='ltr'><strong>in</strong></span> 
     </span>
    </p>

    <p class='ocr_par' dir='ltr' id='par_1_25' title="bbox 147 5382 1843 5463">
     <span class='ocr_line' id='line_1_84' title="bbox 147 5382 1843 5463; baseline 0.002 -24"><span class='ocrx_word' id='word_1_706' title='bbox 147 5384 256 5439; x_wconf 81' lang='lat' dir='ltr'><strong>aterno</strong></span> <span class='ocrx_word' id='word_1_707' title='bbox 270 5383 389 5440; x_wconf 89' lang='lat' dir='ltr'><strong>interitu</strong></span> <span class='ocrx_word' id='word_1_708' title='bbox 406 5385 557 5442; x_wconf 81' lang='lat' dir='ltr'><strong>ctabotica</strong></span> <span class='ocrx_word' id='word_1_709' title='bbox 576 5384 776 5444; x_wconf 90' lang='lat' dir='ltr'><strong>damnationis</strong></span> <span class='ocrx_word' id='word_1_710' title='bbox 804 5403 854 5459; x_wconf 90' lang='lat' dir='ltr'><strong>per</strong></span> <span class='ocrx_word' id='word_1_711' title='bbox 881 5387 968 5445; x_wconf 88' lang='lat' dir='ltr'><strong>fldem</strong></span> <span class='ocrx_word' id='word_1_712' title='bbox 1023 5385 1201 5463; x_wconf 89' lang='lat' dir='ltr'><strong>quibusdam</strong></span> <span class='ocrx_word' id='word_1_713' title='bbox 1217 5382 1357 5455; x_wconf 90' lang='lat' dir='ltr'><strong>quibuea</strong></span> <span class='ocrx_word' id='word_1_714' title='bbox 1378 5383 1547 5440; x_wconf 84' lang='lat' dir='ltr'><strong>Latinorum</strong></span> <span class='ocrx_word' id='word_1_715' title='bbox 1565 5382 1690 5441; x_wconf 79' lang='lat' dir='ltr'><strong>tramite</strong></span> <span class='ocrx_word' id='word_1_716' title='bbox 1715 5385 1843 5445; x_wconf 75' lang='lat' dir='ltr'><strong>donant.</strong></span> 
     </span>
    </p>

    <p class='ocr_par' dir='ltr' id='par_1_26' title="bbox 145 5468 1844 5639">
     <span class='ocr_line' id='line_1_85' title="bbox 146 5468 1844 5551; baseline -0.001 -19"><span class='ocrx_word' id='word_1_717' title='bbox 146 5476 254 5532; x_wconf 87' lang='lat' dir='ltr'><strong>rectam</strong></span> <span class='ocrx_word' id='word_1_718' title='bbox 268 5477 298 5529; x_wconf 88' lang='lat' dir='ltr'><strong>et</strong></span> <span class='ocrx_word' id='word_1_719' title='bbox 312 5473 495 5546; x_wconf 87' lang='lat' dir='ltr'><strong>baptismatis</strong></span> <span class='ocrx_word' id='word_1_720' title='bbox 508 5481 725 5535; x_wconf 90' lang='lat' dir='ltr'><strong>sacramentum</strong></span> <span class='ocrx_word' id='word_1_721' title='bbox 741 5475 877 5535; x_wconf 88' lang='lat' dir='ltr'><strong>liberavit</strong></span> <span class='ocrx_word' id='word_1_722' title='bbox 891 5495 898 5546; x_wconf 86' lang='lat'><strong>;</strong></span> <span class='ocrx_word' id='word_1_723' title='bbox 915 5494 968 5551; x_wconf 81' lang='lat' dir='ltr'><strong>ego</strong></span> <span class='ocrx_word' id='word_1_724' title='bbox 1024 5479 1095 5535; x_wconf 92' lang='lat' dir='ltr'><strong>dom</strong></span> <span class='ocrx_word' id='word_1_725' title='bbox 1106 5473 1260 5532; x_wconf 84' lang='lat' dir='ltr'><strong>incraecos</strong></span> <span class='ocrx_word' id='word_1_726' title='bbox 1270 5472 1375 5530; x_wconf 87' lang='lat' dir='ltr'><strong>acriter</strong></span> <span class='ocrx_word' id='word_1_727' title='bbox 1384 5470 1486 5529; x_wconf 89' lang='lat' dir='ltr'><strong>oculos</strong></span> <span class='ocrx_word' id='word_1_728' title='bbox 1496 5468 1635 5530; x_wconf 89' lang='lat' dir='ltr'><strong>intendit.</strong></span> <span class='ocrx_word' id='word_1_729' title='bbox 1645 5471 1747 5539; x_wconf 81' lang='lat' dir='ltr'><strong>ocare</strong></span> <span class='ocrx_word' id='word_1_730' title='bbox 1755 5482 1786 5533; x_wconf 91' lang='lat' dir='ltr'><strong>et</strong></span> <span class='ocrx_word' id='word_1_731' title='bbox 1795 5477 1844 5532; x_wconf 76' lang='lat' dir='ltr'><strong>ha·</strong></span> 
     </span>
     <span class='ocr_line' id='line_1_86' title="bbox 145 5560 1844 5639; baseline 0 -16"><span class='ocrx_word' id='word_1_732' title='bbox 145 5560 301 5623; x_wconf 72' lang='lat' dir='ltr'><strong>sthelnutt</strong></span> <span class='ocrx_word' id='word_1_733' title='bbox 311 5578 360 5619; x_wconf 87' lang='lat' dir='ltr'><strong>rex</strong></span> <span class='ocrx_word' id='word_1_734' title='bbox 376 5561 450 5620; x_wconf 89' lang='lat' dir='ltr'><strong>meis</strong></span> <span class='ocrx_word' id='word_1_735' title='bbox 460 5578 518 5620; x_wconf 90' lang='lat' dir='ltr'><strong>nen</strong></span> <span class='ocrx_word' id='word_1_736' title='bbox 534 5565 656 5633; x_wconf 89' lang='lat' dir='ltr'><strong>meritis,</strong></span> <span class='ocrx_word' id='word_1_737' title='bbox 671 5567 722 5624; x_wconf 89' lang='lat' dir='ltr'><strong>sad</strong></span> <span class='ocrx_word' id='word_1_738' title='bbox 738 5566 788 5624; x_wconf 84' lang='lat' dir='ltr'><strong>Dei</strong></span> <span class='ocrx_word' id='word_1_739' title='bbox 803 5568 897 5639; x_wconf 76' lang='lat' dir='ltr'><strong>qratia</strong></span> <span class='ocrx_word' id='word_1_740' title='bbox 908 5566 965 5624; x_wconf 90' lang='lat' dir='ltr'><strong>lar·</strong></span> <span class='ocrx_word' id='word_1_741' title='bbox 1024 5565 1130 5624; x_wconf 86' lang='lat' dir='ltr'><strong>reticos</strong></span> <span class='ocrx_word' id='word_1_742' title='bbox 1146 5565 1263 5635; x_wconf 88' lang='lat' dir='ltr'><strong>potatos</strong></span> <span class='ocrx_word' id='word_1_743' title='bbox 1273 5565 1327 5632; x_wconf 87' lang='lat' dir='ltr'><strong>est,</strong></span> <span class='ocrx_word' id='word_1_744' title='bbox 1339 5560 1516 5635; x_wconf 88' lang='lat' dir='ltr'><strong>scripsitque</strong></span> <span class='ocrx_word' id='word_1_745' title='bbox 1530 5563 1632 5620; x_wconf 75' lang='lat' dir='ltr'><strong>centu</strong></span> <span class='ocrx_word' id='word_1_746' title='bbox 1644 5576 1714 5622; x_wconf 86' lang='lat' dir='ltr'><strong>eam</strong></span> <span class='ocrx_word' id='word_1_747' title='bbox 1730 5565 1844 5638; x_wconf 82' lang='lat' dir='ltr'><strong>quidam</strong></span> 
     </span>
    </p>
   </div>
   <div class='ocr_carea' id='block_1_15' title="bbox 138 3186 962 3439">
    <p class='ocr_par' dir='ltr' id='par_1_27' title="bbox 138 3186 962 3439">
     <span class='ocr_line' id='line_1_87' title="bbox 138 3186 959 3257; baseline 0 -11"><span class='ocrx_word' id='word_1_748' title='bbox 138 3187 250 3246; x_wconf 87' lang='lat' dir='ltr'><strong>cemele</strong></span> <span class='ocrx_word' id='word_1_749' title='bbox 263 3204 291 3257; x_wconf 89' lang='lat' dir='ltr'><strong>x,</strong></span> <span class='ocrx_word' id='word_1_750' title='bbox 303 3186 441 3245; x_wconf 86' lang='lat' dir='ltr'><strong>Dantesle</strong></span> <span class='ocrx_word' id='word_1_751' title='bbox 450 3205 489 3244; x_wconf 78' lang='grc' dir='ltr'><strong>ιι.</strong></span> <span class='ocrx_word' id='word_1_752' title='bbox 510 3210 525 3240; x_wconf 82' lang='lat' dir='ltr'><strong>u</strong></span> <span class='ocrx_word' id='word_1_753' title='bbox 543 3190 659 3246; x_wconf 86' lang='lat' dir='ltr'><strong>Fecerat</strong></span> <span class='ocrx_word' id='word_1_754' title='bbox 672 3195 772 3246; x_wconf 91' lang='lat' dir='ltr'><strong>autem</strong></span> <span class='ocrx_word' id='word_1_755' title='bbox 787 3188 859 3247; x_wconf 87' lang='lat' dir='ltr'><strong>solie</strong></span> <span class='ocrx_word' id='word_1_756' title='bbox 868 3188 959 3247; x_wconf 88' lang='lat' dir='ltr'><strong>eccle·</strong></span> 
     </span>
     <span class='ocr_line' id='line_1_88' title="bbox 139 3275 962 3352; baseline 0 -17"><span class='ocrx_word' id='word_1_757' title='bbox 139 3278 192 3336; x_wconf 90' lang='lat' dir='ltr'><strong>sile</strong></span> <span class='ocrx_word' id='word_1_758' title='bbox 206 3275 336 3334; x_wconf 89' lang='lat' dir='ltr'><strong>chartam</strong></span> <span class='ocrx_word' id='word_1_759' title='bbox 352 3276 507 3347; x_wconf 88' lang='lat' dir='ltr'><strong>libertatis,</strong></span> <span class='ocrx_word' id='word_1_760' title='bbox 524 3294 614 3351; x_wconf 90' lang='lat' dir='ltr'><strong>quam</strong></span> <span class='ocrx_word' id='word_1_761' title='bbox 626 3277 674 3335; x_wconf 89' lang='lat' dir='ltr'><strong>hic</strong></span> <span class='ocrx_word' id='word_1_762' title='bbox 693 3278 877 3351; x_wconf 75' lang='lat' dir='ltr'><strong>pretermisi,</strong></span> <span class='ocrx_word' id='word_1_763' title='bbox 894 3279 962 3352; x_wconf 91' lang='lat' dir='ltr'><strong>quis</strong></span> 
     </span>
     <span class='ocr_line' id='line_1_89' title="bbox 139 3365 513 3439; baseline 0.003 -16"><span class='ocrx_word' id='word_1_764' title='bbox 139 3367 170 3424; x_wconf 92' lang='lat' dir='ltr'><strong>in</strong></span> <span class='ocrx_word' id='word_1_765' title='bbox 185 3365 282 3422; x_wconf 84' lang='lat' dir='ltr'><strong>castis</strong></span> <span class='ocrx_word' id='word_1_766' title='bbox 297 3381 396 3439; x_wconf 79' lang='lat' dir='ltr'><strong>regum</strong></span> <span class='ocrx_word' id='word_1_767' title='bbox 414 3367 513 3438; x_wconf 91' lang='lat' dir='ltr'><strong>posui.</strong></span> 
     </span>
    </p>
   </div>
   <div class='ocr_carea' id='block_1_16' title="bbox 0 0 1902 6006">
    <p class='ocr_par' dir='ltr' id='par_1_28' title="bbox 0 0 1902 6006">
     <span class='ocr_line' id='line_1_90' title="bbox 0 0 1902 6006; baseline 0 0"><span class='ocrx_word' id='word_1_768' title='bbox 0 0 1902 6006; x_wconf 95' lang='lat' dir='ltr'><strong> </strong></span> 
     </span>
    </p>
   </div>
  </div>
 </body>
</html>
