<?xml version="1.0" encoding="UTF-8"?>
<!DOCTYPE html PUBLIC "-//W3C//DTD XHTML 1.0 Transitional//EN"
    "http://www.w3.org/TR/xhtml1/DTD/xhtml1-transitional.dtd">
<html xmlns="http://www.w3.org/1999/xhtml" xml:lang="en" lang="en">
 <head>
  <title>
</title>
<meta http-equiv="Content-Type" content="text/html;charset=utf-8" />
  <meta name='ocr-system' content='tesseract 3.04.00' />
  <meta name='ocr-capabilities' content='ocr_page ocr_carea ocr_par ocr_line ocrx_word'/>
</head>
<body>
  <div class='ocr_page' id='page_1' title='image "./patrologiaecurs25unkngoog/patrologiaecurs25unkngoog_0811.png"; bbox 0 0 3772 6006; ppageno 0'>
   <div class='ocr_carea' id='block_1_1' title="bbox 144 253 1854 326">
    <p class='ocr_par' dir='ltr' id='par_1_1' title="bbox 144 253 1854 326">
     <span class='ocr_line' id='line_1_1' title="bbox 144 253 1854 326; baseline -0.005 0"><span class='ocrx_word' id='word_1_1' title='bbox 144 259 223 326; x_wconf 74' lang='lat' dir='ltr'><strong>tout</strong></span> <span class='ocrx_word' id='word_1_2' title='bbox 599 258 799 320; x_wconf 80' lang='lat' dir='ltr'><strong>WiLlAEbldl</strong></span> <span class='ocrx_word' id='word_1_3' title='bbox 821 253 1186 317; x_wconf 74' lang='lat' dir='ltr'><strong>uranusuuuluusls</strong></span> <span class='ocrx_word' id='word_1_4' title='bbox 1208 255 1391 318; x_wconf 75' lang='lat' dir='ltr'><strong>uortactss</strong></span> <span class='ocrx_word' id='word_1_5' title='bbox 1788 259 1854 320; x_wconf 78' lang='lat' dir='ltr'><strong>toti</strong></span> 
     </span>
    </p>
   </div>
   <div class='ocr_carea' id='block_1_2' title="bbox 98 386 1884 5458">
    <p class='ocr_par' dir='ltr' id='par_1_2' title="bbox 98 386 1884 5458">
     <span class='ocr_line' id='line_1_2' title="bbox 142 386 1855 470; baseline -0.005 -17"><span class='ocrx_word' id='word_1_6' title='bbox 142 392 381 470; x_wconf 76' lang='lat' dir='ltr'><strong>propagationem</strong></span> <span class='ocrx_word' id='word_1_7' title='bbox 404 391 513 449; x_wconf 86' lang='lat' dir='ltr'><strong>sobolis</strong></span> <span class='ocrx_word' id='word_1_8' title='bbox 532 391 653 448; x_wconf 79' lang='lat' dir='ltr'><strong>lutura:</strong></span> <span class='ocrx_word' id='word_1_9' title='bbox 679 388 808 458; x_wconf 77' lang='lat' dir='ltr'><strong>relictus,</strong></span> <span class='ocrx_word' id='word_1_10' title='bbox 832 390 964 459; x_wconf 91' lang='lat' dir='ltr'><strong>inquam,</strong></span> <span class='ocrx_word' id='word_1_11' title='bbox 980 391 1007 459; x_wconf 71' lang='grc' dir='ltr'><strong>Α</strong></span> <span class='ocrx_word' id='word_1_12' title='bbox 1022 387 1126 444; x_wconf 91' lang='lat' dir='ltr'><strong>larium</strong></span> <span class='ocrx_word' id='word_1_13' title='bbox 1143 386 1305 445; x_wconf 85' lang='lat' dir='ltr'><strong>litterarum</strong></span> <span class='ocrx_word' id='word_1_14' title='bbox 1325 403 1413 444; x_wconf 90' lang='lat' dir='ltr'><strong>nusae</strong></span> <span class='ocrx_word' id='word_1_15' title='bbox 1427 387 1566 455; x_wconf 87' lang='lat' dir='ltr'><strong>laboras;</strong></span> <span class='ocrx_word' id='word_1_16' title='bbox 1587 402 1623 446; x_wconf 85' lang='lat' dir='ltr'><strong>aa</strong></span> <span class='ocrx_word' id='word_1_17' title='bbox 1650 389 1855 446; x_wconf 85' lang='lat' dir='ltr'><strong>tantummodo</strong></span> 
     </span>
     <span class='ocr_line' id='line_1_3' title="bbox 143 476 1855 551; baseline -0.005 -10"><span class='ocrx_word' id='word_1_18' title='bbox 143 483 309 541; x_wconf 88' lang='lat' dir='ltr'><strong>mirabilius</strong></span> <span class='ocrx_word' id='word_1_19' title='bbox 320 483 410 550; x_wconf 89' lang='lat' dir='ltr'><strong>dietu,</strong></span> <span class='ocrx_word' id='word_1_20' title='bbox 419 497 468 538; x_wconf 86' lang='lat' dir='ltr'><strong>rex</strong></span> <span class='ocrx_word' id='word_1_21' title='bbox 477 496 590 549; x_wconf 89' lang='lat' dir='ltr'><strong>earum,</strong></span> <span class='ocrx_word' id='word_1_22' title='bbox 601 478 706 551; x_wconf 87' lang='lat' dir='ltr'><strong>spissis</strong></span> <span class='ocrx_word' id='word_1_23' title='bbox 717 477 860 535; x_wconf 75' lang='lat' dir='ltr'><strong>sodalium</strong></span> <span class='ocrx_word' id='word_1_24' title='bbox 874 476 967 548; x_wconf 88' lang='lat' dir='ltr'><strong>agmi·</strong></span> <span class='ocrx_word' id='word_1_25' title='bbox 1020 492 1110 533; x_wconf 85' lang='lat' dir='ltr'><strong>eausa</strong></span> <span class='ocrx_word' id='word_1_26' title='bbox 1118 477 1147 533; x_wconf 91' lang='lat' dir='ltr'><strong>id</strong></span> <span class='ocrx_word' id='word_1_27' title='bbox 1160 477 1258 546; x_wconf 86' lang='lat' dir='ltr'><strong>lanias,</strong></span> <span class='ocrx_word' id='word_1_28' title='bbox 1271 481 1304 535; x_wconf 89' lang='lat' dir='ltr'><strong>ui</strong></span> <span class='ocrx_word' id='word_1_29' title='bbox 1315 477 1455 550; x_wconf 88' lang='lat' dir='ltr'><strong>quoniam</strong></span> <span class='ocrx_word' id='word_1_30' title='bbox 1467 478 1498 534; x_wconf 93' lang='lat' dir='ltr'><strong>in</strong></span> <span class='ocrx_word' id='word_1_31' title='bbox 1510 479 1580 551; x_wconf 89' lang='lat' dir='ltr'><strong>lege</strong></span> <span class='ocrx_word' id='word_1_32' title='bbox 1590 477 1702 534; x_wconf 82' lang='lat' dir='ltr'><strong>divina</strong></span> <span class='ocrx_word' id='word_1_33' title='bbox 1712 476 1758 534; x_wconf 80' lang='lat' dir='ltr'><strong>vel</strong></span> <span class='ocrx_word' id='word_1_34' title='bbox 1768 478 1855 534; x_wconf 90' lang='lat' dir='ltr'><strong>omnis</strong></span> 
     </span>
     <span class='ocr_line' id='line_1_4' title="bbox 144 565 1855 642; baseline -0.005 -11"><span class='ocrx_word' id='word_1_35' title='bbox 144 574 233 631; x_wconf 90' lang='lat' dir='ltr'><strong>nibus</strong></span> <span class='ocrx_word' id='word_1_36' title='bbox 247 572 384 641; x_wconf 83' lang='lat' dir='ltr'><strong>vallatus,</strong></span> <span class='ocrx_word' id='word_1_37' title='bbox 399 587 466 627; x_wconf 88' lang='lat' dir='ltr'><strong>oum</strong></span> <span class='ocrx_word' id='word_1_38' title='bbox 483 570 606 627; x_wconf 85' lang='lat' dir='ltr'><strong>hiberna</strong></span> <span class='ocrx_word' id='word_1_39' title='bbox 620 574 716 626; x_wconf 86' lang='lat' dir='ltr'><strong>eastra</strong></span> <span class='ocrx_word' id='word_1_40' title='bbox 730 568 870 642; x_wconf 81' lang='lat' dir='ltr'><strong>gragatim</strong></span> <span class='ocrx_word' id='word_1_41' title='bbox 886 582 966 640; x_wconf 87' lang='lat' dir='ltr'><strong>egre·</strong></span> <span class='ocrx_word' id='word_1_42' title='bbox 1021 565 1064 622; x_wconf 84' lang='lat' dir='ltr'><strong>uel</strong></span> <span class='ocrx_word' id='word_1_43' title='bbox 1079 582 1152 638; x_wconf 89' lang='lat' dir='ltr'><strong>pene</strong></span> <span class='ocrx_word' id='word_1_44' title='bbox 1167 567 1263 623; x_wconf 87' lang='lat' dir='ltr'><strong>otnuia</strong></span> <span class='ocrx_word' id='word_1_45' title='bbox 1281 568 1434 624; x_wconf 80' lang='lat' dir='ltr'><strong>vorborum</strong></span> <span class='ocrx_word' id='word_1_46' title='bbox 1458 571 1559 624; x_wconf 87' lang='lat' dir='ltr'><strong>textus</strong></span> <span class='ocrx_word' id='word_1_47' title='bbox 1579 567 1659 625; x_wconf 84' lang='lat' dir='ltr'><strong>artis</strong></span> <span class='ocrx_word' id='word_1_48' title='bbox 1676 567 1803 624; x_wconf 88' lang='lat' dir='ltr'><strong>omuino</strong></span> <span class='ocrx_word' id='word_1_49' title='bbox 1817 584 1855 623; x_wconf 89' lang='lat' dir='ltr'><strong>rs·</strong></span> 
     </span>
     <span class='ocr_line' id='line_1_5' title="bbox 143 654 1884 731; baseline -0.006 -11"><span class='ocrx_word' id='word_1_50' title='bbox 143 664 224 720; x_wconf 90' lang='lat' dir='ltr'><strong>ditur</strong></span> <span class='ocrx_word' id='word_1_51' title='bbox 238 666 266 719; x_wconf 91' lang='lat' dir='ltr'><strong>et</strong></span> <span class='ocrx_word' id='word_1_52' title='bbox 281 678 352 719; x_wconf 85' lang='lat' dir='ltr'><strong>aava</strong></span> <span class='ocrx_word' id='word_1_53' title='bbox 375 660 508 731; x_wconf 87' lang='lat' dir='ltr'><strong>stipitum</strong></span> <span class='ocrx_word' id='word_1_54' title='bbox 522 659 626 716; x_wconf 91' lang='lat' dir='ltr'><strong>robora</strong></span> <span class='ocrx_word' id='word_1_55' title='bbox 642 660 775 726; x_wconf 87' lang='lat' dir='ltr'><strong>rimatur,</strong></span> <span class='ocrx_word' id='word_1_56' title='bbox 791 658 816 714; x_wconf 89' lang='lat' dir='ltr'><strong>si</strong></span> <span class='ocrx_word' id='word_1_57' title='bbox 831 655 967 728; x_wconf 85' lang='lat' dir='ltr'><strong>pulveru·</strong></span> <span class='ocrx_word' id='word_1_58' title='bbox 1019 655 1098 711; x_wconf 89' lang='lat' dir='ltr'><strong>tione</strong></span> <span class='ocrx_word' id='word_1_59' title='bbox 1112 655 1310 726; x_wconf 81' lang='lat' dir='ltr'><strong>grammatica</strong></span> <span class='ocrx_word' id='word_1_60' title='bbox 1325 654 1477 724; x_wconf 87' lang='lat' dir='ltr'><strong>consistit;</strong></span> <span class='ocrx_word' id='word_1_61' title='bbox 1492 659 1578 713; x_wconf 88' lang='lat' dir='ltr'><strong>tanto</strong></span> <span class='ocrx_word' id='word_1_62' title='bbox 1594 656 1744 728; x_wconf 83' lang='lat' dir='ltr'><strong>ejusdem</strong></span> <span class='ocrx_word' id='word_1_63' title='bbox 1760 655 1854 728; x_wconf 86' lang='lat' dir='ltr'><strong>eloquii</strong></span> <span class='ocrx_word' id='word_1_64' title='bbox 1877 714 1884 731; x_wconf 45' lang='grc'>1</span> 
     </span>
     <span class='ocr_line' id='line_1_6' title="bbox 143 744 1884 833; baseline -0.005 -22"><span class='ocrx_word' id='word_1_65' title='bbox 143 754 224 811; x_wconf 88' lang='lat' dir='ltr'><strong>lenta</strong></span> <span class='ocrx_word' id='word_1_66' title='bbox 239 750 367 809; x_wconf 80' lang='lat' dir='ltr'><strong>sablonis</strong></span> <span class='ocrx_word' id='word_1_67' title='bbox 379 751 531 823; x_wconf 84' lang='lat' dir='ltr'><strong>aspargine</strong></span> <span class='ocrx_word' id='word_1_68' title='bbox 542 749 726 823; x_wconf 77' lang='lat' dir='ltr'><strong>prepeditus,</strong></span> <span class='ocrx_word' id='word_1_69' title='bbox 743 764 794 805; x_wconf 87' lang='lat' dir='ltr'><strong>seu</strong></span> <span class='ocrx_word' id='word_1_70' title='bbox 809 746 968 818; x_wconf 89' lang='lat' dir='ltr'><strong>repentinis</strong></span> <span class='ocrx_word' id='word_1_71' title='bbox 1020 744 1110 801; x_wconf 85' lang='lat' dir='ltr'><strong>divini</strong></span> <span class='ocrx_word' id='word_1_72' title='bbox 1127 744 1372 816; x_wconf 81' lang='lat' dir='ltr'><strong>profundissimos</strong></span> <span class='ocrx_word' id='word_1_73' title='bbox 1396 749 1484 818; x_wconf 90' lang='lat' dir='ltr'><strong>atque</strong></span> <span class='ocrx_word' id='word_1_74' title='bbox 1504 745 1740 804; x_wconf 81' lang='lat' dir='ltr'><strong>saeratissimos</strong></span> <span class='ocrx_word' id='word_1_75' title='bbox 1762 763 1854 804; x_wconf 86' lang='lat' dir='ltr'><strong>sensus</strong></span> <span class='ocrx_word' id='word_1_76' title='bbox 1880 806 1884 833; x_wconf 55' lang='grc' dir='ltr'>Ι</span> 
     </span>
     <span class='ocr_line' id='line_1_7' title="bbox 144 834 1884 912; baseline -0.004 -13"><span class='ocrx_word' id='word_1_77' title='bbox 144 841 289 899; x_wconf 89' lang='lat' dir='ltr'><strong>imbribus</strong></span> <span class='ocrx_word' id='word_1_78' title='bbox 303 843 451 897; x_wconf 87' lang='lat' dir='ltr'><strong>astaraota</strong></span> <span class='ocrx_word' id='word_1_79' title='bbox 465 838 579 912; x_wconf 79' lang='lat' dir='ltr'><strong>Olympi</strong></span> <span class='ocrx_word' id='word_1_80' title='bbox 590 838 727 911; x_wconf 90' lang='lat' dir='ltr'><strong>guttatim</strong></span> <span class='ocrx_word' id='word_1_81' title='bbox 745 835 910 893; x_wconf 89' lang='lat' dir='ltr'><strong>rorantibus</strong></span> <span class='ocrx_word' id='word_1_82' title='bbox 926 851 968 892; x_wconf 87' lang='lat' dir='ltr'><strong>re·</strong></span> <span class='ocrx_word' id='word_1_83' title='bbox 1020 834 1133 890; x_wconf 83' lang='lat' dir='ltr'><strong>iuoilius</strong></span> <span class='ocrx_word' id='word_1_84' title='bbox 1158 834 1278 908; x_wconf 91' lang='lat' dir='ltr'><strong>legendo</strong></span> <span class='ocrx_word' id='word_1_85' title='bbox 1305 834 1461 908; x_wconf 81' lang='lat' dir='ltr'><strong>intelligas,</strong></span> <span class='ocrx_word' id='word_1_86' title='bbox 1487 841 1602 908; x_wconf 87' lang='lat' dir='ltr'><strong>quanto</strong></span> <span class='ocrx_word' id='word_1_87' title='bbox 1629 835 1722 892; x_wconf 86' lang='lat' dir='ltr'><strong>illius</strong></span> <span class='ocrx_word' id='word_1_88' title='bbox 1745 835 1853 892; x_wconf 88' lang='lat' dir='ltr'><strong>rationis</strong></span> <span class='ocrx_word' id='word_1_89' title='bbox 1881 842 1884 907; x_wconf 68' lang='grc' dir='ltr'><strong>ξ</strong></span> 
     </span>
     <span class='ocr_line' id='line_1_8' title="bbox 145 923 1852 1000; baseline -0.003 -13"><span class='ocrx_word' id='word_1_90' title='bbox 145 931 276 988; x_wconf 86' lang='lat' dir='ltr'><strong>tardatus</strong></span> <span class='ocrx_word' id='word_1_91' title='bbox 301 929 398 996; x_wconf 87' lang='lat' dir='ltr'><strong>luerit,</strong></span> <span class='ocrx_word' id='word_1_92' title='bbox 425 932 454 984; x_wconf 87' lang='lat' dir='ltr'><strong>et</strong></span> <span class='ocrx_word' id='word_1_93' title='bbox 481 928 516 984; x_wconf 88' lang='lat' dir='ltr'><strong>ad</strong></span> <span class='ocrx_word' id='word_1_94' title='bbox 542 931 654 1000; x_wconf 80' lang='lat' dir='ltr'><strong>gratam</strong></span> <span class='ocrx_word' id='word_1_95' title='bbox 679 928 784 983; x_wconf 85' lang='lat' dir='ltr'><strong>aretem</strong></span> <span class='ocrx_word' id='word_1_96' title='bbox 811 925 967 996; x_wconf 89' lang='lat' dir='ltr'><strong>sedemque</strong></span> <span class='ocrx_word' id='word_1_97' title='bbox 1020 940 1077 996; x_wconf 90' lang='lat' dir='ltr'><strong>qua</strong></span> <span class='ocrx_word' id='word_1_98' title='bbox 1091 923 1256 982; x_wconf 81' lang='lat' dir='ltr'><strong>contexitur</strong></span> <span class='ocrx_word' id='word_1_99' title='bbox 1270 923 1488 982; x_wconf 86' lang='lat' dir='ltr'><strong>diuersissimas</strong></span> <span class='ocrx_word' id='word_1_100' title='bbox 1502 925 1629 998; x_wconf 81' lang='lat' dir='ltr'><strong>regulas</strong></span> <span class='ocrx_word' id='word_1_101' title='bbox 1647 925 1774 998; x_wconf 86' lang='lat' dir='ltr'><strong>planius</strong></span> <span class='ocrx_word' id='word_1_102' title='bbox 1787 926 1852 982; x_wconf 90' lang='lat' dir='ltr'><strong>didi·</strong></span> 
     </span>
     <span class='ocr_line' id='line_1_9' title="bbox 144 1013 1850 1094; baseline -0.002 -18"><span class='ocrx_word' id='word_1_103' title='bbox 144 1019 299 1094; x_wconf 73' lang='lat' dir='ltr'><strong>pristinam</strong></span> <span class='ocrx_word' id='word_1_104' title='bbox 329 1021 506 1086; x_wconf 74' lang='lat' dir='ltr'><strong>revertatur3</strong></span> <span class='ocrx_word' id='word_1_105' title='bbox 536 1018 633 1074; x_wconf 90' lang='lat' dir='ltr'><strong>omnia</strong></span> <span class='ocrx_word' id='word_1_106' title='bbox 662 1015 793 1087; x_wconf 89' lang='lat' dir='ltr'><strong>protinus</strong></span> <span class='ocrx_word' id='word_1_107' title='bbox 823 1013 967 1070; x_wconf 84' lang='lat' dir='ltr'><strong>exercitus</strong></span> <span class='ocrx_word' id='word_1_108' title='bbox 1020 1014 1106 1071; x_wconf 86' lang='lat' dir='ltr'><strong>ueris.</strong></span> <span class='ocrx_word' id='word_1_109' title='bbox 1130 1016 1203 1071; x_wconf 79' lang='lat' dir='ltr'><strong>Ante</strong></span> <span class='ocrx_word' id='word_1_110' title='bbox 1226 1014 1302 1072; x_wconf 88' lang='lat' dir='ltr'><strong>hano</strong></span> <span class='ocrx_word' id='word_1_111' title='bbox 1326 1019 1423 1073; x_wconf 88' lang='lat' dir='ltr'><strong>aulem</strong></span> <span class='ocrx_word' id='word_1_112' title='bbox 1446 1017 1479 1089; x_wconf 91' lang='lat' dir='ltr'><strong>[l.</strong></span> <span class='ocrx_word' id='word_1_113' title='bbox 1503 1019 1576 1074; x_wconf 86' lang='lat' dir='ltr'><strong>ants</strong></span> <span class='ocrx_word' id='word_1_114' title='bbox 1599 1019 1634 1073; x_wconf 83' lang='lat' dir='ltr'><strong>te</strong></span> <span class='ocrx_word' id='word_1_115' title='bbox 1658 1016 1850 1087; x_wconf 76' lang='lat' dir='ltr'><strong>autembanej</strong></span> 
     </span>
     <span class='ocr_line' id='line_1_10' title="bbox 145 1102 1849 1180; baseline -0.002 -15"><span class='ocrx_word' id='word_1_116' title='bbox 145 1115 285 1167; x_wconf 84' lang='lat' dir='ltr'><strong>eonsueta</strong></span> <span class='ocrx_word' id='word_1_117' title='bbox 309 1109 455 1165; x_wconf 88' lang='lat' dir='ltr'><strong>vestibula</strong></span> <span class='ocrx_word' id='word_1_118' title='bbox 478 1125 683 1180; x_wconf 76' lang='lat' dir='ltr'><strong>perrumpens,</strong></span> <span class='ocrx_word' id='word_1_119' title='bbox 708 1109 805 1180; x_wconf 85' lang='lat' dir='ltr'><strong>prisea</strong></span> <span class='ocrx_word' id='word_1_120' title='bbox 823 1106 966 1164; x_wconf 81' lang='lat' dir='ltr'><strong>cellarum</strong></span> <span class='ocrx_word' id='word_1_121' title='bbox 1019 1102 1174 1176; x_wconf 86' lang='lat' dir='ltr'><strong>epistolam</strong></span> <span class='ocrx_word' id='word_1_122' title='bbox 1194 1104 1307 1176; x_wconf 79' lang='lat' dir='ltr'><strong>Jugiter</strong></span> <span class='ocrx_word' id='word_1_123' title='bbox 1327 1105 1403 1162; x_wconf 89' lang='lat' dir='ltr'><strong>inter</strong></span> <span class='ocrx_word' id='word_1_124' title='bbox 1423 1108 1543 1163; x_wconf 82' lang='lat' dir='ltr'><strong>oaeteros</strong></span> <span class='ocrx_word' id='word_1_125' title='bbox 1564 1121 1649 1178; x_wconf 89' lang='lat' dir='ltr'><strong>quos</strong></span> <span class='ocrx_word' id='word_1_126' title='bbox 1674 1104 1752 1176; x_wconf 83' lang='lat' dir='ltr'><strong>legis</strong></span> <span class='ocrx_word' id='word_1_127' title='bbox 1775 1104 1849 1162; x_wconf 87' lang='lat' dir='ltr'><strong>libros</strong></span> 
     </span>
     <span class='ocr_line' id='line_1_11' title="bbox 98 1190 1847 1271; baseline -0.003 -16"><span class='ocrx_word' id='word_1_128' title='bbox 98 1246 103 1263; x_wconf 89' lang='lat'><strong>,</strong></span> <span class='ocrx_word' id='word_1_129' title='bbox 145 1194 966 1271; x_wconf 65' lang='lat' dir='ltr'><strong>elaustragratulabundusingreditur.»litpoataliamsi</strong></span> <span class='ocrx_word' id='word_1_130' title='bbox 1021 1190 1126 1249; x_wconf 88' lang='lat' dir='ltr'><strong>babere</strong></span> <span class='ocrx_word' id='word_1_131' title='bbox 1142 1209 1199 1250; x_wconf 93' lang='lat' dir='ltr'><strong>uon</strong></span> <span class='ocrx_word' id='word_1_132' title='bbox 1215 1193 1353 1263; x_wconf 87' lang='lat' dir='ltr'><strong>omittas;</strong></span> <span class='ocrx_word' id='word_1_133' title='bbox 1374 1197 1408 1250; x_wconf 89' lang='lat' dir='ltr'><strong>ut</strong></span> <span class='ocrx_word' id='word_1_134' title='bbox 1419 1195 1556 1252; x_wconf 84' lang='lat' dir='ltr'><strong>videlieet</strong></span> <span class='ocrx_word' id='word_1_135' title='bbox 1570 1196 1643 1266; x_wconf 81' lang='lat' dir='ltr'><strong>ejus</strong></span> <span class='ocrx_word' id='word_1_136' title='bbox 1660 1194 1847 1251; x_wconf 87' lang='lat' dir='ltr'><strong>leotionaere·</strong></span> 
     </span>
     <span class='ocr_line' id='line_1_12' title="bbox 145 1281 1847 1361; baseline -0.005 -15"><span class='ocrx_word' id='word_1_137' title='bbox 145 1304 214 1361; x_wconf 89' lang='lat' dir='ltr'><strong>ergo</strong></span> <span class='ocrx_word' id='word_1_138' title='bbox 229 1288 326 1345; x_wconf 89' lang='lat' dir='ltr'><strong>taliter</strong></span> <span class='ocrx_word' id='word_1_139' title='bbox 349 1293 482 1345; x_wconf 85' lang='lat' dir='ltr'><strong>ereatura</strong></span> <span class='ocrx_word' id='word_1_140' title='bbox 506 1287 640 1359; x_wconf 89' lang='lat' dir='ltr'><strong>[ratione]</strong></span> <span class='ocrx_word' id='word_1_141' title='bbox 666 1303 777 1352; x_wconf 87' lang='lat' dir='ltr'><strong>careus,</strong></span> <span class='ocrx_word' id='word_1_142' title='bbox 801 1300 890 1358; x_wconf 89' lang='lat' dir='ltr'><strong>quam</strong></span> <span class='ocrx_word' id='word_1_143' title='bbox 910 1285 967 1342; x_wconf 85' lang='lat' dir='ltr'><strong>uita</strong></span> <span class='ocrx_word' id='word_1_144' title='bbox 1020 1281 1147 1339; x_wconf 89' lang='lat' dir='ltr'><strong>berrima</strong></span> <span class='ocrx_word' id='word_1_145' title='bbox 1162 1283 1198 1340; x_wconf 91' lang='lat' dir='ltr'><strong>de</strong></span> <span class='ocrx_word' id='word_1_146' title='bbox 1212 1282 1259 1340; x_wconf 93' lang='lat' dir='ltr'><strong>bis</strong></span> <span class='ocrx_word' id='word_1_147' title='bbox 1274 1299 1337 1352; x_wconf 83' lang='lat' dir='ltr'><strong>qua</strong></span> <span class='ocrx_word' id='word_1_148' title='bbox 1353 1283 1383 1340; x_wconf 91' lang='lat' dir='ltr'><strong>in</strong></span> <span class='ocrx_word' id='word_1_149' title='bbox 1398 1298 1433 1340; x_wconf 90' lang='lat' dir='ltr'><strong>ea</strong></span> <span class='ocrx_word' id='word_1_150' title='bbox 1453 1283 1568 1354; x_wconf 88' lang='lat' dir='ltr'><strong>suripta</strong></span> <span class='ocrx_word' id='word_1_151' title='bbox 1590 1288 1686 1354; x_wconf 88' lang='lat' dir='ltr'><strong>sunt,</strong></span> <span class='ocrx_word' id='word_1_152' title='bbox 1708 1282 1847 1355; x_wconf 72' lang='lat' dir='ltr'><strong>implendis</strong></span> 
     </span>
     <span class='ocr_line' id='line_1_13' title="bbox 145 1371 1582 1450; baseline -0.003 -16"><span class='ocrx_word' id='word_1_153' title='bbox 145 1379 197 1450; x_wconf 89' lang='lat' dir='ltr'><strong>[et]</strong></span> <span class='ocrx_word' id='word_1_154' title='bbox 218 1383 323 1434; x_wconf 88' lang='lat' dir='ltr'><strong>natura</strong></span> <span class='ocrx_word' id='word_1_155' title='bbox 344 1377 438 1433; x_wconf 86' lang='lat' dir='ltr'><strong>indita</strong></span> <span class='ocrx_word' id='word_1_156' title='bbox 460 1377 572 1447; x_wconf 91' lang='lat' dir='ltr'><strong>absque</strong></span> <span class='ocrx_word' id='word_1_157' title='bbox 594 1375 709 1447; x_wconf 87' lang='lat' dir='ltr'><strong>legibus</strong></span> <span class='ocrx_word' id='word_1_158' title='bbox 731 1375 847 1448; x_wconf 84' lang='lat' dir='ltr'><strong>seriptis</strong></span> <span class='ocrx_word' id='word_1_159' title='bbox 861 1373 968 1446; x_wconf 91' lang='lat' dir='ltr'><strong>guber-</strong></span> <span class='ocrx_word' id='word_1_160' title='bbox 1021 1387 1087 1428; x_wconf 88' lang='lat' dir='ltr'><strong>mea</strong></span> <span class='ocrx_word' id='word_1_161' title='bbox 1099 1371 1160 1428; x_wconf 87' lang='lat' dir='ltr'><strong>vioe</strong></span> <span class='ocrx_word' id='word_1_162' title='bbox 1175 1373 1270 1444; x_wconf 88' lang='lat' dir='ltr'><strong>possis</strong></span> <span class='ocrx_word' id='word_1_163' title='bbox 1285 1373 1447 1430; x_wconf 78' lang='lat' dir='ltr'><strong>admoneri.</strong></span> <span class='ocrx_word' id='word_1_164' title='bbox 1463 1372 1547 1430; x_wconf 87' lang='lat' dir='ltr'><strong>Vale.</strong></span> <span class='ocrx_word' id='word_1_165' title='bbox 1565 1393 1582 1422; x_wconf 68' lang='lat' dir='ltr'><strong>a</strong></span> 
     </span>
     <span class='ocr_line' id='line_1_14' title="bbox 144 1460 1845 1538; baseline -0.002 -16"><span class='ocrx_word' id='word_1_166' title='bbox 144 1472 226 1535; x_wconf 90' lang='lat' dir='ltr'><strong>nant,</strong></span> <span class='ocrx_word' id='word_1_167' title='bbox 243 1464 398 1538; x_wconf 77' lang='lat' dir='ltr'><strong>reciprocis</strong></span> <span class='ocrx_word' id='word_1_168' title='bbox 412 1472 575 1536; x_wconf 89' lang='lat' dir='ltr'><strong>temporum</strong></span> <span class='ocrx_word' id='word_1_169' title='bbox 588 1465 823 1522; x_wconf 88' lang='lat' dir='ltr'><strong>suoeeasionibus</strong></span> <span class='ocrx_word' id='word_1_170' title='bbox 838 1462 968 1520; x_wconf 81' lang='lat' dir='ltr'><strong>ductoria</strong></span> <span class='ocrx_word' id='word_1_171' title='bbox 1056 1462 1217 1518; x_wconf 81' lang='lat' dir='ltr'><strong>Aoutinam</strong></span> <span class='ocrx_word' id='word_1_172' title='bbox 1228 1461 1384 1519; x_wconf 83' lang='lat' dir='ltr'><strong>haoleotio</strong></span> <span class='ocrx_word' id='word_1_173' title='bbox 1394 1461 1627 1531; x_wconf 75' lang='lat' dir='ltr'><strong>monachorum,</strong></span> <span class='ocrx_word' id='word_1_174' title='bbox 1641 1460 1845 1535; x_wconf 71' lang='lat' dir='ltr'><strong>quisaaldbel·</strong></span> 
     </span>
     <span class='ocr_line' id='line_1_15' title="bbox 144 1548 1846 1629; baseline -0.003 -18"><span class='ocrx_word' id='word_1_175' title='bbox 144 1560 289 1629; x_wconf 84' lang='lat' dir='ltr'><strong>praeopto</strong></span> <span class='ocrx_word' id='word_1_176' title='bbox 314 1557 414 1625; x_wconf 90' lang='lat' dir='ltr'><strong>paret;</strong></span> <span class='ocrx_word' id='word_1_177' title='bbox 444 1554 629 1625; x_wconf 89' lang='lat' dir='ltr'><strong>respondete,</strong></span> <span class='ocrx_word' id='word_1_178' title='bbox 654 1569 734 1626; x_wconf 91' lang='lat' dir='ltr'><strong>rogo,</strong></span> <span class='ocrx_word' id='word_1_179' title='bbox 761 1557 859 1609; x_wconf 88' lang='lat' dir='ltr'><strong>uirum</strong></span> <span class='ocrx_word' id='word_1_180' title='bbox 883 1551 966 1623; x_wconf 89' lang='lat' dir='ltr'><strong>[non]</strong></span> <span class='ocrx_word' id='word_1_181' title='bbox 1022 1548 1064 1605; x_wconf 91' lang='lat' dir='ltr'><strong>mi</strong></span> <span class='ocrx_word' id='word_1_182' title='bbox 1079 1550 1846 1623; x_wconf 80' lang='lat' dir='ltr'><strong>diaoipuloaprofiteatur,oonieratoompeudio,pru</strong></span> 
     </span>
     <span class='ocr_line' id='line_1_16' title="bbox 145 1637 1846 1714; baseline -0.003 -15"><span class='ocrx_word' id='word_1_183' title='bbox 145 1643 296 1699; x_wconf 85' lang='lat' dir='ltr'><strong>horrenda</strong></span> <span class='ocrx_word' id='word_1_184' title='bbox 312 1642 673 1699; x_wconf 85' lang='lat' dir='ltr'><strong>abominationisiniamia</strong></span> <span class='ocrx_word' id='word_1_185' title='bbox 688 1642 744 1698; x_wconf 90' lang='lat' dir='ltr'><strong>sint</strong></span> <span class='ocrx_word' id='word_1_186' title='bbox 760 1640 967 1714; x_wconf 88' lang='lat' dir='ltr'><strong>exprobrandi,</strong></span> <span class='ocrx_word' id='word_1_187' title='bbox 1023 1637 1100 1695; x_wconf 78' lang='lat' dir='ltr'><strong>ficiat</strong></span> <span class='ocrx_word' id='word_1_188' title='bbox 1124 1639 1296 1708; x_wconf 72' lang='lat' dir='ltr'><strong>dommodoq</strong></span> <span class='ocrx_word' id='word_1_189' title='bbox 1321 1643 1352 1695; x_wconf 94' lang='lat' dir='ltr'><strong>ut</strong></span> <span class='ocrx_word' id='word_1_190' title='bbox 1381 1639 1500 1695; x_wconf 87' lang='lat' dir='ltr'><strong>taudem</strong></span> <span class='ocrx_word' id='word_1_191' title='bbox 1525 1638 1688 1711; x_wconf 85' lang='lat' dir='ltr'><strong>despeotis</strong></span> <span class='ocrx_word' id='word_1_192' title='bbox 1710 1638 1846 1701; x_wconf 88' lang='lat' dir='ltr'><strong>illeoebris,</strong></span> 
     </span>
     <span class='ocr_line' id='line_1_17' title="bbox 146 1696 1845 1804; baseline -0.002 -17"><span class='ocrx_word' id='word_1_193' title='bbox 146 1731 195 1804; x_wconf 92' lang='lat' dir='ltr'><strong>qui</strong></span> <span class='ocrx_word' id='word_1_194' title='bbox 218 1746 357 1788; x_wconf 86' lang='lat' dir='ltr'><strong>ounoesaa</strong></span> <span class='ocrx_word' id='word_1_195' title='bbox 380 1730 559 1802; x_wconf 82' lang='lat' dir='ltr'><strong>septiformis</strong></span> <span class='ocrx_word' id='word_1_196' title='bbox 584 1730 710 1804; x_wconf 76' lang='lat' dir='ltr'><strong>Spiritus</strong></span> <span class='ocrx_word' id='word_1_197' title='bbox 734 1731 828 1804; x_wconf 90' lang='lat' dir='ltr'><strong>gratia</strong></span> <span class='ocrx_word' id='word_1_198' title='bbox 843 1728 967 1802; x_wconf 77' lang='lat' dir='ltr'><strong>prediti,</strong></span> <span class='ocrx_word' id='word_1_199' title='bbox 983 1696 1007 1762; x_wconf 75' lang='grc' dir='ltr'><strong>Β</strong></span> <span class='ocrx_word' id='word_1_200' title='bbox 1024 1728 1191 1785; x_wconf 85' lang='lat' dir='ltr'><strong>sanctitatis</strong></span> <span class='ocrx_word' id='word_1_201' title='bbox 1215 1733 1244 1785; x_wconf 89' lang='lat' dir='ltr'><strong>et</strong></span> <span class='ocrx_word' id='word_1_202' title='bbox 1267 1728 1404 1786; x_wconf 78' lang='lat' dir='ltr'><strong>doctrina</strong></span> <span class='ocrx_word' id='word_1_203' title='bbox 1433 1730 1496 1800; x_wconf 86' lang='lat' dir='ltr'><strong>ejus</strong></span> <span class='ocrx_word' id='word_1_204' title='bbox 1520 1728 1704 1785; x_wconf 83' lang='lat' dir='ltr'><strong>innitantur</strong></span> <span class='ocrx_word' id='word_1_205' title='bbox 1726 1728 1845 1800; x_wconf 61' lang='lat' dir='ltr'><strong>resumis</strong></span> 
     </span>
     <span class='ocr_line' id='line_1_18' title="bbox 146 1815 1847 1892; baseline -0.004 -13"><span class='ocrx_word' id='word_1_206' title='bbox 146 1821 253 1879; x_wconf 82' lang='lat' dir='ltr'><strong>deuote</strong></span> <span class='ocrx_word' id='word_1_207' title='bbox 266 1819 456 1892; x_wconf 82' lang='lat' dir='ltr'><strong>subjectionis</strong></span> <span class='ocrx_word' id='word_1_208' title='bbox 471 1820 551 1876; x_wconf 86' lang='lat' dir='ltr'><strong>irena</strong></span> <span class='ocrx_word' id='word_1_209' title='bbox 566 1820 623 1876; x_wconf 88' lang='lat' dir='ltr'><strong>ritu</strong></span> <span class='ocrx_word' id='word_1_210' title='bbox 639 1820 805 1892; x_wconf 87' lang='lat' dir='ltr'><strong>phrenetico</strong></span> <span class='ocrx_word' id='word_1_211' title='bbox 820 1820 968 1891; x_wconf 82' lang='lat' dir='ltr'><strong>inungunt.</strong></span> <span class='ocrx_word' id='word_1_212' title='bbox 1023 1815 1094 1872; x_wconf 89' lang='lat' dir='ltr'><strong>Nam</strong></span> <span class='ocrx_word' id='word_1_213' title='bbox 1107 1816 1208 1889; x_wconf 90' lang='lat' dir='ltr'><strong>proeul</strong></span> <span class='ocrx_word' id='word_1_214' title='bbox 1219 1819 1307 1877; x_wconf 91' lang='lat' dir='ltr'><strong>dubio</strong></span> <span class='ocrx_word' id='word_1_215' title='bbox 1322 1834 1475 1892; x_wconf 91' lang='lat' dir='ltr'><strong>nunquam</strong></span> <span class='ocrx_word' id='word_1_216' title='bbox 1487 1819 1554 1890; x_wconf 75' lang='lat' dir='ltr'><strong>ejus</strong></span> <span class='ocrx_word' id='word_1_217' title='bbox 1569 1818 1847 1877; x_wconf 88' lang='lat' dir='ltr'><strong>evellerenturiusii·</strong></span> 
     </span>
     <span class='ocr_line' id='line_1_19' title="bbox 146 1906 1846 1979; baseline -0.002 -13"><span class='ocrx_word' id='word_1_218' title='bbox 146 1913 203 1966; x_wconf 84' lang='lat' dir='ltr'><strong>Cur</strong></span> <span class='ocrx_word' id='word_1_219' title='bbox 217 1913 314 1966; x_wconf 89' lang='lat' dir='ltr'><strong>autam</strong></span> <span class='ocrx_word' id='word_1_220' title='bbox 332 1910 513 1968; x_wconf 88' lang='lat' dir='ltr'><strong>diversarum</strong></span> <span class='ocrx_word' id='word_1_221' title='bbox 530 1925 626 1966; x_wconf 91' lang='lat' dir='ltr'><strong>rerum</strong></span> <span class='ocrx_word' id='word_1_222' title='bbox 648 1909 882 1967; x_wconf 89' lang='lat' dir='ltr'><strong>ratiooinationes</strong></span> <span class='ocrx_word' id='word_1_223' title='bbox 897 1923 968 1963; x_wconf 87' lang='lat' dir='ltr'><strong>oon·</strong></span> <span class='ocrx_word' id='word_1_224' title='bbox 1022 1908 1104 1962; x_wconf 87' lang='lat' dir='ltr'><strong>tuta:</strong></span> <span class='ocrx_word' id='word_1_225' title='bbox 1120 1906 1177 1962; x_wconf 89' lang='lat' dir='ltr'><strong>nisi</strong></span> <span class='ocrx_word' id='word_1_226' title='bbox 1189 1907 1530 1978; x_wconf 84' lang='lat' dir='ltr'><strong>transgrederemurejus</strong></span> <span class='ocrx_word' id='word_1_227' title='bbox 1546 1908 1710 1965; x_wconf 86' lang='lat' dir='ltr'><strong>mandata.</strong></span> <span class='ocrx_word' id='word_1_228' title='bbox 1722 1908 1777 1964; x_wconf 79' lang='lat' dir='ltr'><strong>sed</strong></span> <span class='ocrx_word' id='word_1_229' title='bbox 1791 1909 1846 1979; x_wconf 91' lang='lat' dir='ltr'><strong>quis</strong></span> 
     </span>
     <span class='ocr_line' id='line_1_20' title="bbox 145 1993 1847 2071; baseline -0.001 -17"><span class='ocrx_word' id='word_1_230' title='bbox 145 1999 279 2071; x_wconf 87' lang='lat' dir='ltr'><strong>globans,</strong></span> <span class='ocrx_word' id='word_1_231' title='bbox 304 2000 341 2055; x_wconf 91' lang='lat' dir='ltr'><strong>ad</strong></span> <span class='ocrx_word' id='word_1_232' title='bbox 365 1997 534 2071; x_wconf 89' lang='lat' dir='ltr'><strong>instiganda</strong></span> <span class='ocrx_word' id='word_1_233' title='bbox 557 1999 643 2056; x_wconf 86' lang='lat' dir='ltr'><strong>vestri</strong></span> <span class='ocrx_word' id='word_1_234' title='bbox 668 1998 791 2071; x_wconf 80' lang='lat' dir='ltr'><strong>pectoris</strong></span> <span class='ocrx_word' id='word_1_235' title='bbox 813 1995 971 2071; x_wconf 76' lang='lat' dir='ltr'><strong>praeordia</strong></span> <span class='ocrx_word' id='word_1_236' title='bbox 1023 1993 1053 2050; x_wconf 91' lang='lat' dir='ltr'><strong>in</strong></span> <span class='ocrx_word' id='word_1_237' title='bbox 1068 2010 1136 2052; x_wconf 90' lang='lat' dir='ltr'><strong>eum</strong></span> <span class='ocrx_word' id='word_1_238' title='bbox 1152 1996 1343 2068; x_wconf 86' lang='lat' dir='ltr'><strong>deliquimus,</strong></span> <span class='ocrx_word' id='word_1_239' title='bbox 1359 1996 1462 2055; x_wconf 89' lang='lat' dir='ltr'><strong>morito</strong></span> <span class='ocrx_word' id='word_1_240' title='bbox 1477 1997 1655 2070; x_wconf 87' lang='lat' dir='ltr'><strong>pleutimur.</strong></span> <span class='ocrx_word' id='word_1_241' title='bbox 1671 2001 1740 2070; x_wconf 89' lang='lat' dir='ltr'><strong>lpse</strong></span> <span class='ocrx_word' id='word_1_242' title='bbox 1755 1997 1847 2053; x_wconf 81' lang='lat' dir='ltr'><strong>interes</strong></span> 
     </span>
     <span class='ocr_line' id='line_1_21' title="bbox 146 2082 1845 2159; baseline -0.003 -14"><span class='ocrx_word' id='word_1_243' title='bbox 146 2087 287 2145; x_wconf 79' lang='lat' dir='ltr'><strong>stridonis</strong></span> <span class='ocrx_word' id='word_1_244' title='bbox 301 2086 414 2145; x_wconf 86' lang='lat' dir='ltr'><strong>calamo</strong></span> <span class='ocrx_word' id='word_1_245' title='bbox 431 2104 609 2159; x_wconf 81' lang='lat' dir='ltr'><strong>percurram,</strong></span> <span class='ocrx_word' id='word_1_246' title='bbox 630 2089 738 2145; x_wconf 86' lang='lat' dir='ltr'><strong>audite.</strong></span> <span class='ocrx_word' id='word_1_247' title='bbox 758 2087 830 2144; x_wconf 82' lang='lat' dir='ltr'><strong>ileos</strong></span> <span class='ocrx_word' id='word_1_248' title='bbox 851 2085 969 2142; x_wconf 83' lang='lat' dir='ltr'><strong>saeuia-</strong></span> <span class='ocrx_word' id='word_1_249' title='bbox 1024 2082 1109 2154; x_wconf 88' lang='lat' dir='ltr'><strong>quasi</strong></span> <span class='ocrx_word' id='word_1_250' title='bbox 1125 2084 1235 2140; x_wconf 87' lang='lat' dir='ltr'><strong>neseiat</strong></span> <span class='ocrx_word' id='word_1_251' title='bbox 1259 2089 1345 2154; x_wconf 88' lang='lat' dir='ltr'><strong>tacet,</strong></span> <span class='ocrx_word' id='word_1_252' title='bbox 1369 2084 1541 2142; x_wconf 88' lang='lat' dir='ltr'><strong>dissimulat</strong></span> <span class='ocrx_word' id='word_1_253' title='bbox 1561 2087 1654 2158; x_wconf 87' lang='lat' dir='ltr'><strong>quasi</strong></span> <span class='ocrx_word' id='word_1_254' title='bbox 1672 2102 1736 2143; x_wconf 90' lang='lat' dir='ltr'><strong>non</strong></span> <span class='ocrx_word' id='word_1_255' title='bbox 1751 2086 1845 2151; x_wconf 82' lang='lat' dir='ltr'><strong>uidast;</strong></span> 
     </span>
     <span class='ocr_line' id='line_1_22' title="bbox 146 2172 1846 2248; baseline -0.002 -14"><span class='ocrx_word' id='word_1_256' title='bbox 146 2194 193 2234; x_wconf 89' lang='lat' dir='ltr'><strong>res</strong></span> <span class='ocrx_word' id='word_1_257' title='bbox 205 2178 309 2234; x_wconf 84' lang='lat' dir='ltr'><strong>diuina</strong></span> <span class='ocrx_word' id='word_1_258' title='bbox 324 2177 453 2234; x_wconf 84' lang='lat' dir='ltr'><strong>solantia</strong></span> <span class='ocrx_word' id='word_1_259' title='bbox 468 2181 608 2245; x_wconf 89' lang='lat' dir='ltr'><strong>extorres,</strong></span> <span class='ocrx_word' id='word_1_260' title='bbox 622 2178 647 2234; x_wconf 92' lang='lat' dir='ltr'><strong>ai</strong></span> <span class='ocrx_word' id='word_1_261' title='bbox 663 2178 796 2234; x_wconf 88' lang='lat' dir='ltr'><strong>dovotum</strong></span> <span class='ocrx_word' id='word_1_262' title='bbox 816 2176 969 2233; x_wconf 89' lang='lat' dir='ltr'><strong>dominum</strong></span> <span class='ocrx_word' id='word_1_263' title='bbox 1024 2172 1094 2229; x_wconf 92' lang='lat' dir='ltr'><strong>dum</strong></span> <span class='ocrx_word' id='word_1_264' title='bbox 1106 2189 1159 2229; x_wconf 91' lang='lat' dir='ltr'><strong>nos</strong></span> <span class='ocrx_word' id='word_1_265' title='bbox 1171 2173 1336 2230; x_wconf 83' lang='lat' dir='ltr'><strong>volutamur</strong></span> <span class='ocrx_word' id='word_1_266' title='bbox 1346 2174 1375 2232; x_wconf 92' lang='lat' dir='ltr'><strong>in</strong></span> <span class='ocrx_word' id='word_1_267' title='bbox 1387 2174 1540 2246; x_wconf 84' lang='lat' dir='ltr'><strong>periculis:</strong></span> <span class='ocrx_word' id='word_1_268' title='bbox 1553 2174 1631 2232; x_wconf 90' lang='lat' dir='ltr'><strong>dum</strong></span> <span class='ocrx_word' id='word_1_269' title='bbox 1645 2174 1846 2248; x_wconf 75' lang='lat' dir='ltr'><strong>privilegiam</strong></span> 
     </span>
     <span class='ocr_line' id='line_1_23' title="bbox 147 2260 1845 2339; baseline -0.001 -18"><span class='ocrx_word' id='word_1_270' title='bbox 147 2282 235 2338; x_wconf 89' lang='lat' dir='ltr'><strong>quem</strong></span> <span class='ocrx_word' id='word_1_271' title='bbox 250 2267 280 2322; x_wconf 91' lang='lat' dir='ltr'><strong>in</strong></span> <span class='ocrx_word' id='word_1_272' title='bbox 292 2268 484 2339; x_wconf 80' lang='lat' dir='ltr'><strong>prosperitate</strong></span> <span class='ocrx_word' id='word_1_273' title='bbox 497 2266 670 2336; x_wconf 87' lang='lat' dir='ltr'><strong>dilexerunt,</strong></span> <span class='ocrx_word' id='word_1_274' title='bbox 681 2273 813 2324; x_wconf 82' lang='lat' dir='ltr'><strong>cessante</strong></span> <span class='ocrx_word' id='word_1_275' title='bbox 826 2263 971 2321; x_wconf 88' lang='lat' dir='ltr'><strong>ielioitatis</strong></span> <span class='ocrx_word' id='word_1_276' title='bbox 1025 2260 1195 2319; x_wconf 87' lang='lat' dir='ltr'><strong>deridentur</strong></span> <span class='ocrx_word' id='word_1_277' title='bbox 1209 2280 1226 2319; x_wconf 87' lang='lat' dir='ltr'><strong>a</strong></span> <span class='ocrx_word' id='word_1_278' title='bbox 1238 2264 1396 2335; x_wconf 87' lang='lat' dir='ltr'><strong>seditiosis,</strong></span> <span class='ocrx_word' id='word_1_279' title='bbox 1416 2265 1487 2321; x_wconf 92' lang='lat' dir='ltr'><strong>dum</strong></span> <span class='ocrx_word' id='word_1_280' title='bbox 1507 2263 1668 2321; x_wconf 67' lang='lat' dir='ltr'><strong>emantur</strong></span> <span class='ocrx_word' id='word_1_281' title='bbox 1683 2281 1703 2321; x_wconf 87' lang='lat' dir='ltr'><strong>a</strong></span> <span class='ocrx_word' id='word_1_282' title='bbox 1717 2264 1845 2338; x_wconf 81' lang='lat' dir='ltr'><strong>tyrannis</strong></span> 
     </span>
     <span class='ocr_line' id='line_1_24' title="bbox 147 2351 1846 2429; baseline -0.002 -15"><span class='ocrx_word' id='word_1_283' title='bbox 147 2354 307 2429; x_wconf 88' lang='lat' dir='ltr'><strong>opulentia,</strong></span> <span class='ocrx_word' id='word_1_284' title='bbox 337 2360 366 2410; x_wconf 90' lang='lat' dir='ltr'><strong>et</strong></span> <span class='ocrx_word' id='word_1_285' title='bbox 394 2355 544 2426; x_wconf 82' lang='lat' dir='ltr'><strong>ingruente</strong></span> <span class='ocrx_word' id='word_1_286' title='bbox 577 2354 754 2413; x_wconf 77' lang='lat' dir='ltr'><strong>calamitatis</strong></span> <span class='ocrx_word' id='word_1_287' title='bbox 783 2354 971 2424; x_wconf 87' lang='lat' dir='ltr'><strong>adversitate,</strong></span> <span class='ocrx_word' id='word_1_288' title='bbox 1025 2351 1081 2408; x_wconf 86' lang='lat' dir='ltr'><strong>Sed</strong></span> <span class='ocrx_word' id='word_1_289' title='bbox 1098 2357 1275 2409; x_wconf 86' lang='lat' dir='ltr'><strong>revertamur</strong></span> <span class='ocrx_word' id='word_1_290' title='bbox 1294 2351 1418 2412; x_wconf 83' lang='lat' dir='ltr'><strong>velsero</strong></span> <span class='ocrx_word' id='word_1_291' title='bbox 1438 2355 1474 2410; x_wconf 87' lang='lat' dir='ltr'><strong>ad</strong></span> <span class='ocrx_word' id='word_1_292' title='bbox 1492 2369 1561 2423; x_wconf 88' lang='lat' dir='ltr'><strong>oor;</strong></span> <span class='ocrx_word' id='word_1_293' title='bbox 1585 2359 1624 2411; x_wconf 88' lang='lat' dir='ltr'><strong>ut</strong></span> <span class='ocrx_word' id='word_1_294' title='bbox 1647 2353 1846 2412; x_wconf 85' lang='lat' dir='ltr'><strong>lamuloasuos</strong></span> 
     </span>
     <span class='ocr_line' id='line_1_25' title="bbox 147 2439 1845 2517; baseline -0.001 -15"><span class='ocrx_word' id='word_1_295' title='bbox 147 2443 340 2512; x_wconf 84' lang='lat' dir='ltr'><strong>deseruerint,</strong></span> <span class='ocrx_word' id='word_1_296' title='bbox 352 2443 402 2517; x_wconf 86' lang='lat' dir='ltr'><strong>[et]</strong></span> <span class='ocrx_word' id='word_1_297' title='bbox 414 2459 514 2501; x_wconf 89' lang='lat' dir='ltr'><strong>aeoura</strong></span> <span class='ocrx_word' id='word_1_298' title='bbox 525 2442 620 2500; x_wconf 90' lang='lat' dir='ltr'><strong>duloia</strong></span> <span class='ocrx_word' id='word_1_299' title='bbox 631 2444 730 2515; x_wconf 83' lang='lat' dir='ltr'><strong>patria</strong></span> <span class='ocrx_word' id='word_1_300' title='bbox 741 2443 972 2501; x_wconf 88' lang='lat' dir='ltr'><strong>otiaaxsulantis</strong></span> <span class='ocrx_word' id='word_1_301' title='bbox 1026 2439 1127 2496; x_wconf 89' lang='lat' dir='ltr'><strong>multis</strong></span> <span class='ocrx_word' id='word_1_302' title='bbox 1138 2441 1199 2512; x_wconf 86' lang='lat' dir='ltr'><strong>jam</strong></span> <span class='ocrx_word' id='word_1_303' title='bbox 1217 2441 1354 2513; x_wconf 87' lang='lat' dir='ltr'><strong>perieulis</strong></span> <span class='ocrx_word' id='word_1_304' title='bbox 1372 2443 1510 2514; x_wconf 73' lang='lat' dir='ltr'><strong>jactatos,</strong></span> <span class='ocrx_word' id='word_1_305' title='bbox 1525 2441 1615 2500; x_wconf 85' lang='lat' dir='ltr'><strong>oculo</strong></span> <span class='ocrx_word' id='word_1_306' title='bbox 1631 2442 1759 2515; x_wconf 89' lang='lat' dir='ltr'><strong>pietatis</strong></span> <span class='ocrx_word' id='word_1_307' title='bbox 1772 2442 1845 2514; x_wconf 82' lang='lat' dir='ltr'><strong>respi-</strong></span> 
     </span>
     <span class='ocr_line' id='line_1_26' title="bbox 148 2529 1526 2606; baseline -0.003 -14"><span class='ocrx_word' id='word_1_308' title='bbox 148 2534 261 2592; x_wconf 90' lang='lat' dir='ltr'><strong>domini</strong></span> <span class='ocrx_word' id='word_1_309' title='bbox 283 2549 427 2606; x_wconf 84' lang='lat' dir='ltr'><strong>pressura</strong></span> <span class='ocrx_word' id='word_1_310' title='bbox 446 2533 645 2604; x_wconf 82' lang='lat' dir='ltr'><strong>praetulerint:</strong></span> <span class='ocrx_word' id='word_1_311' title='bbox 667 2532 768 2589; x_wconf 89' lang='lat' dir='ltr'><strong>Nonne</strong></span> <span class='ocrx_word' id='word_1_312' title='bbox 785 2532 972 2590; x_wconf 77' lang='lat' dir='ltr'><strong>exsecrabilis</strong></span> <span class='ocrx_word' id='word_1_313' title='bbox 1025 2529 1093 2597; x_wconf 88' lang='lat' dir='ltr'><strong>aiat,</strong></span> <span class='ocrx_word' id='word_1_314' title='bbox 1106 2530 1175 2586; x_wconf 90' lang='lat' dir='ltr'><strong>sinu</strong></span> <span class='ocrx_word' id='word_1_315' title='bbox 1189 2530 1350 2588; x_wconf 77' lang='lat' dir='ltr'><strong>elementia</strong></span> <span class='ocrx_word' id='word_1_316' title='bbox 1366 2531 1526 2604; x_wconf 78' lang='lat' dir='ltr'><strong>recolligat.</strong></span> 
     </span>
     <span class='ocr_line' id='line_1_27' title="bbox 147 2617 1845 2693; baseline -0.004 -12"><span class='ocrx_word' id='word_1_317' title='bbox 147 2622 285 2681; x_wconf 87' lang='lat' dir='ltr'><strong>oaohinni</strong></span> <span class='ocrx_word' id='word_1_318' title='bbox 296 2621 419 2677; x_wconf 83' lang='lat' dir='ltr'><strong>ridiculo</strong></span> <span class='ocrx_word' id='word_1_319' title='bbox 433 2625 641 2693; x_wconf 82' lang='lat' dir='ltr'><strong>etgannntura</strong></span> <span class='ocrx_word' id='word_1_320' title='bbox 652 2621 775 2692; x_wconf 89' lang='lat' dir='ltr'><strong>strepitu</strong></span> <span class='ocrx_word' id='word_1_321' title='bbox 786 2621 822 2678; x_wconf 91' lang='lat' dir='ltr'><strong>ab</strong></span> <span class='ocrx_word' id='word_1_322' title='bbox 834 2620 971 2679; x_wconf 89' lang='lat' dir='ltr'><strong>omnibus</strong></span> <span class='ocrx_word' id='word_1_323' title='bbox 1059 2617 1271 2677; x_wconf 87' lang='lat' dir='ltr'><strong>Verumtamen</strong></span> <span class='ocrx_word' id='word_1_324' title='bbox 1286 2625 1319 2677; x_wconf 92' lang='lat' dir='ltr'><strong>ut</strong></span> <span class='ocrx_word' id='word_1_325' title='bbox 1329 2620 1521 2677; x_wconf 88' lang='lat' dir='ltr'><strong>narrationem</strong></span> <span class='ocrx_word' id='word_1_326' title='bbox 1533 2625 1693 2692; x_wconf 69' lang='lat' dir='ltr'><strong>repetam</strong></span> <span class='ocrx_word' id='word_1_327' title='bbox 1713 2637 1845 2679; x_wconf 87' lang='lat' dir='ltr'><strong>summun</strong></span> 
     </span>
     <span class='ocr_line' id='line_1_28' title="bbox 147 2706 1845 2783; baseline -0.001 -15"><span class='ocrx_word' id='word_1_328' title='bbox 147 2711 320 2768; x_wconf 84' lang='lat' dir='ltr'><strong>duouutur?</strong></span> <span class='ocrx_word' id='word_1_329' title='bbox 334 2710 407 2775; x_wconf 84' lang='lat' dir='ltr'><strong>Quid</strong></span> <span class='ocrx_word' id='word_1_330' title='bbox 426 2726 494 2782; x_wconf 91' lang='lat' dir='ltr'><strong>ergo</strong></span> <span class='ocrx_word' id='word_1_331' title='bbox 513 2711 549 2767; x_wconf 91' lang='lat' dir='ltr'><strong>de</strong></span> <span class='ocrx_word' id='word_1_332' title='bbox 567 2711 649 2767; x_wconf 82' lang='lat' dir='ltr'><strong>uobis</strong></span> <span class='ocrx_word' id='word_1_333' title='bbox 663 2711 795 2780; x_wconf 88' lang='lat' dir='ltr'><strong>diaetar;</strong></span> <span class='ocrx_word' id='word_1_334' title='bbox 812 2710 837 2767; x_wconf 93' lang='lat' dir='ltr'><strong>si</strong></span> <span class='ocrx_word' id='word_1_335' title='bbox 852 2710 971 2781; x_wconf 86' lang='lat' dir='ltr'><strong>pontili-</strong></span> <span class='ocrx_word' id='word_1_336' title='bbox 1025 2706 1142 2765; x_wconf 85' lang='lat' dir='ltr'><strong>eulmen</strong></span> <span class='ocrx_word' id='word_1_337' title='bbox 1154 2709 1291 2766; x_wconf 91' lang='lat' dir='ltr'><strong>laudibus</strong></span> <span class='ocrx_word' id='word_1_338' title='bbox 1300 2708 1541 2780; x_wconf 78' lang='lat' dir='ltr'><strong>ejuslitteratura</strong></span> <span class='ocrx_word' id='word_1_339' title='bbox 1549 2708 1705 2782; x_wconf 84' lang='lat' dir='ltr'><strong>imposuit</strong></span> <span class='ocrx_word' id='word_1_340' title='bbox 1715 2710 1845 2783; x_wconf 73' lang='lat' dir='ltr'><strong>Badaqu</strong></span> 
     </span>
     <span class='ocr_line' id='line_1_29' title="bbox 147 2796 1845 2871; baseline -0.001 -14"><span class='ocrx_word' id='word_1_341' title='bbox 147 2816 210 2857; x_wconf 90' lang='lat' dir='ltr'><strong>oem</strong></span> <span class='ocrx_word' id='word_1_342' title='bbox 227 2799 277 2871; x_wconf 90' lang='lat' dir='ltr'><strong>qui</strong></span> <span class='ocrx_word' id='word_1_343' title='bbox 291 2815 343 2856; x_wconf 89' lang='lat' dir='ltr'><strong>vos</strong></span> <span class='ocrx_word' id='word_1_344' title='bbox 358 2799 517 2855; x_wconf 88' lang='lat' dir='ltr'><strong>nutrivitet</strong></span> <span class='ocrx_word' id='word_1_345' title='bbox 531 2799 644 2868; x_wconf 87' lang='lat' dir='ltr'><strong>extulit,</strong></span> <span class='ocrx_word' id='word_1_346' title='bbox 657 2800 685 2856; x_wconf 94' lang='lat' dir='ltr'><strong>in</strong></span> <span class='ocrx_word' id='word_1_347' title='bbox 701 2798 803 2856; x_wconf 88' lang='lat' dir='ltr'><strong>exsilio</strong></span> <span class='ocrx_word' id='word_1_348' title='bbox 814 2798 910 2855; x_wconf 91' lang='lat' dir='ltr'><strong>solum</strong></span> <span class='ocrx_word' id='word_1_349' title='bbox 926 2798 969 2854; x_wconf 91' lang='lat' dir='ltr'><strong>di·</strong></span> <span class='ocrx_word' id='word_1_350' title='bbox 1024 2800 1054 2854; x_wconf 89' lang='lat' dir='ltr'><strong>et</strong></span> <span class='ocrx_word' id='word_1_351' title='bbox 1068 2812 1120 2867; x_wconf 91' lang='lat' dir='ltr'><strong>pro</strong></span> <span class='ocrx_word' id='word_1_352' title='bbox 1135 2796 1240 2854; x_wconf 81' lang='lat' dir='ltr'><strong>uicinia</strong></span> <span class='ocrx_word' id='word_1_353' title='bbox 1263 2798 1403 2870; x_wconf 90' lang='lat' dir='ltr'><strong>temporis</strong></span> <span class='ocrx_word' id='word_1_354' title='bbox 1426 2814 1487 2855; x_wconf 90' lang='lat' dir='ltr'><strong>rem</strong></span> <span class='ocrx_word' id='word_1_355' title='bbox 1502 2802 1535 2854; x_wconf 88' lang='lat' dir='ltr'><strong>ul</strong></span> <span class='ocrx_word' id='word_1_356' title='bbox 1550 2802 1618 2857; x_wconf 90' lang='lat' dir='ltr'><strong>erat</strong></span> <span class='ocrx_word' id='word_1_357' title='bbox 1634 2805 1755 2868; x_wconf 88' lang='lat' dir='ltr'><strong>nosset,</strong></span> <span class='ocrx_word' id='word_1_358' title='bbox 1771 2805 1799 2856; x_wconf 89' lang='lat' dir='ltr'><strong>et</strong></span> <span class='ocrx_word' id='word_1_359' title='bbox 1810 2815 1845 2870; x_wconf 87' lang='lat' dir='ltr'><strong>pn</strong></span> 
     </span>
     <span class='ocr_line' id='line_1_30' title="bbox 147 2886 1845 2961; baseline -0.001 -17"><span class='ocrx_word' id='word_1_360' title='bbox 147 2887 308 2944; x_wconf 82' lang='lat' dir='ltr'><strong>miseritis?</strong></span> <span class='ocrx_word' id='word_1_361' title='bbox 328 2892 410 2943; x_wconf 73' lang='lat' dir='ltr'><strong>eto.»</strong></span> <span class='ocrx_word' id='word_1_362' title='bbox 438 2886 577 2957; x_wconf 82' lang='lat' dir='ltr'><strong>ilxamplo</strong></span> <span class='ocrx_word' id='word_1_363' title='bbox 600 2887 775 2945; x_wconf 81' lang='lat' dir='ltr'><strong>firmissima</strong></span> <span class='ocrx_word' id='word_1_364' title='bbox 795 2889 825 2944; x_wconf 91' lang='lat' dir='ltr'><strong>in</strong></span> <span class='ocrx_word' id='word_1_365' title='bbox 841 2891 969 2946; x_wconf 87' lang='lat' dir='ltr'><strong>amioum</strong></span> <span class='ocrx_word' id='word_1_366' title='bbox 1023 2886 1152 2943; x_wconf 83' lang='lat' dir='ltr'><strong>ueritatis</strong></span> <span class='ocrx_word' id='word_1_367' title='bbox 1163 2887 1260 2944; x_wconf 86' lang='lat' dir='ltr'><strong>studio</strong></span> <span class='ocrx_word' id='word_1_368' title='bbox 1271 2887 1387 2944; x_wconf 87' lang='lat' dir='ltr'><strong>mentiri</strong></span> <span class='ocrx_word' id='word_1_369' title='bbox 1399 2886 1499 2946; x_wconf 82' lang='lat' dir='ltr'><strong>nollet.</strong></span> <span class='ocrx_word' id='word_1_370' title='bbox 1509 2887 1565 2954; x_wconf 82' lang='lat' dir='ltr'><strong>Qui</strong></span> <span class='ocrx_word' id='word_1_371' title='bbox 1579 2893 1653 2961; x_wconf 90' lang='lat' dir='ltr'><strong>post</strong></span> <span class='ocrx_word' id='word_1_372' title='bbox 1662 2889 1845 2946; x_wconf 83' lang='lat' dir='ltr'><strong>enumeratio</strong></span> 
     </span>
     <span class='ocr_line' id='line_1_31' title="bbox 145 2975 1845 3052; baseline 0.001 -20"><span class='ocrx_word' id='word_1_373' title='bbox 145 2975 321 3048; x_wconf 87' lang='lat' dir='ltr'><strong>integritatis</strong></span> <span class='ocrx_word' id='word_1_374' title='bbox 336 2976 441 3048; x_wconf 90' lang='lat' dir='ltr'><strong>posito,</strong></span> <span class='ocrx_word' id='word_1_375' title='bbox 457 2980 594 3048; x_wconf 88' lang='lat' dir='ltr'><strong>sequetur</strong></span> <span class='ocrx_word' id='word_1_376' title='bbox 608 2975 751 3050; x_wconf 80' lang='lat' dir='ltr'><strong>praealara</strong></span> <span class='ocrx_word' id='word_1_377' title='bbox 766 2977 902 3052; x_wconf 85' lang='lat' dir='ltr'><strong>discipuli</strong></span> <span class='ocrx_word' id='word_1_378' title='bbox 916 2979 967 3035; x_wconf 89' lang='lat' dir='ltr'><strong>ad·</strong></span> <span class='ocrx_word' id='word_1_379' title='bbox 1023 2991 1091 3032; x_wconf 90' lang='lat' dir='ltr'><strong>nem</strong></span> <span class='ocrx_word' id='word_1_380' title='bbox 1102 2975 1268 3048; x_wconf 87' lang='lat' dir='ltr'><strong>aliquorum</strong></span> <span class='ocrx_word' id='word_1_381' title='bbox 1280 2976 1419 3034; x_wconf 88' lang='lat' dir='ltr'><strong>librorum</strong></span> <span class='ocrx_word' id='word_1_382' title='bbox 1431 2975 1495 3046; x_wconf 82' lang='lat' dir='ltr'><strong>ejus</strong></span> <span class='ocrx_word' id='word_1_383' title='bbox 1504 2975 1689 3034; x_wconf 87' lang='lat' dir='ltr'><strong>subintulit:</strong></span> <span class='ocrx_word' id='word_1_384' title='bbox 1703 2978 1845 3051; x_wconf 74' lang='lat' dir='ltr'><strong>«Scripsit,</strong></span> 
     </span>
     <span class='ocr_line' id='line_1_32' title="bbox 147 3064 1845 3139; baseline -0.001 -15"><span class='ocrx_word' id='word_1_385' title='bbox 147 3067 288 3124; x_wconf 86' lang='lat' dir='ltr'><strong>monitio:</strong></span> <span class='ocrx_word' id='word_1_386' title='bbox 1024 3064 1132 3137; x_wconf 87' lang='lat' dir='ltr'><strong>inquit,</strong></span> <span class='ocrx_word' id='word_1_387' title='bbox 1152 3072 1180 3122; x_wconf 88' lang='lat' dir='ltr'><strong>et</strong></span> <span class='ocrx_word' id='word_1_388' title='bbox 1202 3065 1260 3122; x_wconf 90' lang='lat' dir='ltr'><strong>ulia</strong></span> <span class='ocrx_word' id='word_1_389' title='bbox 1282 3065 1434 3134; x_wconf 88' lang='lat' dir='ltr'><strong>nonnulla,</strong></span> <span class='ocrx_word' id='word_1_390' title='bbox 1460 3069 1561 3138; x_wconf 88' lang='lat' dir='ltr'><strong>utpote</strong></span> <span class='ocrx_word' id='word_1_391' title='bbox 1586 3067 1635 3122; x_wconf 83' lang='lat' dir='ltr'><strong>vir</strong></span> <span class='ocrx_word' id='word_1_392' title='bbox 1660 3068 1845 3139; x_wconf 76' lang='lat' dir='ltr'><strong>undecunque</strong></span> 
     </span>
     <span class='ocr_line' id='line_1_33' title="bbox 182 3153 1846 3233; baseline 0.002 -25"><span class='ocrx_word' id='word_1_393' title='bbox 182 3178 197 3209; x_wconf 76' lang='lat' dir='ltr'><strong>n</strong></span> <span class='ocrx_word' id='word_1_394' title='bbox 213 3156 409 3215; x_wconf 85' lang='lat' dir='ltr'><strong>Dilectissimo</strong></span> <span class='ocrx_word' id='word_1_395' title='bbox 421 3157 492 3213; x_wconf 94' lang='lat' dir='ltr'><strong>mibi</strong></span> <span class='ocrx_word' id='word_1_396' title='bbox 507 3157 567 3215; x_wconf 84' lang='lat' dir='ltr'><strong>dlio</strong></span> <span class='ocrx_word' id='word_1_397' title='bbox 582 3161 611 3215; x_wconf 89' lang='lat' dir='ltr'><strong>et</strong></span> <span class='ocrx_word' id='word_1_398' title='bbox 625 3157 715 3215; x_wconf 90' lang='lat' dir='ltr'><strong>simul</strong></span> <span class='ocrx_word' id='word_1_399' title='bbox 729 3158 872 3233; x_wconf 81' lang='lat' dir='ltr'><strong>discipulo</strong></span> <span class='ocrx_word' id='word_1_400' title='bbox 886 3162 970 3218; x_wconf 78' lang='lat' dir='ltr'><strong>Auta·</strong></span> <span class='ocrx_word' id='word_1_401' title='bbox 1022 3153 1220 3211; x_wconf 88' lang='lat' dir='ltr'><strong>doctissimus.</strong></span> <span class='ocrx_word' id='word_1_402' title='bbox 1238 3156 1310 3211; x_wconf 83' lang='lat' dir='ltr'><strong>Nam</strong></span> <span class='ocrx_word' id='word_1_403' title='bbox 1320 3159 1349 3211; x_wconf 91' lang='lat' dir='ltr'><strong>et</strong></span> <span class='ocrx_word' id='word_1_404' title='bbox 1362 3168 1497 3210; x_wconf 87' lang='lat' dir='ltr'><strong>sermone</strong></span> <span class='ocrx_word' id='word_1_405' title='bbox 1510 3153 1636 3226; x_wconf 87' lang='lat' dir='ltr'><strong>nitidus,</strong></span> <span class='ocrx_word' id='word_1_406' title='bbox 1653 3162 1687 3213; x_wconf 85' lang='lat' dir='ltr'><strong>et</strong></span> <span class='ocrx_word' id='word_1_407' title='bbox 1702 3156 1846 3229; x_wconf 73' lang='lat' dir='ltr'><strong>scriptura</strong></span> 
     </span>
     <span class='ocr_line' id='line_1_34' title="bbox 145 3242 1845 3315; baseline 0.001 -12"><span class='ocrx_word' id='word_1_408' title='bbox 145 3248 969 3315; x_wconf 80' lang='lat' dir='ltr'><strong>wanno,AanusaasusextremusservorumDai,salutem.</strong></span> <span class='ocrx_word' id='word_1_409' title='bbox 1023 3259 1087 3299; x_wconf 82' lang='lat' dir='ltr'><strong>uum</strong></span> <span class='ocrx_word' id='word_1_410' title='bbox 1104 3244 1164 3300; x_wconf 73' lang='lat' dir='ltr'><strong>tum</strong></span> <span class='ocrx_word' id='word_1_411' title='bbox 1183 3242 1447 3301; x_wconf 72' lang='lat' dir='ltr'><strong>ecclesiasticarum</strong></span> <span class='ocrx_word' id='word_1_412' title='bbox 1469 3258 1558 3314; x_wconf 77' lang='lat' dir='ltr'><strong>quum</strong></span> <span class='ocrx_word' id='word_1_413' title='bbox 1578 3245 1781 3302; x_wconf 70' lang='lat' dir='ltr'><strong>uaeuularium</strong></span> <span class='ocrx_word' id='word_1_414' title='bbox 1798 3248 1845 3301; x_wconf 82' lang='lat' dir='ltr'><strong>ani</strong></span> 
     </span>
     <span class='ocr_line' id='line_1_35' title="bbox 181 3331 1844 3408; baseline -0.001 -17"><span class='ocrx_word' id='word_1_415' title='bbox 181 3357 197 3386; x_wconf 88' lang='lat'>«</span> <span class='ocrx_word' id='word_1_416' title='bbox 213 3335 465 3401; x_wconf 83' lang='lat' dir='ltr'><strong>Quemadmodum</strong></span> <span class='ocrx_word' id='word_1_417' title='bbox 489 3344 515 3392; x_wconf 88' lang='lat' dir='ltr'><strong>te</strong></span> <span class='ocrx_word' id='word_1_418' title='bbox 530 3336 592 3392; x_wconf 86' lang='lat' dir='ltr'><strong>riva</strong></span> <span class='ocrx_word' id='word_1_419' title='bbox 606 3352 675 3393; x_wconf 84' lang='lat' dir='ltr'><strong>vous</strong></span> <span class='ocrx_word' id='word_1_420' title='bbox 690 3336 846 3408; x_wconf 87' lang='lat' dir='ltr'><strong>aliquoties</strong></span> <span class='ocrx_word' id='word_1_421' title='bbox 864 3338 899 3394; x_wconf 89' lang='lat' dir='ltr'><strong>ds</strong></span> <span class='ocrx_word' id='word_1_422' title='bbox 917 3335 969 3392; x_wconf 88' lang='lat' dir='ltr'><strong>ali·</strong></span> <span class='ocrx_word' id='word_1_423' title='bbox 1022 3332 1183 3388; x_wconf 89' lang='lat' dir='ltr'><strong>eruditione</strong></span> <span class='ocrx_word' id='word_1_424' title='bbox 1192 3331 1343 3390; x_wconf 88' lang='lat' dir='ltr'><strong>mirandus</strong></span> <span class='ocrx_word' id='word_1_425' title='bbox 1354 3333 1423 3403; x_wconf 83' lang='grc'><strong>(62).</strong></span> <span class='ocrx_word' id='word_1_426' title='bbox 1440 3353 1454 3382; x_wconf 82' lang='grc'>»</span> <span class='ocrx_word' id='word_1_427' title='bbox 1469 3335 1608 3389; x_wconf 85' lang='lat' dir='ltr'><strong>Potestne</strong></span> <span class='ocrx_word' id='word_1_428' title='bbox 1623 3334 1795 3408; x_wconf 87' lang='lat' dir='ltr'><strong>quidquam</strong></span> <span class='ocrx_word' id='word_1_429' title='bbox 1805 3335 1844 3389; x_wconf 84' lang='lat' dir='ltr'><strong>bar</strong></span> 
     </span>
     <span class='ocr_line' id='line_1_36' title="bbox 146 3420 1845 3494; baseline -0.001 -15"><span class='ocrx_word' id='word_1_430' title='bbox 146 3421 255 3494; x_wconf 88' lang='lat' dir='ltr'><strong>quibus</strong></span> <span class='ocrx_word' id='word_1_431' title='bbox 270 3423 428 3479; x_wconf 90' lang='lat' dir='ltr'><strong>admouere</strong></span> <span class='ocrx_word' id='word_1_432' title='bbox 441 3424 552 3489; x_wconf 76' lang='lat' dir='ltr'><strong>curaui,</strong></span> <span class='ocrx_word' id='word_1_433' title='bbox 569 3423 609 3479; x_wconf 88' lang='lat' dir='ltr'><strong>ita</strong></span> <span class='ocrx_word' id='word_1_434' title='bbox 620 3429 652 3478; x_wconf 85' lang='lat' dir='ltr'><strong>ut</strong></span> <span class='ocrx_word' id='word_1_435' title='bbox 667 3424 698 3494; x_wconf 86' lang='lat' dir='ltr'><strong>[t.</strong></span> <span class='ocrx_word' id='word_1_436' title='bbox 714 3427 753 3493; x_wconf 90' lang='lat' dir='ltr'><strong>et]</strong></span> <span class='ocrx_word' id='word_1_437' title='bbox 769 3439 847 3481; x_wconf 92' lang='lat' dir='ltr'><strong>nuno</strong></span> <span class='ocrx_word' id='word_1_438' title='bbox 862 3424 968 3481; x_wconf 91' lang='lat' dir='ltr'><strong>absen·</strong></span> <span class='ocrx_word' id='word_1_439' title='bbox 1021 3420 1107 3477; x_wconf 89' lang='lat' dir='ltr'><strong>laude</strong></span> <span class='ocrx_word' id='word_1_440' title='bbox 1121 3420 1279 3477; x_wconf 85' lang='lat' dir='ltr'><strong>sublimius</strong></span> <span class='ocrx_word' id='word_1_441' title='bbox 1289 3421 1344 3478; x_wconf 87' lang='lat' dir='ltr'><strong>diei</strong></span> <span class='ocrx_word' id='word_1_442' title='bbox 1356 3421 1370 3476; x_wconf 78' lang='lat' dir='ltr'><strong>‘i</strong></span> <span class='ocrx_word' id='word_1_443' title='bbox 1384 3423 1531 3478; x_wconf 88' lang='lat' dir='ltr'><strong>Postremo</strong></span> <span class='ocrx_word' id='word_1_444' title='bbox 1541 3421 1645 3491; x_wconf 92' lang='lat' dir='ltr'><strong>ipsum</strong></span> <span class='ocrx_word' id='word_1_445' title='bbox 1657 3425 1800 3481; x_wconf 89' lang='lat' dir='ltr'><strong>eumdem</strong></span> <span class='ocrx_word' id='word_1_446' title='bbox 1813 3428 1845 3478; x_wconf 85' lang='lat' dir='ltr'><strong>te·</strong></span> 
     </span>
     <span class='ocr_line' id='line_1_37' title="bbox 145 3509 1842 3585; baseline 0.001 -18"><span class='ocrx_word' id='word_1_447' title='bbox 145 3519 203 3568; x_wconf 91' lang='lat' dir='ltr'><strong>tem</strong></span> <span class='ocrx_word' id='word_1_448' title='bbox 226 3520 345 3583; x_wconf 88' lang='lat' dir='ltr'><strong>paterna</strong></span> <span class='ocrx_word' id='word_1_449' title='bbox 368 3512 529 3568; x_wconf 84' lang='lat' dir='ltr'><strong>seeundum</strong></span> <span class='ocrx_word' id='word_1_450' title='bbox 555 3513 645 3568; x_wconf 85' lang='lat' dir='ltr'><strong>ileum</strong></span> <span class='ocrx_word' id='word_1_451' title='bbox 669 3514 841 3570; x_wconf 82' lang='lat' dir='ltr'><strong>auctoritate</strong></span> <span class='ocrx_word' id='word_1_452' title='bbox 865 3515 967 3585; x_wconf 86' lang='lat' dir='ltr'><strong>iretus,</strong></span> <span class='ocrx_word' id='word_1_453' title='bbox 1021 3512 1098 3565; x_wconf 74' lang='lat' dir='ltr'><strong>tium</strong></span> <span class='ocrx_word' id='word_1_454' title='bbox 1113 3509 1227 3578; x_wconf 80' lang='lat' dir='ltr'><strong>uiiub03</strong></span> <span class='ocrx_word' id='word_1_455' title='bbox 1252 3510 1412 3582; x_wconf 73' lang='lat' dir='ltr'><strong>quodlicet</strong></span> <span class='ocrx_word' id='word_1_456' title='bbox 1433 3509 1842 3569; x_wconf 80' lang='lat' dir='ltr'><strong>omuibuasrtibusstadiun</strong></span> 
     </span>
     <span class='ocr_line' id='line_1_38' title="bbox 144 3598 1843 3677; baseline -0.001 -23"><span class='ocrx_word' id='word_1_457' title='bbox 144 3598 251 3657; x_wconf 89' lang='lat' dir='ltr'><strong>littaris</strong></span> <span class='ocrx_word' id='word_1_458' title='bbox 266 3598 411 3656; x_wconf 90' lang='lat' dir='ltr'><strong>exhortari</strong></span> <span class='ocrx_word' id='word_1_459' title='bbox 425 3615 482 3656; x_wconf 93' lang='lat' dir='ltr'><strong>non</strong></span> <span class='ocrx_word' id='word_1_460' title='bbox 494 3601 583 3672; x_wconf 88' lang='lat' dir='ltr'><strong>piget.</strong></span> <span class='ocrx_word' id='word_1_461' title='bbox 596 3600 656 3658; x_wconf 89' lang='lat' dir='ltr'><strong>lloe</strong></span> <span class='ocrx_word' id='word_1_462' title='bbox 668 3602 745 3657; x_wconf 89' lang='lat' dir='ltr'><strong>euim</strong></span> <span class='ocrx_word' id='word_1_463' title='bbox 757 3601 822 3661; x_wconf 90' lang='lat' dir='ltr'><strong>ideo</strong></span> <span class='ocrx_word' id='word_1_464' title='bbox 833 3604 967 3677; x_wconf 87' lang='lat' dir='ltr'><strong>agimus;</strong></span> <span class='ocrx_word' id='word_1_465' title='bbox 1021 3614 1174 3671; x_wconf 88' lang='lat' dir='ltr'><strong>nunquam</strong></span> <span class='ocrx_word' id='word_1_466' title='bbox 1185 3599 1332 3667; x_wconf 90' lang='lat' dir='ltr'><strong>abnuerit,</strong></span> <span class='ocrx_word' id='word_1_467' title='bbox 1345 3599 1451 3670; x_wconf 91' lang='lat' dir='ltr'><strong>quibus</strong></span> <span class='ocrx_word' id='word_1_468' title='bbox 1461 3603 1560 3655; x_wconf 90' lang='lat' dir='ltr'><strong>tamen</strong></span> <span class='ocrx_word' id='word_1_469' title='bbox 1569 3599 1772 3671; x_wconf 88' lang='lat' dir='ltr'><strong>potissimum</strong></span> <span class='ocrx_word' id='word_1_470' title='bbox 1782 3601 1843 3670; x_wconf 86' lang='lat' dir='ltr'><strong>apud</strong></span> 
     </span>
     <span class='ocr_line' id='line_1_39' title="bbox 145 3687 1841 3765; baseline -0.001 -19"><span class='ocrx_word' id='word_1_471' title='bbox 145 3689 221 3759; x_wconf 89' lang='lat' dir='ltr'><strong>quod</strong></span> <span class='ocrx_word' id='word_1_472' title='bbox 235 3688 358 3746; x_wconf 76' lang='lat' dir='ltr'><strong>oburitur</strong></span> <span class='ocrx_word' id='word_1_473' title='bbox 373 3688 489 3759; x_wconf 76' lang='lat' dir='ltr'><strong>Christi,</strong></span> <span class='ocrx_word' id='word_1_474' title='bbox 500 3691 575 3746; x_wconf 87' lang='lat' dir='ltr'><strong>siout</strong></span> <span class='ocrx_word' id='word_1_475' title='bbox 591 3689 633 3747; x_wconf 89' lang='lat' dir='ltr'><strong>ait</strong></span> <span class='ocrx_word' id='word_1_476' title='bbox 645 3691 816 3763; x_wconf 79' lang='lat' dir='ltr'><strong>Apostolus,</strong></span> <span class='ocrx_word' id='word_1_477' title='bbox 828 3702 905 3765; x_wconf 83' lang='lat' dir='ltr'><strong>urpet</strong></span> <span class='ocrx_word' id='word_1_478' title='bbox 918 3710 968 3751; x_wconf 83' lang='lat' dir='ltr'><strong>uos</strong></span> <span class='ocrx_word' id='word_1_479' title='bbox 1021 3687 1153 3744; x_wconf 88' lang='lat' dir='ltr'><strong>Cautiam</strong></span> <span class='ocrx_word' id='word_1_480' title='bbox 1166 3688 1269 3744; x_wconf 90' lang='lat' dir='ltr'><strong>iterata</strong></span> <span class='ocrx_word' id='word_1_481' title='bbox 1280 3689 1431 3745; x_wconf 91' lang='lat' dir='ltr'><strong>mansione</strong></span> <span class='ocrx_word' id='word_1_482' title='bbox 1446 3689 1567 3745; x_wconf 88' lang='lat' dir='ltr'><strong>studens</strong></span> <span class='ocrx_word' id='word_1_483' title='bbox 1579 3689 1728 3748; x_wconf 88' lang='lat' dir='ltr'><strong>animum</strong></span> <span class='ocrx_word' id='word_1_484' title='bbox 1740 3692 1841 3762; x_wconf 86' lang='lat' dir='ltr'><strong>impen-</strong></span> 
     </span>
     <span class='ocr_line' id='line_1_40' title="bbox 143 3775 1842 3852; baseline -0.002 -18"><span class='ocrx_word' id='word_1_485' title='bbox 143 3778 179 3851; x_wconf 82' lang='grc' dir='ltr'><strong>(ΙΙ</strong></span> <span class='ocrx_word' id='word_1_486' title='bbox 198 3778 260 3837; x_wconf 85' lang='lat' dir='ltr'><strong>Gor.</strong></span> <span class='ocrx_word' id='word_1_487' title='bbox 282 3795 309 3844; x_wconf 82' lang='lat' dir='ltr'><strong>v,</strong></span> <span class='ocrx_word' id='word_1_488' title='bbox 340 3781 395 3850; x_wconf 84' lang='lat' dir='ltr'><strong>ll).</strong></span> <span class='ocrx_word' id='word_1_489' title='bbox 426 3782 536 3851; x_wconf 81' lang='lat' dir='ltr'><strong>ltaque,</strong></span> <span class='ocrx_word' id='word_1_490' title='bbox 562 3778 602 3835; x_wconf 89' lang='lat' dir='ltr'><strong>iili</strong></span> <span class='ocrx_word' id='word_1_491' title='bbox 629 3781 668 3836; x_wconf 90' lang='lat' dir='ltr'><strong>mi</strong></span> <span class='ocrx_word' id='word_1_492' title='bbox 695 3781 875 3852; x_wconf 82' lang='lat' dir='ltr'><strong>charissima,</strong></span> <span class='ocrx_word' id='word_1_493' title='bbox 900 3783 968 3841; x_wconf 85' lang='lat' dir='ltr'><strong>linat</strong></span> <span class='ocrx_word' id='word_1_494' title='bbox 1021 3775 1842 3847; x_wconf 84' lang='lat' dir='ltr'><strong>derit.Sioeniminapiatolsadlieddamantaoeasoren</strong></span> 
     </span>
     <span class='ocr_line' id='line_1_41' title="bbox 143 3865 1843 3940; baseline -0.001 -17"><span class='ocrx_word' id='word_1_495' title='bbox 143 3867 407 3925; x_wconf 77' lang='lat' dir='ltr'><strong>adolesoeusaetate</strong></span> <span class='ocrx_word' id='word_1_496' title='bbox 420 3869 532 3938; x_wconf 87' lang='lat' dir='ltr'><strong>existis,</strong></span> <span class='ocrx_word' id='word_1_497' title='bbox 548 3869 717 3927; x_wconf 87' lang='lat' dir='ltr'><strong>vanissimis</strong></span> <span class='ocrx_word' id='word_1_498' title='bbox 732 3875 829 3928; x_wconf 88' lang='lat' dir='ltr'><strong>tamen</strong></span> <span class='ocrx_word' id='word_1_499' title='bbox 844 3872 967 3929; x_wconf 90' lang='lat' dir='ltr'><strong>obleeta-</strong></span> <span class='ocrx_word' id='word_1_500' title='bbox 1021 3882 1118 3934; x_wconf 75' lang='lat' dir='ltr'><strong>suum,</strong></span> <span class='ocrx_word' id='word_1_501' title='bbox 1135 3865 1264 3924; x_wconf 80' lang='lat' dir='ltr'><strong>laborem</strong></span> <span class='ocrx_word' id='word_1_502' title='bbox 1283 3868 1465 3939; x_wconf 86' lang='lat' dir='ltr'><strong>exsequitur,</strong></span> <span class='ocrx_word' id='word_1_503' title='bbox 1487 3868 1641 3940; x_wconf 91' lang='lat' dir='ltr'><strong>proprium</strong></span> <span class='ocrx_word' id='word_1_504' title='bbox 1664 3872 1843 3929; x_wconf 70' lang='lat' dir='ltr'><strong>commendat</strong></span> 
     </span>
     <span class='ocr_line' id='line_1_42' title="bbox 144 3954 1843 4031; baseline 0.003 -20"><span class='ocrx_word' id='word_1_505' title='bbox 144 3955 250 4012; x_wconf 87' lang='lat' dir='ltr'><strong>mentis</strong></span> <span class='ocrx_word' id='word_1_506' title='bbox 265 3955 355 4026; x_wconf 86' lang='lat' dir='ltr'><strong>hujus</strong></span> <span class='ocrx_word' id='word_1_507' title='bbox 370 3958 474 4014; x_wconf 90' lang='lat' dir='ltr'><strong>mundi</strong></span> <span class='ocrx_word' id='word_1_508' title='bbox 489 3974 676 4031; x_wconf 87' lang='lat' dir='ltr'><strong>nequaquam</strong></span> <span class='ocrx_word' id='word_1_509' title='bbox 695 3967 721 4015; x_wconf 90' lang='lat' dir='ltr'><strong>te</strong></span> <span class='ocrx_word' id='word_1_510' title='bbox 737 3960 859 4017; x_wconf 91' lang='lat' dir='ltr'><strong>nimium</strong></span> <span class='ocrx_word' id='word_1_511' title='bbox 876 3961 966 4031; x_wconf 88' lang='lat' dir='ltr'><strong>subji-</strong></span> <span class='ocrx_word' id='word_1_512' title='bbox 1021 3954 1207 4012; x_wconf 78' lang='lat' dir='ltr'><strong>exercitium:</strong></span> <span class='ocrx_word' id='word_1_513' title='bbox 1218 3957 1352 4025; x_wconf 73' lang='lat' dir='ltr'><strong>«l&#39;stsor,</strong></span> <span class='ocrx_word' id='word_1_514' title='bbox 1365 3956 1534 4013; x_wconf 87' lang='lat' dir='ltr'><strong>beatissima</strong></span> <span class='ocrx_word' id='word_1_515' title='bbox 1545 3959 1670 4029; x_wconf 79' lang='lat' dir='ltr'><strong>praesul,</strong></span> <span class='ocrx_word' id='word_1_516' title='bbox 1682 3977 1734 4017; x_wconf 91' lang='lat' dir='ltr'><strong>me</strong></span> <span class='ocrx_word' id='word_1_517' title='bbox 1744 3962 1843 4018; x_wconf 91' lang='lat' dir='ltr'><strong>dudum</strong></span> 
     </span>
     <span class='ocr_line' id='line_1_43' title="bbox 143 4043 1842 4123; baseline 0.005 -24"><span class='ocrx_word' id='word_1_518' title='bbox 143 4043 215 4110; x_wconf 88' lang='lat' dir='ltr'><strong>aias,</strong></span> <span class='ocrx_word' id='word_1_519' title='bbox 231 4043 334 4101; x_wconf 81' lang='lat' dir='ltr'><strong>sivein</strong></span> <span class='ocrx_word' id='word_1_520' title='bbox 356 4045 535 4117; x_wconf 88' lang='lat' dir='ltr'><strong>quotidianis</strong></span> <span class='ocrx_word' id='word_1_521' title='bbox 559 4048 760 4118; x_wconf 88' lang='lat' dir='ltr'><strong>potationibus</strong></span> <span class='ocrx_word' id='word_1_522' title='bbox 784 4054 813 4104; x_wconf 92' lang='lat' dir='ltr'><strong>at</strong></span> <span class='ocrx_word' id='word_1_523' title='bbox 826 4049 966 4106; x_wconf 79' lang='lat' dir='ltr'><strong>conviviis</strong></span> <span class='ocrx_word' id='word_1_524' title='bbox 1020 4045 1194 4112; x_wconf 85' lang='lat' dir='ltr'><strong>deureuisae,</strong></span> <span class='ocrx_word' id='word_1_525' title='bbox 1207 4046 1231 4101; x_wconf 91' lang='lat' dir='ltr'><strong>si</strong></span> <span class='ocrx_word' id='word_1_526' title='bbox 1241 4050 1405 4118; x_wconf 91' lang='lat' dir='ltr'><strong>temporum</strong></span> <span class='ocrx_word' id='word_1_527' title='bbox 1416 4044 1540 4103; x_wconf 81' lang='lat' dir='ltr'><strong>volitans</strong></span> <span class='ocrx_word' id='word_1_528' title='bbox 1550 4047 1734 4107; x_wconf 84' lang='lat' dir='ltr'><strong>vicissitudo</strong></span> <span class='ocrx_word' id='word_1_529' title='bbox 1746 4056 1842 4123; x_wconf 85' lang='lat' dir='ltr'><strong>patere·</strong></span> 
     </span>
     <span class='ocr_line' id='line_1_44' title="bbox 143 4133 1842 4209; baseline 0.002 -19"><span class='ocrx_word' id='word_1_530' title='bbox 143 4149 195 4190; x_wconf 91' lang='lat' dir='ltr'><strong>usu</strong></span> <span class='ocrx_word' id='word_1_531' title='bbox 211 4133 404 4205; x_wconf 81' lang='lat' dir='ltr'><strong>frequentiore</strong></span> <span class='ocrx_word' id='word_1_532' title='bbox 413 4151 446 4191; x_wconf 88' lang='lat' dir='ltr'><strong>aa</strong></span> <span class='ocrx_word' id='word_1_533' title='bbox 463 4134 616 4207; x_wconf 91' lang='lat' dir='ltr'><strong>prolixiora</strong></span> <span class='ocrx_word' id='word_1_534' title='bbox 628 4137 780 4194; x_wconf 88' lang='lat' dir='ltr'><strong>inhoneste</strong></span> <span class='ocrx_word' id='word_1_535' title='bbox 795 4138 966 4209; x_wconf 83' lang='lat' dir='ltr'><strong>superfluis,</strong></span> <span class='ocrx_word' id='word_1_536' title='bbox 1020 4136 1079 4203; x_wconf 89' lang='lat' dir='ltr'><strong>tur,</strong></span> <span class='ocrx_word' id='word_1_537' title='bbox 1094 4133 1219 4191; x_wconf 83' lang='lat' dir='ltr'><strong>uicinam</strong></span> <span class='ocrx_word' id='word_1_538' title='bbox 1243 4136 1334 4207; x_wconf 91' lang='lat' dir='ltr'><strong>optati</strong></span> <span class='ocrx_word' id='word_1_539' title='bbox 1358 4133 1472 4192; x_wconf 87' lang='lat' dir='ltr'><strong>Natalis</strong></span> <span class='ocrx_word' id='word_1_540' title='bbox 1493 4134 1613 4192; x_wconf 85' lang='lat' dir='ltr'><strong>Domini</strong></span> <span class='ocrx_word' id='word_1_541' title='bbox 1628 4137 1842 4196; x_wconf 82' lang='lat' dir='ltr'><strong>solemnitatem</strong></span> 
     </span>
     <span class='ocr_line' id='line_1_45' title="bbox 143 4222 1844 4298; baseline 0.004 -20"><span class='ocrx_word' id='word_1_542' title='bbox 143 4222 245 4279; x_wconf 84' lang='lat' dir='ltr'><strong>sivein</strong></span> <span class='ocrx_word' id='word_1_543' title='bbox 255 4222 406 4293; x_wconf 87' lang='lat' dir='ltr'><strong>equitandi</strong></span> <span class='ocrx_word' id='word_1_544' title='bbox 417 4225 568 4294; x_wconf 81' lang='lat' dir='ltr'><strong>vagatione</strong></span> <span class='ocrx_word' id='word_1_545' title='bbox 578 4224 726 4297; x_wconf 86' lang='lat' dir='ltr'><strong>onlpabili,</strong></span> <span class='ocrx_word' id='word_1_546' title='bbox 738 4242 790 4282; x_wconf 89' lang='lat' dir='ltr'><strong>sau</strong></span> <span class='ocrx_word' id='word_1_547' title='bbox 802 4227 830 4282; x_wconf 90' lang='lat' dir='ltr'><strong>iu</strong></span> <span class='ocrx_word' id='word_1_548' title='bbox 842 4227 965 4298; x_wconf 90' lang='lat' dir='ltr'><strong>quibus·</strong></span> <span class='ocrx_word' id='word_1_549' title='bbox 1019 4223 1127 4281; x_wconf 89' lang='lat' dir='ltr'><strong>ibidem</strong></span> <span class='ocrx_word' id='word_1_550' title='bbox 1145 4225 1174 4279; x_wconf 90' lang='lat' dir='ltr'><strong>in</strong></span> <span class='ocrx_word' id='word_1_551' title='bbox 1199 4225 1344 4281; x_wconf 85' lang='lat' dir='ltr'><strong>consortio</strong></span> <span class='ocrx_word' id='word_1_552' title='bbox 1366 4225 1491 4281; x_wconf 83' lang='lat' dir='ltr'><strong>fratrum</strong></span> <span class='ocrx_word' id='word_1_553' title='bbox 1507 4226 1681 4297; x_wconf 86' lang='lat' dir='ltr'><strong>tripudians</strong></span> <span class='ocrx_word' id='word_1_554' title='bbox 1697 4228 1844 4295; x_wconf 84' lang='lat' dir='ltr'><strong>celebrare,</strong></span> 
     </span>
     <span class='ocr_line' id='line_1_46' title="bbox 143 4311 1842 4391; baseline 0.003 -23"><span class='ocrx_word' id='word_1_555' title='bbox 143 4311 963 4386; x_wconf 81' lang='lat' dir='ltr'><strong>libetoorporeoedelsotationisvoluptatibusexernendis.</strong></span> <span class='ocrx_word' id='word_1_556' title='bbox 979 4321 1003 4387; x_wconf 82' lang='lat'><strong>1)</strong></span> <span class='ocrx_word' id='word_1_557' title='bbox 1019 4317 1048 4369; x_wconf 88' lang='lat' dir='ltr'><strong>et</strong></span> <span class='ocrx_word' id='word_1_558' title='bbox 1062 4314 1250 4385; x_wconf 90' lang='lat' dir='ltr'><strong>postmodum</strong></span> <span class='ocrx_word' id='word_1_559' title='bbox 1262 4314 1319 4369; x_wconf 85' lang='lat' dir='ltr'><strong>vita</strong></span> <span class='ocrx_word' id='word_1_560' title='bbox 1329 4314 1434 4370; x_wconf 88' lang='lat' dir='ltr'><strong>eomite</strong></span> <span class='ocrx_word' id='word_1_561' title='bbox 1444 4322 1544 4371; x_wconf 83' lang='lat' dir='ltr'><strong>uestra</strong></span> <span class='ocrx_word' id='word_1_562' title='bbox 1555 4313 1717 4374; x_wconf 84' lang='lat' dir='ltr'><strong>eharitatis</strong></span> <span class='ocrx_word' id='word_1_563' title='bbox 1727 4334 1842 4391; x_wconf 76' lang='lat' dir='ltr'><strong>presan·</strong></span> 
     </span>
     <span class='ocr_line' id='line_1_47' title="bbox 144 4400 1844 4476; baseline 0.004 -19"><span class='ocrx_word' id='word_1_564' title='bbox 144 4400 288 4458; x_wconf 79' lang='lat' dir='ltr'><strong>blemento</strong></span> <span class='ocrx_word' id='word_1_565' title='bbox 302 4417 419 4474; x_wconf 86' lang='lat' dir='ltr'><strong>semper</strong></span> <span class='ocrx_word' id='word_1_566' title='bbox 440 4403 510 4475; x_wconf 88' lang='lat' dir='ltr'><strong>quid</strong></span> <span class='ocrx_word' id='word_1_567' title='bbox 533 4405 676 4476; x_wconf 86' lang='lat' dir='ltr'><strong>seriptum</strong></span> <span class='ocrx_word' id='word_1_568' title='bbox 692 4408 755 4463; x_wconf 89' lang='lat' dir='ltr'><strong>eat:</strong></span> <span class='ocrx_word' id='word_1_569' title='bbox 771 4405 964 4463; x_wconf 81' lang='lat' dir='ltr'><strong>Adolescentia</strong></span> <span class='ocrx_word' id='word_1_570' title='bbox 1019 4402 1059 4459; x_wconf 89' lang='lat' dir='ltr'><strong>tia</strong></span> <span class='ocrx_word' id='word_1_571' title='bbox 1073 4402 1139 4458; x_wconf 87' lang='lat' dir='ltr'><strong>irui.</strong></span> <span class='ocrx_word' id='word_1_572' title='bbox 1156 4403 1211 4458; x_wconf 85' lang='lat' dir='ltr'><strong>Sed</strong></span> <span class='ocrx_word' id='word_1_573' title='bbox 1227 4403 1295 4474; x_wconf 90' lang='lat' dir='ltr'><strong>quia</strong></span> <span class='ocrx_word' id='word_1_574' title='bbox 1308 4402 1430 4460; x_wconf 86' lang='lat' dir='ltr'><strong>diuersis</strong></span> <span class='ocrx_word' id='word_1_575' title='bbox 1444 4403 1736 4476; x_wconf 84' lang='lat' dir='ltr'><strong>impedimentorum</strong></span> <span class='ocrx_word' id='word_1_576' title='bbox 1752 4409 1844 4465; x_wconf 88' lang='lat' dir='ltr'><strong>obsta-</strong></span> 
     </span>
     <span class='ocr_line' id='line_1_48' title="bbox 142 4490 1844 4568; baseline 0.004 -23"><span class='ocrx_word' id='word_1_577' title='bbox 142 4496 172 4545; x_wconf 85' lang='lat' dir='ltr'><strong>et</strong></span> <span class='ocrx_word' id='word_1_578' title='bbox 186 4490 311 4560; x_wconf 80' lang='lat' dir='ltr'><strong>uoluptas</strong></span> <span class='ocrx_word' id='word_1_579' title='bbox 324 4506 396 4547; x_wconf 86' lang='lat' dir='ltr'><strong>vuuu</strong></span> <span class='ocrx_word' id='word_1_580' title='bbox 410 4495 474 4546; x_wconf 86' lang='lat' dir='ltr'><strong>suut</strong></span> <span class='ocrx_word' id='word_1_581' title='bbox 486 4492 587 4561; x_wconf 78' lang='lat' dir='ltr'><strong>(lireio.</strong></span> <span class='ocrx_word' id='word_1_582' title='bbox 601 4509 641 4560; x_wconf 84' lang='lat' dir='ltr'><strong>xr,</strong></span> <span class='ocrx_word' id='word_1_583' title='bbox 658 4494 714 4562; x_wconf 84' lang='lat'><strong>10).</strong></span> <span class='ocrx_word' id='word_1_584' title='bbox 730 4494 830 4551; x_wconf 82' lang='lat' dir='ltr'><strong>amori</strong></span> <span class='ocrx_word' id='word_1_585' title='bbox 847 4511 964 4568; x_wconf 90' lang='lat' dir='ltr'><strong>quoque</strong></span> <span class='ocrx_word' id='word_1_586' title='bbox 1019 4491 1217 4560; x_wconf 86' lang='lat' dir='ltr'><strong>culistardati,</strong></span> <span class='ocrx_word' id='word_1_587' title='bbox 1226 4493 1469 4564; x_wconf 90' lang='lat' dir='ltr'><strong>quamadmodum</strong></span> <span class='ocrx_word' id='word_1_588' title='bbox 1478 4491 1553 4549; x_wconf 88' lang='lat' dir='ltr'><strong>lator</strong></span> <span class='ocrx_word' id='word_1_589' title='bbox 1567 4496 1771 4565; x_wconf 70' lang='lat' dir='ltr'><strong>presentium</strong></span> <span class='ocrx_word' id='word_1_590' title='bbox 1792 4496 1844 4552; x_wconf 77' lang='lat' dir='ltr'><strong>virs</strong></span> 
     </span>
     <span class='ocr_line' id='line_1_49' title="bbox 143 4576 1845 4658; baseline 0.004 -25"><span class='ocrx_word' id='word_1_591' title='bbox 143 4576 353 4634; x_wconf 85' lang='lat' dir='ltr'><strong>uehementiori</strong></span> <span class='ocrx_word' id='word_1_592' title='bbox 369 4579 539 4650; x_wconf 82' lang='lat' dir='ltr'><strong>paenulast</strong></span> <span class='ocrx_word' id='word_1_593' title='bbox 552 4580 892 4655; x_wconf 82' lang='lat' dir='ltr'><strong>omniseuularisgloria</strong></span> <span class='ocrx_word' id='word_1_594' title='bbox 906 4583 965 4640; x_wconf 81' lang='lat' dir='ltr'><strong>lieo</strong></span> <span class='ocrx_word' id='word_1_595' title='bbox 1018 4596 1087 4637; x_wconf 80' lang='lat' dir='ltr'><strong>roos</strong></span> <span class='ocrx_word' id='word_1_596' title='bbox 1103 4580 1310 4653; x_wconf 87' lang='lat' dir='ltr'><strong>promulgabit,</strong></span> <span class='ocrx_word' id='word_1_597' title='bbox 1325 4580 1398 4639; x_wconf 90' lang='lat' dir='ltr'><strong>illud</strong></span> <span class='ocrx_word' id='word_1_598' title='bbox 1414 4583 1561 4653; x_wconf 82' lang='lat' dir='ltr'><strong>prailoera</strong></span> <span class='ocrx_word' id='word_1_599' title='bbox 1575 4581 1608 4654; x_wconf 86' lang='lat' dir='ltr'><strong>[l.</strong></span> <span class='ocrx_word' id='word_1_600' title='bbox 1625 4585 1787 4658; x_wconf 84' lang='lat' dir='ltr'><strong>periinere]</strong></span> <span class='ocrx_word' id='word_1_601' title='bbox 1801 4601 1845 4640; x_wconf 83' lang='lat' dir='ltr'><strong>ne-</strong></span> 
     </span>
     <span class='ocr_line' id='line_1_50' title="bbox 144 4665 1844 4747; baseline 0.004 -25"><span class='ocrx_word' id='word_1_602' title='bbox 144 4679 260 4738; x_wconf 87' lang='lat' dir='ltr'><strong>sempar</strong></span> <span class='ocrx_word' id='word_1_603' title='bbox 274 4665 376 4722; x_wconf 92' lang='lat' dir='ltr'><strong>odibili</strong></span> <span class='ocrx_word' id='word_1_604' title='bbox 386 4667 534 4738; x_wconf 72' lang='lat' dir='ltr'><strong>iaetantia</strong></span> <span class='ocrx_word' id='word_1_605' title='bbox 549 4684 736 4741; x_wconf 86' lang='lat' dir='ltr'><strong>naquaquam</strong></span> <span class='ocrx_word' id='word_1_606' title='bbox 752 4669 829 4727; x_wconf 86' lang='lat' dir='ltr'><strong>ultra</strong></span> <span class='ocrx_word' id='word_1_607' title='bbox 844 4673 965 4728; x_wconf 88' lang='lat' dir='ltr'><strong>modum</strong></span> <span class='ocrx_word' id='word_1_608' title='bbox 1019 4669 1180 4742; x_wconf 86' lang='lat' dir='ltr'><strong>quivimus;</strong></span> <span class='ocrx_word' id='word_1_609' title='bbox 1196 4670 1304 4728; x_wconf 86' lang='lat' dir='ltr'><strong>ideireo</strong></span> <span class='ocrx_word' id='word_1_610' title='bbox 1315 4669 1607 4728; x_wconf 86' lang='lat' dir='ltr'><strong>diiiioultatiuaniam</strong></span> <span class='ocrx_word' id='word_1_611' title='bbox 1619 4687 1729 4743; x_wconf 89' lang='lat' dir='ltr'><strong>prooor</strong></span> <span class='ocrx_word' id='word_1_612' title='bbox 1739 4674 1844 4747; x_wconf 88' lang='lat' dir='ltr'><strong>impan-</strong></span> 
     </span>
     <span class='ocr_line' id='line_1_51' title="bbox 144 4752 1845 4833; baseline 0.006 -23"><span class='ocrx_word' id='word_1_613' title='bbox 144 4752 297 4823; x_wconf 82' lang='lat' dir='ltr'><strong>iusarvias,</strong></span> <span class='ocrx_word' id='word_1_614' title='bbox 313 4753 394 4812; x_wconf 89' lang='lat' dir='ltr'><strong>illius</strong></span> <span class='ocrx_word' id='word_1_615' title='bbox 413 4757 563 4814; x_wconf 82' lang='lat' dir='ltr'><strong>sententis</strong></span> <span class='ocrx_word' id='word_1_616' title='bbox 586 4758 796 4817; x_wconf 84' lang='lat' dir='ltr'><strong>reminiscens:</strong></span> <span class='ocrx_word' id='word_1_617' title='bbox 820 4761 890 4830; x_wconf 80' lang='lat' dir='ltr'><strong>Quid</strong></span> <span class='ocrx_word' id='word_1_618' title='bbox 903 4776 965 4832; x_wconf 87' lang='lat' dir='ltr'><strong>pro·</strong></span> <span class='ocrx_word' id='word_1_619' title='bbox 1019 4760 1087 4817; x_wconf 90' lang='lat' dir='ltr'><strong>dite.</strong></span> <span class='ocrx_word' id='word_1_620' title='bbox 1103 4760 1201 4832; x_wconf 89' lang='lat' dir='ltr'><strong>Neque</strong></span> <span class='ocrx_word' id='word_1_621' title='bbox 1213 4761 1291 4817; x_wconf 91' lang='lat' dir='ltr'><strong>euim</strong></span> <span class='ocrx_word' id='word_1_622' title='bbox 1303 4776 1390 4833; x_wconf 84' lang='lat' dir='ltr'><strong>parva</strong></span> <span class='ocrx_word' id='word_1_623' title='bbox 1404 4765 1567 4833; x_wconf 89' lang='lat' dir='ltr'><strong>temporum</strong></span> <span class='ocrx_word' id='word_1_624' title='bbox 1579 4761 1743 4821; x_wconf 85' lang='lat' dir='ltr'><strong>intervalia</strong></span> <span class='ocrx_word' id='word_1_625' title='bbox 1754 4764 1785 4821; x_wconf 91' lang='lat' dir='ltr'><strong>in</strong></span> <span class='ocrx_word' id='word_1_626' title='bbox 1800 4765 1845 4821; x_wconf 87' lang='lat' dir='ltr'><strong>boo</strong></span> 
     </span>
     <span class='ocr_line' id='line_1_52' title="bbox 143 4844 1845 4925; baseline 0.002 -23"><span class='ocrx_word' id='word_1_627' title='bbox 143 4844 201 4902; x_wconf 86' lang='lat' dir='ltr'><strong>dest</strong></span> <span class='ocrx_word' id='word_1_628' title='bbox 215 4846 334 4913; x_wconf 70' lang='lat' dir='ltr'><strong>Manioi,</strong></span> <span class='ocrx_word' id='word_1_629' title='bbox 348 4846 375 4901; x_wconf 87' lang='lat' dir='ltr'><strong>si</strong></span> <span class='ocrx_word' id='word_1_630' title='bbox 388 4851 474 4902; x_wconf 69' lang='lat' dir='ltr'><strong>utum</strong></span> <span class='ocrx_word' id='word_1_631' title='bbox 488 4846 621 4904; x_wconf 86' lang='lat' dir='ltr'><strong>muudum</strong></span> <span class='ocrx_word' id='word_1_632' title='bbox 635 4847 768 4920; x_wconf 86' lang='lat' dir='ltr'><strong>lueretur,</strong></span> <span class='ocrx_word' id='word_1_633' title='bbox 784 4851 889 4907; x_wconf 81' lang='lat' dir='ltr'><strong>unimur</strong></span> <span class='ocrx_word' id='word_1_634' title='bbox 904 4862 965 4906; x_wconf 84' lang='lat' dir='ltr'><strong>uero</strong></span> <span class='ocrx_word' id='word_1_635' title='bbox 1019 4847 1154 4906; x_wconf 76' lang='lat' dir='ltr'><strong>lectionis</strong></span> <span class='ocrx_word' id='word_1_636' title='bbox 1176 4850 1273 4907; x_wconf 88' lang='lat' dir='ltr'><strong>studio</strong></span> <span class='ocrx_word' id='word_1_637' title='bbox 1297 4849 1464 4920; x_wconf 87' lang='lat' dir='ltr'><strong>protelanda</strong></span> <span class='ocrx_word' id='word_1_638' title='bbox 1487 4854 1558 4907; x_wconf 90' lang='lat' dir='ltr'><strong>sunt</strong></span> <span class='ocrx_word' id='word_1_639' title='bbox 1577 4849 1604 4907; x_wconf 89' lang='lat' dir='ltr'><strong>ei</strong></span> <span class='ocrx_word' id='word_1_640' title='bbox 1618 4850 1789 4919; x_wconf 84' lang='lat' dir='ltr'><strong>duntaxst;</strong></span> <span class='ocrx_word' id='word_1_641' title='bbox 1803 4851 1845 4925; x_wconf 89' lang='lat' dir='ltr'><strong>qai</strong></span> 
     </span>
     <span class='ocr_line' id='line_1_53' title="bbox 143 4934 1844 5012; baseline 0.003 -21"><span class='ocrx_word' id='word_1_642' title='bbox 143 4951 200 4991; x_wconf 84' lang='lat' dir='ltr'><strong>suoe</strong></span> <span class='ocrx_word' id='word_1_643' title='bbox 214 4934 409 4993; x_wconf 85' lang='lat' dir='ltr'><strong>detrimentum</strong></span> <span class='ocrx_word' id='word_1_644' title='bbox 422 4937 569 5007; x_wconf 83' lang='lat' dir='ltr'><strong>patiatur?</strong></span> <span class='ocrx_word' id='word_1_645' title='bbox 582 4936 676 5007; x_wconf 74' lang='lat' dir='ltr'><strong>(dure.</strong></span> <span class='ocrx_word' id='word_1_646' title='bbox 691 4953 752 5005; x_wconf 80' lang='lat' dir='ltr'><strong>aru,</strong></span> <span class='ocrx_word' id='word_1_647' title='bbox 768 4938 862 5010; x_wconf 86' lang='grc'><strong>36)-</strong></span> <span class='ocrx_word' id='word_1_648' title='bbox 877 4938 966 4996; x_wconf 75' lang='lat' dir='ltr'><strong>Filius</strong></span> <span class='ocrx_word' id='word_1_649' title='bbox 1020 4939 1178 5010; x_wconf 85' lang='lat' dir='ltr'><strong>ragaoitate</strong></span> <span class='ocrx_word' id='word_1_650' title='bbox 1197 4939 1311 5011; x_wconf 91' lang='lat' dir='ltr'><strong>legendi</strong></span> <span class='ocrx_word' id='word_1_651' title='bbox 1332 4956 1504 5008; x_wconf 81' lang='lat' dir='ltr'><strong>succensus,</strong></span> <span class='ocrx_word' id='word_1_652' title='bbox 1520 4939 1621 5012; x_wconf 88' lang='lat' dir='ltr'><strong>legum</strong></span> <span class='ocrx_word' id='word_1_653' title='bbox 1643 4939 1844 5001; x_wconf 84' lang='lat' dir='ltr'><strong>Romanarum</strong></span> 
     </span>
     <span class='ocr_line' id='line_1_54' title="bbox 143 5025 1845 5101; baseline 0.002 -19"><span class='ocrx_word' id='word_1_654' title='bbox 143 5028 219 5082; x_wconf 84' lang='lat' dir='ltr'><strong>euim</strong></span> <span class='ocrx_word' id='word_1_655' title='bbox 231 5026 351 5083; x_wconf 79' lang='lat' dir='ltr'><strong>hominis</strong></span> <span class='ocrx_word' id='word_1_656' title='bbox 364 5033 496 5082; x_wconf 78' lang='lat' dir='ltr'><strong>venturus</strong></span> <span class='ocrx_word' id='word_1_657' title='bbox 510 5032 550 5083; x_wconf 88' lang='lat' dir='ltr'><strong>est</strong></span> <span class='ocrx_word' id='word_1_658' title='bbox 561 5025 591 5082; x_wconf 83' lang='lat' dir='ltr'><strong>in</strong></span> <span class='ocrx_word' id='word_1_659' title='bbox 605 5027 695 5098; x_wconf 79' lang='lat' dir='ltr'><strong>pierio</strong></span> <span class='ocrx_word' id='word_1_660' title='bbox 708 5043 761 5084; x_wconf 84' lang='lat' dir='ltr'><strong>suu</strong></span> <span class='ocrx_word' id='word_1_661' title='bbox 769 5034 795 5084; x_wconf 86' lang='lat' dir='ltr'><strong>et</strong></span> <span class='ocrx_word' id='word_1_662' title='bbox 808 5034 966 5086; x_wconf 83' lang='lat' dir='ltr'><strong>aauotorum</strong></span> <span class='ocrx_word' id='word_1_663' title='bbox 1015 5027 1085 5101; x_wconf 88' lang='lat' dir='ltr'><strong>jura</strong></span> <span class='ocrx_word' id='word_1_664' title='bbox 1100 5027 1269 5086; x_wconf 89' lang='lat' dir='ltr'><strong>medullitus</strong></span> <span class='ocrx_word' id='word_1_665' title='bbox 1280 5028 1442 5096; x_wconf 89' lang='lat' dir='ltr'><strong>rimabitur,</strong></span> <span class='ocrx_word' id='word_1_666' title='bbox 1458 5035 1487 5086; x_wconf 89' lang='lat' dir='ltr'><strong>et</strong></span> <span class='ocrx_word' id='word_1_667' title='bbox 1496 5033 1604 5086; x_wconf 89' lang='lat' dir='ltr'><strong>ounota</strong></span> <span class='ocrx_word' id='word_1_668' title='bbox 1614 5029 1845 5101; x_wconf 73' lang='lat' dir='ltr'><strong>jurisconsulto·</strong></span> 
     </span>
     <span class='ocr_line' id='line_1_55' title="bbox 143 5114 1844 5194; baseline 0.005 -25"><span class='ocrx_word' id='word_1_669' title='bbox 143 5115 319 5183; x_wconf 74' lang='lat' dir='ltr'><strong>augelorum:</strong></span> <span class='ocrx_word' id='word_1_670' title='bbox 341 5123 368 5171; x_wconf 85' lang='lat' dir='ltr'><strong>at</strong></span> <span class='ocrx_word' id='word_1_671' title='bbox 388 5114 521 5172; x_wconf 83' lang='lat' dir='ltr'><strong>retribuet</strong></span> <span class='ocrx_word' id='word_1_672' title='bbox 546 5117 692 5189; x_wconf 81' lang='lat' dir='ltr'><strong>uuicuique</strong></span> <span class='ocrx_word' id='word_1_673' title='bbox 711 5118 859 5174; x_wconf 85' lang='lat' dir='ltr'><strong>seeundum</strong></span> <span class='ocrx_word' id='word_1_674' title='bbox 882 5135 966 5191; x_wconf 84' lang='lat' dir='ltr'><strong>opere</strong></span> <span class='ocrx_word' id='word_1_675' title='bbox 1019 5133 1085 5175; x_wconf 86' lang='lat' dir='ltr'><strong>rum</strong></span> <span class='ocrx_word' id='word_1_676' title='bbox 1105 5124 1216 5175; x_wconf 83' lang='lat' dir='ltr'><strong>serrata</strong></span> <span class='ocrx_word' id='word_1_677' title='bbox 1238 5118 1306 5175; x_wconf 92' lang='lat' dir='ltr'><strong>imis</strong></span> <span class='ocrx_word' id='word_1_678' title='bbox 1327 5118 1492 5190; x_wconf 83' lang='lat' dir='ltr'><strong>praeoordiis</strong></span> <span class='ocrx_word' id='word_1_679' title='bbox 1505 5116 1713 5177; x_wconf 88' lang='lat' dir='ltr'><strong>sorutabitur:</strong></span> <span class='ocrx_word' id='word_1_680' title='bbox 1729 5126 1760 5178; x_wconf 88' lang='lat' dir='ltr'><strong>et</strong></span> <span class='ocrx_word' id='word_1_681' title='bbox 1775 5120 1844 5194; x_wconf 81' lang='lat' dir='ltr'><strong>quoi</strong></span> 
     </span>
     <span class='ocr_line' id='line_1_56' title="bbox 144 5203 1845 5279; baseline 0.004 -22"><span class='ocrx_word' id='word_1_682' title='bbox 144 5216 197 5257; x_wconf 87' lang='lat' dir='ltr'><strong>suu</strong></span> <span class='ocrx_word' id='word_1_683' title='bbox 211 5203 315 5273; x_wconf 70' lang='lat' dir='ltr'><strong>(dotti.</strong></span> <span class='ocrx_word' id='word_1_684' title='bbox 331 5220 390 5274; x_wconf 79' lang='lat' dir='ltr'><strong>xvi,</strong></span> <span class='ocrx_word' id='word_1_685' title='bbox 414 5204 471 5276; x_wconf 71' lang='lat'><strong>27).</strong></span> <span class='ocrx_word' id='word_1_686' title='bbox 488 5205 544 5262; x_wconf 89' lang='lat' dir='ltr'><strong>Sed</strong></span> <span class='ocrx_word' id='word_1_687' title='bbox 569 5205 662 5263; x_wconf 90' lang='lat' dir='ltr'><strong>multo</strong></span> <span class='ocrx_word' id='word_1_688' title='bbox 687 5208 790 5279; x_wconf 86' lang='lat' dir='ltr'><strong>magia,</strong></span> <span class='ocrx_word' id='word_1_689' title='bbox 807 5208 848 5264; x_wconf 93' lang='lat' dir='ltr'><strong>mi</strong></span> <span class='ocrx_word' id='word_1_690' title='bbox 863 5225 964 5265; x_wconf 87' lang='lat' dir='ltr'><strong>amau·</strong></span> <span class='ocrx_word' id='word_1_691' title='bbox 1021 5205 1066 5262; x_wconf 90' lang='lat' dir='ltr'><strong>bis</strong></span> <span class='ocrx_word' id='word_1_692' title='bbox 1077 5204 1170 5262; x_wconf 90' lang='lat' dir='ltr'><strong>multo</strong></span> <span class='ocrx_word' id='word_1_693' title='bbox 1182 5204 1346 5278; x_wconf 87' lang='lat' dir='ltr'><strong>perplexius</strong></span> <span class='ocrx_word' id='word_1_694' title='bbox 1357 5212 1410 5274; x_wconf 92' lang='lat' dir='ltr'><strong>est,</strong></span> <span class='ocrx_word' id='word_1_695' title='bbox 1424 5211 1545 5263; x_wconf 88' lang='lat' dir='ltr'><strong>oentena</strong></span> <span class='ocrx_word' id='word_1_696' title='bbox 1555 5204 1675 5263; x_wconf 80' lang='lat' dir='ltr'><strong>seilicet</strong></span> <span class='ocrx_word' id='word_1_697' title='bbox 1687 5218 1845 5267; x_wconf 86' lang='lat' dir='ltr'><strong>metrorum</strong></span> 
     </span>
     <span class='ocr_line' id='line_1_57' title="bbox 144 5290 1847 5368; baseline 0.005 -21"><span class='ocrx_word' id='word_1_698' title='bbox 144 5290 269 5359; x_wconf 87' lang='lat' dir='ltr'><strong>tissime,</strong></span> <span class='ocrx_word' id='word_1_699' title='bbox 296 5292 341 5348; x_wconf 84' lang='lat' dir='ltr'><strong>vel</strong></span> <span class='ocrx_word' id='word_1_700' title='bbox 369 5292 541 5351; x_wconf 84' lang='lat' dir='ltr'><strong>lectionibus</strong></span> <span class='ocrx_word' id='word_1_701' title='bbox 569 5294 685 5363; x_wconf 88' lang='lat' dir='ltr'><strong>divinis,</strong></span> <span class='ocrx_word' id='word_1_702' title='bbox 709 5296 753 5352; x_wconf 90' lang='lat' dir='ltr'><strong>uel</strong></span> <span class='ocrx_word' id='word_1_703' title='bbox 784 5297 965 5354; x_wconf 89' lang='lat' dir='ltr'><strong>orationibus</strong></span> <span class='ocrx_word' id='word_1_704' title='bbox 1019 5309 1125 5368; x_wconf 87' lang='lat' dir='ltr'><strong>genera</strong></span> <span class='ocrx_word' id='word_1_705' title='bbox 1135 5294 1262 5364; x_wconf 88' lang='lat' dir='ltr'><strong>pedestri</strong></span> <span class='ocrx_word' id='word_1_706' title='bbox 1273 5293 1372 5366; x_wconf 87' lang='lat' dir='ltr'><strong>regula</strong></span> <span class='ocrx_word' id='word_1_707' title='bbox 1383 5294 1559 5362; x_wconf 77' lang='lat' dir='ltr'><strong>disparuere,</strong></span> <span class='ocrx_word' id='word_1_708' title='bbox 1574 5299 1603 5350; x_wconf 90' lang='lat' dir='ltr'><strong>at</strong></span> <span class='ocrx_word' id='word_1_709' title='bbox 1614 5297 1744 5355; x_wconf 78' lang='lat' dir='ltr'><strong>mustea</strong></span> <span class='ocrx_word' id='word_1_710' title='bbox 1761 5299 1847 5358; x_wconf 86' lang='lat' dir='ltr'><strong>osuii·</strong></span> 
     </span>
     <span class='ocr_line' id='line_1_58' title="bbox 144 5379 1845 5458; baseline 0.006 -22"><span class='ocrx_word' id='word_1_711' title='bbox 144 5379 238 5436; x_wconf 88' lang='lat' dir='ltr'><strong>saeris</strong></span> <span class='ocrx_word' id='word_1_712' title='bbox 251 5395 367 5453; x_wconf 89' lang='lat' dir='ltr'><strong>semper</strong></span> <span class='ocrx_word' id='word_1_713' title='bbox 377 5381 506 5455; x_wconf 86' lang='lat' dir='ltr'><strong>invigila.</strong></span> <span class='ocrx_word' id='word_1_714' title='bbox 519 5383 547 5439; x_wconf 92' lang='lat' dir='ltr'><strong>Si</strong></span> <span class='ocrx_word' id='word_1_715' title='bbox 559 5384 630 5454; x_wconf 91' lang='lat' dir='ltr'><strong>quid</strong></span> <span class='ocrx_word' id='word_1_716' title='bbox 641 5399 707 5443; x_wconf 86' lang='lat' dir='ltr'><strong>vero</strong></span> <span class='ocrx_word' id='word_1_717' title='bbox 723 5390 861 5457; x_wconf 82' lang='lat' dir='ltr'><strong>praterea</strong></span> <span class='ocrx_word' id='word_1_718' title='bbox 875 5402 965 5444; x_wconf 85' lang='lat' dir='ltr'><strong>sauu-</strong></span> <span class='ocrx_word' id='word_1_719' title='bbox 1018 5382 1092 5442; x_wconf 77' lang='lat' dir='ltr'><strong>lenm</strong></span> <span class='ocrx_word' id='word_1_720' title='bbox 1100 5382 1385 5441; x_wconf 87' lang='lat' dir='ltr'><strong>modulaminarsoto</strong></span> <span class='ocrx_word' id='word_1_721' title='bbox 1397 5384 1845 5458; x_wconf 78' lang='lat' dir='ltr'><strong>syllabarumtramitelustrsra</strong></span> 
     </span>
    </p>
   </div>
   <div class='ocr_carea' id='block_1_3' title="bbox 180 5559 662 5637">
    <p class='ocr_par' dir='ltr' id='par_1_3' title="bbox 180 5559 662 5637">
     <span class='ocr_line' id='line_1_59' title="bbox 180 5559 662 5637; baseline 0.012 -20"><span class='ocrx_word' id='word_1_722' title='bbox 180 5560 238 5636; x_wconf 74' lang='lat'><strong>(62)</strong></span> <span class='ocrx_word' id='word_1_723' title='bbox 253 5559 328 5620; x_wconf 79' lang='lat' dir='ltr'><strong>iiiut.</strong></span> <span class='ocrx_word' id='word_1_724' title='bbox 343 5560 415 5620; x_wconf 82' lang='lat' dir='ltr'><strong>aaut.</strong></span> <span class='ocrx_word' id='word_1_725' title='bbox 431 5562 481 5620; x_wconf 91' lang='lat' dir='ltr'><strong>lib.</strong></span> <span class='ocrx_word' id='word_1_726' title='bbox 494 5579 522 5635; x_wconf 86' lang='lat' dir='ltr'><strong>v,</strong></span> <span class='ocrx_word' id='word_1_727' title='bbox 537 5579 601 5637; x_wconf 91' lang='lat' dir='ltr'><strong>oap.</strong></span> <span class='ocrx_word' id='word_1_728' title='bbox 618 5565 662 5623; x_wconf 82' lang='lat'><strong>19.</strong></span> 
     </span>
    </p>
   </div>
   <div class='ocr_carea' id='block_1_4' title="bbox 0 0 1890 6006">
    <p class='ocr_par' dir='ltr' id='par_1_4' title="bbox 0 0 1890 6006">
     <span class='ocr_line' id='line_1_60' title="bbox 0 0 1890 6006; baseline 0 0"><span class='ocrx_word' id='word_1_729' title='bbox 0 0 1890 6006; x_wconf 95' lang='lat' dir='ltr'><strong> </strong></span> 
     </span>
    </p>
   </div>
  </div>
 </body>
</html>
