3750 6000
137 182 188 236 391

807 190 986 249 lNOCEN'l'll
1007 197 1031 252 ll
1050 199 1141 258 raet:

1729 230 1783 283 aaz

129 320 208 361 suam
222 320 348 379 congrua
361 308 553 365 emendatione
582 312 745 383 correxerit,
766 329 927 373 excommu·
944 321 970 380 Α
985 323 1067 380 etiam
1083 327 1305 401 inquartoauno
1335 338 1451 411 byzantii
1479 358 1538 400 suae
1564 344 1691 403 ecclesias
1719 365 1781 420 per·

129 395 256 451 nicatioui
269 396 422 467 subjaceat.
441 399 497 454 Con
503 409 647 456 servantes
658 409 749 457 autem
760 404 830 473 brec,
842 406 934 461 omni-

128 485 249 553 potentis
263 486 312 541 Dei
327 495 353 542 et
368 487 514 543 beatorum
530 488 602 544 Petri
617 497 644 544 et
659 492 734 547 Pauli
744 495 931 564 apostolorum

128 571 188 641 ejus
204 573 420 631 benedictionem
436 585 462 631 et
491 577 572 632 vitam
601 586 730 634 aetemam
757 596 932 654 cousequan-

129 667 187 716 tur.
206 665 301 718 Amen.

159 776 220 849 Ego
235 777 408 836 Innocentius
423 781 568 837 Catholicae
584 782 716 840 Ecclesiae
730 785 886 857 episcopus.

162 877 232 931 Data
245 893 295 947 per
308 893 416 932 mamus
431 879 547 949 luepori
560 880 720 948 cardinalis,
734 884 843 955 agentis
853 884 928 940 vices

127 965 364 1033 domoiEmerici,
380 974 482 1024 sanetae
504 967 633 1024 Romanas
659 968 792 1026 Ecclesiae
821 972 930 1028 diaconi

125 1061 273 1120 cardinalis
287 1070 313 1118 et
327 1063 540 1130 cancellariiau
556 1064 618 1119 Kal.
631 1065 761 1134 ianuarii,
777 1067 928 1124 indictione

124 1166 165 1221 ar,
181 1149 379 1207 incarnationis
394 1152 546 1208 Dominicae
559 1168 630 1207 anno
648 1157 726 1221 1138,
755 1155 928 1226 pontificatus

125 1255 194 1297 vero
209 1240 303 1296 domni
318 1238 469 1298 innocentii
485 1256 563 1312 papae
573 1243 686 1297 secundi
702 1258 775 1300 anno
799 1261 836 1300 vx.

458 1364 588 1421 CCCXL.

126 1464 288 1521 decoctoris·
301 1462 331 1519 S.
347 1463 456 1519 Nicolci
471 1463 582 1535 Septem
598 1464 729 1520 Fontiam
742 1465 834 1535 (ctae.
853 1465 923 1521 dio-

188 1535 271 1607 poo.)
285 1536 474 1607 possessiones
489 1539 518 1589 et
532 1535 683 1606 priuilepiu
694 1537 857 1606 confirvnot.

350 1632 441 1703 (Anno
458 1633 535 1697 ttae,
552 1632 617 1687 Dec.
640 1632 696 1703 at.)

245 1738 347 1812 [Horam
362 1738 470 1794 local.
496 1740 587 1793 Proem
603 1781 610 1805 ,
628 1739 661 1807 ll,
678 1755 706 1810 p.
723 1738 797 1812 l87}

156 1854 343 1910 luuccnurrus
358 1853 512 1924 episcopus,
525 1868 621 1908 servus
637 1868 779 1908 servorum
791 1852 849 1920 Dei,
876 1853 921 1909 di-

120 1943 191 2000 lecto
211 1941 266 1999 filio
281 1942 446 2008 Bascannvo,
463 1940 555 1995 abbati
570 1940 663 1995 Sancti
685 1941 789 1997 Nicolai
802 1942 837 1997 de
865 1942 919 1999 Se-

119 2031 346 2105 ptem-Fontibus,
364 2029 480 2101 ejusque
490 2029 844 2087 successoribus-canonice
857 2047 921 2102 pro·

119 2121 266 2188 fiteutibus,
278 2120 306 2175 in
320 2126 493 2191 perpetuum.

155 2237 268 2308 Quoties
296 2235 366 2291 illud
394 2250 411 2290 a
437 2233 518 2288 nobis
546 2232 647 2305 petitur
675 2233 748 2305 quod
773 2232 873 2290 rationi
892 2243 918 2290 et

117 2323 255 2380 honestati
269 2318 417 2378 convenire
432 2317 616 2390 dignoscitur,
640 2318 732 2372 animo
761 2333 812 2373 nos
840 2319 918 2374 decet

115 2416 211 2474 libenti
223 2411 376 2470 concedere
386 2414 412 2463 et
427 2406 576 2477 petentium
593 2405 737 2460 desideriis
759 2421 914 2478 congruum

116 2503 249 2579 impertiri
264 2513 420 2557 assensum.
440 2494 568 2560 Proinde,
585 2493 682 2550 dilecte
697 2493 724 2548 in
737 2494 853 2550 Domino
879 2493 916 2551 fili

115 2601 259 2660 besceline
269 2597 364 2664 abbas,
379 2592 430 2648 tuis
447 2591 528 2660 justis
559 2591 737 2661 petitionibus
766 2591 916 2648 clementer

115 2692 270 2752 annuimus,
285 2693 311 2742 et
325 2683 469 2740 ecclesiam
485 2679 578 2735 Sancti
593 2679 699 2735 Nicolai
722 2680 756 2735 de
782 2680 913 2750 Septem·

116 2781 256 2846 Fontibus,
273 2774 316 2831 cui
331 2774 388 2828 Deo
403 2777 515 2825 uuctcre
529 2768 673 2839 praesides,
703 2784 765 2824 oum
786 2769 913 2824 omuibus

115 2870 150 2927 ad
174 2869 261 2939 ipsam
289 2857 486 2932 pertinentibus
524 2856 666 2927 praesentis
694 2857 785 2928 scripti
813 2861 912 2930 pagiua

115 2954 338 3019 commuuimus3
368 2953 516 3003 statuentes
545 2954 574 3000 ut
602 2960 778 3017 quascunque
801 2962 911 3016 posses-

988 413 1123 472 solvendo
1138 420 1482 496 infestivitatebeatiPetri,
1495 448 1580 488 causa
1590 440 1785 494 conservandae

987 503 1126 561 charitatis
1141 516 1222 580 atque
1247 513 1406 573 humilitatis
1422 519 1537 575 liberum
1567 523 1645 579 vobis
1673 541 1785 584 conces-

986 601 1056 654 sum,
1073 606 1193 650 necnon
1211 596 1334 654 fraterna
1363 604 1565 661 constratudine
1591 607 1619 661 in
1645 612 1785 683 exsequiis

986 683 1175 746 defunctorum
1190 693 1320 752 hactenus
1335 699 1436 767 habita,
1453 702 1533 757 etiam
1563 703 1591 758 in
1613 717 1695 762 autea
1722 725 1784 780 per·

985 783 1070 843 petuo
1096 784 1294 851 conservanda,
1325 789 1403 843 vobis
1440 793 1542 860 pariter
1577 792 1783 853 confirmamus.

985 864 1148 932 objicientes
1162 870 1310 943 irvsuperut
1324 876 1411 944 abbas
1426 878 1535 950 Septem
1570 882 1703 951 Fontium‚
1735 888 1782 958 qui

984 969 1034 1022 pro
1048 962 1169 1026 tempora
1185 959 1273 1027 luerit,
1290 964 1426 1021 neminem
1443 968 1557 1024 Fratrum
1573 971 1782 1030 ecclesiaeBeeti

985 1041 1054 1097 Petri
1069 1046 1182 1115 posthae
1196 1048 1223 1103 in
1238 1051 1334 1107 eodem
1365 1054 1435 1123 loco,
1466 1057 1637 1127 professione
1660 1070 1688 1116 et
1716 1064 1782 1118 obe·

982 1139 1082 1195 dieutia
1111 1142 1191 1210 factu,
1229 1147 1332 1220 absque
1356 1155 1495 1208 communi
1522 1170 1638 1212 assensu
1670 1157 1780 1215 fratrum

982 1229 1104 1296 ejusdem
1115 1233 1240 1290 ecclcsiae
1255 1237 1328 1291 Beati
1343 1239 1413 1294 Petri
1425 1242 1546 1313 recipiat.
1559 1244 1657 1301 Abbes
1674 1263 1782 1321 quoque

981 1317 1071 1374 Sancti
1092 1321 1163 1376 Petri
1178 1323 1230 1380 boe
1243 1324 1330 1395 ipsum
1347 1343 1412 1400 erga
1426 1346 1476 1385 vos
1504 1332 1605 1389 illibate
1630 1336 1777 1394 custodiat.

981 1403 1126 1473 Quiavero
1140 1425 1311 1468 communem
1334 1415 1415 1471 vitam
1438 1418 1571 1476 ducentes
1597 1423 1632 1478 da
1663 1424 1778 1479 aliorum

979 1494 1160 1568 eleemosynis
1175 1507 1203 1555 et
1219 1500 1397 1559 beneficentia
1425 1506 1523 1563 debent
1541 1509 1641 1577 vivere,
1671 1513 1777 1567 consti·

979 1581 1077 1638 tuimus
1092 1593 1120 1639 ut
1135 1586 1169 1642 de
1184 1587 1333 1657 laboribus,
1350 1609 1417 1664 quos
1432 1597 1550 1667 propriis
1575 1599 1703 1655 manibus
1731 1608 1776 1656 aut

936 1679 963 1740 Β
979 1673 1133 1742 sumptibus
1145 1675 1242 1743 colitis,
1258 1695 1307 1734 seu
1323 1681 1403 1736 etiam
1418 1684 1453 1738 de
1477 1685 1650 1742 nutrimentis
1678 1689 1777 1744 vestris

977 1760 1044 1816 dure
1059 1762 1181 1819 decimus
1197 1768 1320 1839 cuiquam
1335 1785 1390 1825 non
1409 1774 1555 1844 cogamini.
1588 1776 1673 1832 Porro
1702 1778 1775 1832 ordi-

976 1864 1037 1903 nem
1053 1860 1079 1905 ct
1093 1856 1262 1923 propositum
1274 1865 1392 1913 vestrum
1408 1861 1516 1916 vivendi
1528 1864 1661 1920 canonice
1677 1881 1777 1922 secun·

975 1937 1039 1992 dum
1066 1939 1145 2007 beati
1172 1946 1318 2016 Augustini
1344 1948 1477 2018 rapulam,
1511 1959 1536 2006 et
1577 1951 1771 2010 institutionem

976 2018 1241 2087 praemonstratensis
1254 2034 1486 2092 Ecclesiaeuullus
1499 2039 1598 2095 audeat
1618 2040 1773 2111 immutare,

974 2123 1016 2178 vel
1031 2141 1172 2194 supervos
1191 2128 1316 2185 ordinem
1326 2131 1620 2205 alteriusprolessionis
1632 2138 1773 2195 inducere.

978 2212 1100 2268 Fratrum
1116 2217 1197 2271 etium
1216 2227 1381 2288 vestrorum,
1397 2224 1443 2293 qui
1458 2225 1633 2282 stabilitatem
1652 2237 1678 2283 et
1705 2229 1773 2285 obe·

972 2300 1100 2357 dientiam
1130 2306 1326 2376 promiserunt,
1354 2311 1458 2383 absque
1485 2315 1588 2385 proprii
1610 2316 1718 2371 abbatis
1746 2325 1772 2372 et

971 2390 1081 2460 capituli
1109 2394 1152 2448 sui
1173 2395 1283 2451 licentia
1316 2398 1407 2454 nullus
1432 2401 1586 2470 discedere,
1620 2404 1769 2461 disceden-

970 2494 1022 2544 tem
1039 2506 1108 2547 vcro
1123 2493 1214 2548 nullus
1234 2495 1334 2551 audeat
1358 2498 1498 2555 retinere:
1528 2503 1601 2574 quod
1630 2503 1653 2558 si
1682 2519 1765 2560 voca·

970 2577 1164 2643 tuscanonice,
1187 2579 1275 2635 redire
1303 2585 1510 2655 contempserit,
1542 2587 1626 2642 abbas
1650 2588 1679 2643 in
1704 2605 1764 2644 eum

968 2663 1124 2732 proferendi
1141 2668 1301 2724 senteutiam
1319 2671 1418 2728 babeat
1446 2672 1608 2732 facultatem.
1637 2677 1764 2733 Ecclesia

967 2775 1076 2833 quoque
1091 2771 1179 2818 vestra
1193 2769 1538 2836 procommuniinterdicto
1547 2774 1693 2844 parochiae,
1709 2791 1763 2830 non

966 2859 1051 2918 vacet,
1067 2852 1115 2906 sed
1130 2853 1252 2909 exclusis
1271 2859 1516 2916 excommunicetis
1539 2862 1581 2917 vcl
1596 2862 1759 2928 interdictis,

965 2945 1057 3001 divina
1072 2947 1240 3006 vobisliceet
1251 2950 1340 3009 officia
1352 2955 1507 3012 celebrare.
1518 2998 1525 3012 .
1536 2996 1561 3015 ..
1582 2958 1669 3015 Simili
1680 2961 1761 3015 modo

116 3049 219 3113 aiones,
236 3053 408 3116 quascunque
420 3036 490 3091 bona
505 3034 576 3089 idem
606 3033 683 3089 locus
711 3034 909 3106 inpraesentia·
926 3035 950 3099 C
965 3043 1102 3100 sancimus
1115 3054 1144 3100 ut
1156 3064 1245 3120 neque
1256 3059 1292 3115 tu,
1308 3050 1407 3108 dilecte
1427 3054 1454 3107 in
1468 3054 1585 3110 Domino
1599 3055 1636 3111 titt
1661 3057 1761 3113 Sesce-

113 3162 173 3204 rum
186 3145 259 3216 juste
269 3147 296 3196 et
310 3135 441 3194 canonice
455 3130 586 3204 possidet,
601 3140 646 3186 aut
660 3131 685 3185 in
703 3130 822 3187 loturum
841 3148 910 3189 con-

113 3225 419 3301 passionepontidcum,
441 3221 583 3293 largitione
613 3236 705 3293 regum
733 3221 776 3276 vel
805 3221 911 3293 priuci-

113 3341 189 3398 pum,
206 3317 343 3377 oblatione
356 3312 487 3377 bdelium,
502 3327 551 3365 seu
566 3308 625 3364 aliis
635 3309 718 3379 justis
733 3310 830 3372 modis.
852 3312 910 3367 Deo

113 3419 240 3497 propitio,
252 3412 348 3488 poterit
358 3408 482 3481 adipisci,
498 3405 578 3461 firma
594 3407 641 3461 tibi
665 3406 773 3479 tuisque
797 3423 909 3464 succes-

113 3518 225 3577 soribus
238 3511 377 3571 atillibata
391 3511 571 3578 permaneant
587 3521 593 3558 :
608 3503 635 3558 in
651 3504 749 3576 quibus
767 3505 825 3561 haec
845 3521 909 3576 pro-

114 3608 183 3683 priis
205 3604 265 3662 visa
293 3606 355 3656 sunt
383 3593 560 3668 exprimenda
588 3593 753 3649 vocabulis:
784 3592 910 3650 videlicet

113 3693 245 3771 quidquid
259 3684 405 3762 possidetis
419 3683 456 3740 de
484 3681 585 3739 allodio
613 3682 647 3737 de
676 3680 784 3748 Villers,
803 3689 859 3737 tam
883 3682 910 3737 in

111 3781 192 3840 terris
206 3775 295 3843 cultis,
311 3787 394 3846 quam
408 3767 527 3835 incultis,
543 3774 570 3822 et
598 3766 724 3823 omnibus
748 3767 855 3822 usibus.
875 3768 910 3822 Et

112 3879 192 3939 etiam
208 3891 268 3949 quae
290 3869 398 3927 habetis
429 3867 458 3922 in
486 3863 585 3920 tinibus
615 3864 649 3920 de
673 3864 806 3932 Roseriis,
831 3865 909 3920 etde

110 3966 230 4030 Andelo,
248 3969 275 4019 et
288 3960 323 4016 de
337 3955 597 4024 Brualcurt,pascua
625 3951 729 4008 seilicet
739 3952 828 4024 equis,
839 3966 909 4008 vac·

108 4057 159 4123 cis,
170 4052 274 4129 porois,
289 4047 394 4117 ovibus,
412 4043 455 4100 val
470 4041 598 4114 qualibet
623 4040 790 4096 animalibus
809 4041 907 4098 vestris

110 4141 336 4203 necessariatam
354 4134 384 4190 iu
408 4131 494 4198 silvis,
524 4144 605 4200 quam
632 4129 660 4184 in
693 4127 798 4184 caeteris
823 4128 903 4184 locis.

107 4237 243 4292 Fraterea
256 4223 416 4283 molendina
429 4218 549 4292 quaesita
565 4225 627 4272 sunt
642 4217 669 4271 in
684 4217 785 4272 allodio
802 4217 836 4272 de
868 4216 909 4272 vi·

108 4331 178 4386 neis.
194 4325 327 4384 Universa
342 4331 448 4390 quoque
464 4330 525 4384 quae
538 4311 637 4367 iratres
652 4311 774 4380 ejusdem
807 4310 859 4366 loci
875 4326 909 4365 cx

964 3126 1018 3183 line
1033 3129 1129 3194 abbas,
1149 3147 1201 3187 nec
1229 3133 1327 3206 aliquis
1348 3152 1537 3194 successorum
1561 3147 1676 3208 tuorum,
1707 3141 1761 3195 nisi

966 3226 1035 3281 torte
1051 3235 1163 3284 vocatus
1178 3230 1214 3285 ad
1227 3232 1362 3302 synodum
1378 3235 1421 3290 vel
1445 3237 1496 3290 alia
1524 3238 1632 3308 negotia
1657 3255 1762 3308 praesu·

964 3311 1043 3365 matis
1071 3313 1159 3369 abira.
1189 3314 1263 3370 Nulli
1287 3332 1354 3390 ergo
1375 3320 1485 3377 omnino
1518 3322 1659 3377 bominum
1678 3323 1761 3381 liceat

964 3399 1106 3471 praelatum
1126 3403 1282 3460 coenobium
1316 3417 1416 3464 temere
1441 3411 1612 3480 perturbare,
1637 3419 1682 3468 aut
1704 3414 1761 3483 eius

964 3491 1155 3560 possessiones
1170 3492 1289 3564 auferre,
1307 3497 1350 3551 vel
1365 3497 1471 3553 ablatas
1494 3501 1613 3556 retinere
1629 3501 1759 3568 minuere,

964 3576 1007 3634 vel
1023 3578 1199 3649 quibuslibet
1215 3582 1275 3637 aliis
1290 3584 1421 3640 molestiis
1436 3585 1563 3659 fatigare,
1592 3589 1641 3645 sed
1669 3590 1761 3646 omnia

963 3665 1072 3740 integra
1086 3676 1113 3724 et
1123 3668 1228 3726 illibata
1241 3683 1439 3729 conserventur
1453 3691 1555 3745 eorum,
1571 3693 1623 3749 pro
1643 3695 1759 3750 quorum

964 3757 1160 3813 sustentatione
1171 3773 1204 3815 ac
1214 3761 1411 3830 gubernatione
1425 3779 1558 3822 concessa
1576 3775 1638 3822 sunt
1667 3767 1761 3822 usibus

963 3845 1128 3901 omnimodis
1143 3848 1298 3917 profutura.
1328 3851 1356 3907 Si
1385 3868 1439 3924 qua
1456 3853 1538 3926 igitur
1566 3855 1593 3909 iu
1621 3864 1759 3927 posterum

964 3941 1149 3998 ecclesiastica
1164 3944 1480 4020 saecularisvepersona,
1495 3951 1565 4008 banc
1580 3960 1683 4008 nostrae
1697 3969 1759 4010 con-

964 4029 1110 4085 stitutionis
1126 4034 1254 4103 paginem
1269 4035 1370 4103 sciens,
1386 4047 1484 4094 contra
1500 4056 1561 4096 cam
1581 4049 1683 4097 temere
1712 4059 1760 4099 ve·

963 4113 1021 4170 nire
1036 4116 1187 4183 tentaverit,
1207 4119 1329 4176 secundo
1344 4122 1460 4179 tertiove
1475 4127 1652 4192 commonita,
1668 4127 1692 4182 si
1706 4143 1760 4184 uon

963 4218 1084 4273 congrua
1094 4205 1275 4265 satisfactione
1288 4212 1486 4280 emendaverit,
1506 4214 1646 4284 potestatis
1671 4218 1759 4274 hono-

964 4299 1057 4372 risque
1086 4301 1128 4357 sui
1151 4302 1282 4376 dignitate
1310 4316 1413 4378 careat,
1444 4324 1571 4382 reamque
1607 4327 1637 4367 se
1665 4311 1760 4368 divino

109 4414 287 4476 concessione
300 4401 489 4464 bartholomaei
507 4400 542 4456 de
565 4398 667 4469 Nojant
695 4400 728 4454 ab
750 4399 907 4455 hominibus
919 4397 946 4458 D
957 4397 1061 4466 jndicio
1089 4396 1206 4456 existere
1220 4402 1254 4458 de
1264 4412 1424 4476 perpetrata
1437 4405 1583 4479 iniquitate
1596 4417 1758 4480 cognoscat,

108 4510 195 4584 ipsius
209 4519 260 4579 per
274 4516 337 4559 eum
357 4495 467 4554 laudum
495 4492 650 4549 tenentibus
677 4492 748 4548 intra
776 4493 844 4549 fines
871 4494 906 4551 dc

107 4605 213 4666 dndclo
224 4603 299 4674 iuste
314 4605 341 4654 at
354 4589 691 4662 canoniceacquisicrunt,
722 4596 764 4645 ant
787 4589 814 4644 iu
838 4590 906 4686 lutu-

106 4710 167 4752 rum
193 4687 318 4762 aquirere
343 4684 478 4754 poterunt,
507 4675 592 4730 tibere
620 4682 646 4730 et
675 4674 800 4732 absolute
828 4675 906 4731 vobis

100 4789 228 4850 habenda
242 4793 271 4843 et
284 4776 450 4856 possidenda
464 4773 648 4831 concedimus.
671 4774 787 4844 lusuper
821 4774 902 4829 ettam

97 4883 192 4940 locum
207 4876 253 4950 qui
267 4862 555 4939 dicvturFraugesvaul
571 4878 634 4917 curn
660 4860 787 4918 omnibus
799 4877 905 4934 appen-

103 4970 184 5029 diciis
197 4967 263 5031 suis,
276 4971 302 5020 et
316 4957 397 5017 terris
419 4965 474 5010 tam
490 4953 571 5010 cultis
588 4967 667 5024 quam
674 4950 793 5015 incultis,
805 4952 903 5022 pratis,

103 5058 182 5131 aquis
195 5064 223 5112 et
232 5052 307 5109 silvis
314 5047 389 5105 vobis
397 5043 569 5100 nibilominus
577 5038 785 5106 confirmamus;
800 5056 902 5139 quem·-

101 5145 249 5205 admodum
264 5139 346 5196 irater
373 5131 622 5190 nostchileneus
645 5129 824 5200 lingonensis
847 5144 903 5200 epv-

102 5251 203 5308 sccpus
217 5232 296 5286 bonae
310 5223 449 5281 memoriae
464 5217 631 5276 universitati
645 5226 743 5274 vestrae
753 5219 899 5286 concessit,

101 5336 130 5384 et
144 5322 245 5394 scripto
273 5313 399 5372 firmavit.
430 5313 520 5382 ipsum
542 5323 651 5381 quoque
679 5306 769 5364 locum
797 5307 832 5364 da
854 5307 901 5364 Se·

99 5424 173 5490 ptem
188 5407 329 5472 Fontibus,
347 5416 412 5459 cum
428 5397 603 5454 Francavulle
618 5394 786 5467 altadulpbo
801 5396 899 5453 abbate

100 5502 225 5562 ecclesiae
239 5495 331 5554 Sancti
353 5488 425 5547 Petri
449 5489 484 5544 de
509 5487 608 5556 Monte,
640 5501 756 5541 assensu
783 5483 897 5542 lustrum

97 5605 222 5660 auorum,
238 5585 290 5645 aub
304 5598 388 5641 ceusu
401 5577 477 5636 aurei
489 5575 593 5632 nummi
610 5573 821 5647 singulissnuis,
853 5577 897 5634 vel

960 4495 1023 4543 eta
1049 4487 1234 4546 sacratissimo
1263 4508 1382 4564 corpore
1402 4510 1434 4551 ac
1463 4495 1596 4570 sanguine
1624 4497 1674 4554 Dei
1706 4500 1759 4554 Do

959 4582 1026 4638 mini
1040 4582 1232 4656 Redemptoris
1259 4590 1347 4645 nostri
1374 4591 1440 4646 lesu
1464 4590 1563 4646 Christi
1582 4591 1672 4648 aliena
1700 4594 1756 4664 liat,

959 4680 1041 4744 atque
1056 4672 1085 4727 in
1098 4683 1225 4732 extremo
1240 4678 1366 4735 examina
1388 4680 1517 4736 districtae
1538 4680 1633 4737 ultioni
1658 4682 1754 4754 subja-

959 4766 1030 4814 ceat.
1047 4756 1157 4814 Cunctis
1171 4770 1263 4818 autem
1277 4763 1368 4819 eidem
1382 4765 1445 4822 loco
1456 4765 1575 4833 suajura
1584 4769 1756 4824 servantibus

958 4847 994 4902 sit
1007 4861 1062 4918 pax
1077 4847 1186 4904 Domini
1200 4852 1288 4907 nostri
1302 4855 1367 4909 iesu
1381 4853 1490 4921 Christi,
1507 4862 1642 4925 quatenus
1656 4861 1684 4913 ct
1712 4858 1757 4915 bic

960 4935 1075 4995 fructum
1086 4939 1165 4996 bonae
1180 4940 1296 4998 actionis
1310 4943 1470 5015 percipiant,
1486 4950 1512 4997 et
1522 4945 1755 5014 apuddistrictum

955 5026 1076 5096 judicem
1096 5030 1208 5102 premia
1240 5039 1352 5088 aeternae
1380 5032 1455 5105 pacis
1479 5029 1627 5090 inveniant.
1656 5039 1752 5105 Amen,

956 5131 1148 5188 amen,smen.

991 5216 1051 5286 Ego
1061 5216 1234 5273 innocentius
1249 5215 1397 5276 Catholicae
1413 5221 1544 5280 Ecclesiae
1558 5222 1714 5296 episcopus.

990 5305 1086 5361 Datum
1102 5306 1223 5363 leterani
1237 5323 1287 5380 per
1301 5323 1411 5367 matrum
1426 5312 1505 5369 Lucae
1518 5313 1672 5385 presbyteri
1685 5329 1749 5371 car·

952 5391 1062 5465 diaetis,
1074 5397 1181 5467 agentis
1195 5397 1269 5453 vices
1280 5398 1375 5454 domni
1404 5401 1545 5469 almerici,
1577 5412 1678 5459 unctae
1693 5403 1750 5460 llo-

951 5496 1040 5540 manae
1062 5484 1194 5542 Ecclesia
1221 5485 1331 5544 diacovd
1354 5489 1499 5546 cardinalis
1531 5497 1559 5548 et
1585 5491 1750 5561 cancellarii,

950 5594 987 5635 xvv
1002 5581 1062 5637 Kal.
1078 5582 1188 5639 ianuar.
1205 5582 1304 5641 indict.
1329 5599 1349 5655 v,
1378 5586 1575 5646 lnaaruationis
1599 5588 1751 5647 Dominicae
