3750 6000
125 243 176 299 aas
596 236 1119 298 1111811181(1181))8888111818818
1142 235 1301 297 trondem
1721 244 1773 304 998

122 361 271 438 largitionis
299 360 500 435 promulgatum
520 369 560 417 est
587 362 614 416 in
640 363 768 433 praedicto
783 364 916 430 caenobio,
933 362 960 423 Α
975 379 1031 419 suae
1045 363 1104 436 (88)
1121 374 1252 433 metuens,
1267 373 1364 422 contra
1379 383 1458 438 quem
1475 371 1530 439 (81)
1547 363 1714 426 llineardum
1729 371 1773 428 Si-

122 453 173 511 sub
190 452 332 525 praesentia
347 450 473 505 cuthredi
502 451 582 522 regis,
608 450 681 520 quod
695 453 811 522 propriae
824 464 920 506 manus
974 453 1080 523 geberti
1096 455 1204 510 fratrem
1220 455 1368 510 increscere
1391 457 1600 512 cerneretillnm
1625 459 1773 530 pmmncim

122 538 303 597 munificentia
332 538 429 594 altario
456 553 532 593 sacro
560 540 771 607 commendarit,
788 542 815 594 in
829 540 920 611 lignea
975 540 1353 614 terminose-ocqitexcedere.
1367 543 1578 611 Quicedcndum
1591 547 1646 616 58
1658 549 1771 619 tempori

125 629 250 693 basilica,
266 642 319 698 qua
335 627 429 681 francs
456 626 562 681 abbatis
577 627 706 699 Hemgisli
722 629 920 699 sacorphagum
974 636 1057 697 ratus,
1069 628 1234 685 dissimulato
1246 631 1346 696 aninro,
1363 633 1442 700 quasi
1452 607 1555 697 881888,
1567 633 1699 705 profugit.
1713 637 1769 692 ltux

121 717 303 772 sortiunturin
318 715 373 782 die,
389 730 460 769 anno
484 715 519 769 ab
545 715 732 771 incarnatione
747 718 802 785 (69)
817 717 920 787 septin-
975 732 1036 772 cnm
1065 717 1172 772 furtiuis
1193 719 1387 774 conventiculis
1413 721 1544 790 perditam
1560 723 1617 791 (85)
1632 723 1769 794 impmbo

121 807 273 878 gentesimo
288 803 495 875 quadragesimo
511 803 612 872 quinto.
632 828 643 852 a
974 820 1032 859 rum
1049 821 1158 860 manuni
1174 808 1363 873 contraxisset,
1381 809 1551 864 solitudinem
1564 811 1636 882 regis
1649 812 1769 883 auspica-

156 893 290 965 gocilo)
305 893 439 947 Aduersus
453 890 643 947 athelbaldum
652 909 746 963 regem
761 893 919 948 Marcionem
975 900 1016 946 tus
1032 893 1099 963 (86),
1118 910 1179 948 nam
1195 895 1278 948 animi
1293 911 1376 950 carisa
1390 912 1435 949 rus
1452 906 1629 966 concesserat,
1646 913 1710 954 cum
1724 916 1767 955 ex·

125 984 181 1052 (71)
198 988 224 1037 et
238 982 359 1036 Britones
374 982 432 1049 (tat
457 980 528 1034 idem
549 980 700 1036 Cutbredos
717 981 776 1053 jugi
793 981 920 1037 exercitio
974 980 1071 1050 peditis
1097 997 1130 1036 eo
1153 983 1307 1054 supervenit
1331 986 1398 1052 (87),
1419 984 1466 1039 nbi
1497 985 1561 1039 dum
1576 986 1655 1040 illurn
1681 987 1770 1042 alienis

122 1072 245 1128 victorias
257 1070 408 1140 adipiscens
416 1084 470 1123 non
480 1085 574 1139 parum
584 1069 692 1124 sudoris
701 1070 877 1141 consumpsit,
887 1084 920 1124 88
974 1070 1112 1125 amoribus
1125 1071 1316 1125 inservientem
1334 1072 1459 1133 uidisset.
1484 1089 1517 1127 en
1537 1073 1641 1128 insidiis
1662 1074 1768 1131 domurn

121 1168 181 1231 post
196 1174 281 1215 annos
296 1156 498 1228 quatuordecim
513 1156 589 1228 regni
605 1157 788 1229 gubernacula
802 1157 917 1227 reliquit.
974 1157 1041 1212 foris
1069 1160 1184 1214 obsedit.
1214 1160 1272 1216 llex
1306 1161 1414 1232 ancipiti
1443 1162 1599 1218 discrimine
1627 1171 1768 1234 permotus,

153 1249 227 1321 gli.
253 1246 370 1316 Arripuit
398 1245 462 1299 illud
500 1247 556 1313 (78)
593 1244 752 1315 sigebertus
780 1246 849 1313 (71),
879 1244 920 1301 vir
974 1261 1035 1300 cum
1051 1247 1226 1317 praesentibus
1243 1249 1531 1316 ponderatoconsilio,
1561 1252 1632 1306 fores
1649 1252 1768 1319 occlusit,

121 1338 266 1408 apudsuos
293 1334 397 1390 saeritia
426 1333 560 1399 immanis,
590 1331 715 1401 idemque
730 1332 796 1387 foris
811 1333 921 1404 ignavia
973 1349 1086 1402 sperans
1108 1336 1225 1390 latrones
1247 1337 1289 1390 rel
1318 1337 1435 1393 mulcere
1459 1339 1588 1409 elloquio,
1613 1338 1657 1394 rel
1678 1348 1770 1394 terrere

121 1423 301 1497 perinfamis:
320 1420 445 1492 quocirca
472 1420 609 1474 communi
637 1421 758 1475 omnium
781 1420 920 1476 88118888-
973 1421 1089 1491 imperio
1106 1439 1185 1478 :eum
1207 1432 1330 1478 ueutmm
1358 1425 1525 1494 procederet,
1549 1426 1589 1482 ira
1612 1427 1769 1498 percitusiu

120 1513 249 1584 spirante,
278 1510 521 1582 post57annum
548 1508 615 1562 solio
631 1507 797 1575 deturbatus,
813 1508 918 1564 meliori
973 1510 1138 1565 Kiocardum
1168 1512 1277 1577 insiluit,
1306 1512 1503 1583 minimumque
1524 1514 1612 1569 abfuit
1635 1516 1767 1586 (88)quiu

120 1602 209 1657 locum
224 1599 302 1667 faeie
320 1598 377 1665 sed,
388 1605 417 1651 ut
430 1596 488 1653 fere
501 1597 529 1650 iu
544 1596 642 1651 talibus
656 1594 695 1664 fit,
708 1613 768 1651 cum
785 1598 920 1668 magnim-
973 1598 1028 1653 rita
1043 1600 1158 1669 privaret
1171 1618 1177 1666 ;
1194 1600 1241 1655 sed
1261 1616 1276 1655 a
1291 1601 1460 1656 multitudine
1482 1603 1693 1672 circumventus,
1710 1605 1768 1660 duur

120 1690 182 1744 cline
199 1688 266 1757 (71)
282 1685 441 1742 calamitatis
459 1684 563 1755 aliquos
586 1684 619 1739 ad
648 1685 761 1757 gratiam
777 1685 817 1739 sui
832 1701 916 1740 revo-
931 1711 958 1771 B
972 1686 1070 1742 cedere
1092 1687 1220 1742 damarim
1242 1688 1337 1759 glorie
1365 1688 1517 1759 arbitratur,
1545 1699 1661 1747 mortem
1689 1693 1767 1763 proba

119 1785 214 1842 cesset,
242 1790 335 1832 eorum
366 1775 461 1830 virtute
492 1772 631 1842 provincia
656 1789 717 1842 quae
731 1773 917 1828 llamtunscire
972 1774 1041 1829 ultus
1055 1776 1451 1847 occubuittll.l).l⁸5).Pauci
1467 1795 1500 1832 ex
1513 1780 1639 1834 clientela
1652 1778 1765 1851 ejusqui

119 1867 216 1921 dicitur
230 1865 256 1919 iu
272 1861 403 1934 obsequio
418 1862 526 1916 detenta
542 1863 585 1926 (Α.
602 1861 635 1914 l).
651 1864 725 1929 788).
743 1862 839 1916 Verum
855 1878 916 1916 cum
971 1862 1092 1929 aderunt,
1109 1863 1172 1917 dum
1184 1879 1237 1918 nou
1252 1881 1350 1919 manus
1370 1866 1444 1930 dare,
1460 1866 1507 1920 sad
1524 1869 1619 1921 herum
1636 1868 1765 1923 vindicare

119 1972 168 2010 nec
182 1954 221 2009 sic
237 1959 361 2018 cessarat,
383 1957 410 2006 et
424 1965 490 2005 nece
515 1949 656 2018 cujusdam
682 1948 856 2014 cumbrandi,
871 1950 916 2020 qui
971 1950 1113 2006 intendunt
1127 1954 1193 2020 (89),
1203 1952 1353 2007 obtruncati
1369 1953 1436 2022 (98).
1458 1955 1600 2025 Extemplo
1617 1955 1691 2010 fama
1707 1955 1764 2011 mali

118 2043 271 2099 fidelissime
304 2039 354 2093 sibi
397 2038 558 2099 adhaeserat,
599 2045 711 2092 caeteros
744 2037 771 2090 in
805 2038 915 2092 exitium
972 2041 1035 2092 18811
1052 2039 1202 2109 principum
1219 2040 1366 2111 perlabitur
1379 2057 1458 2096 aures
1473 2044 1539 2111 (91),
1557 2043 1603 2112 qui
1620 2059 1674 2097 non
1691 2044 1765 2115 longe

117 2147 194 2187 suum
208 2132 431 2202 (⁸15)3arnrassct,
452 2126 485 2180 ad
511 2125 602 2180 abdita
620 2125 735 2180 ferarum
758 2126 914 2194 speloease-
970 2125 1089 2196 agebant
1116 2127 1253 2182 excubias.
1283 2127 1402 2196 eriirum
1431 2129 1476 2198 qni
1498 2130 1633 2184 maximus
1653 2146 1715 2186 aero
1742 2140 1764 2186 et

117 2220 196 2276 cessit
209 2219 284 2287 (78);
302 2217 338 2270 ibi
368 2216 425 2285 (77)
455 2229 562 2284 quoque
587 2213 916 2282 infortunioeumprose·
969 2214 1120 2285 prudentia,
1144 2214 1261 2279 Osricus,
1284 2225 1396 2271 caeteros
1423 2220 1579 2272 cohortatus
1594 2220 1653 2287 (92)
1675 2235 1711 2275 ne
1724 2235 1762 2274 ue

117 2316 225 2380 queote,
242 2304 540 2362 asubulcocoufossus
567 2302 749 2372 interibili).
768 2302 915 2357 ltacrude·
968 2318 1027 2356 cem
1055 2303 1157 2357 ‹lornini
1183 2304 1223 2357 sui
1251 2305 1277 2358 iu
1307 2305 1441 2377 insignem
1470 2313 1496 2361 et
1519 2315 1763 2377 perpetuamsuam

117 2396 264 2468 litasregis
292 2410 400 2449 ornnem
428 2407 497 2462 pene
525 2391 693 2445 nobilitatem
713 2390 914 2462 pervagatam
968 2391 1272 2462 ignominiaminultam
1297 2393 1469 2459 dimitterent,
1482 2394 1609 2449 districtis
1623 2396 1725 2467 gladiis
1738 2396 1761 2449 in

117 2484 226 2541 bomine
240 2482 340 2537 ultimae
356 2480 434 2535 sortis
447 2478 527 2533 stetit.
968 2479 1125 2547 conjuratos
1156 2480 1241 2534 irruit.
1273 2481 1422 2536 llineardus
1442 2482 1529 2553 primo
1554 2498 1662 2538 8888888
1691 2500 1761 2538 suam

150 2571 362 2643 8188888881(
388 2567 464 2638 regni
487 2568 543 2627 (79)
564 2565 748 2636 gubernacula
771 2565 915 2619 liiunulfus
968 2581 1060 2637 agere,
1083 2583 1183 2638 nragna
1205 2569 1336 2638 polliceri,
1359 2570 1548 2641 cognationem
1573 2573 1759 2639 praetendam

116 2664 183 2730 (88),
199 2661 287 2714 clarus
301 2667 327 2712 et
339 2656 384 2711 ille
399 2653 507 2724 quidem
523 2669 627 2708 mamm
642 2654 848 2723 compositione,
864 2652 913 2707 mi·
967 2654 1013 2708 nbi
1028 2653 1093 2708 nibil
1115 2654 1230 2724 proficit,
1257 2656 1291 2710 ad
1321 2657 1497 2712 resistendum
1519 2660 1760 2730 commanipulares

115 2749 232 2816 litiaeque
245 2746 328 2818 gestis
344 2764 350 2799 :
366 2743 413 2797 sad
429 2758 482 2797 uno
497 2742 554 2796 solo
574 2741 702 2796 aelrersus
716 2740 804 2795 Oll'am
819 2756 913 2812 regern
967 2745 1024 2811 (98)
1040 2743 1182 2798 accendit:
1198 2745 1310 2799 dubium
1331 2753 1467 2800 certamen
1490 2745 1555 2806 fnit:
1577 2747 1619 2801 liis
1632 2763 1683 2816 pro
1699 2749 1758 2814 rita,

114 2835 272 2890 liciniorum
301 2839 409 2903 propter
433 2830 605 2900 Bousigitune
618 2830 674 2898 (81)
691 2829 793 2899 praelio,
817 2836 912 2898 quarto
967 2845 1015 2899 pro
1040 2830 1137 2901 gloria,
1162 2848 1267 2887 stamma
1288 2849 1341 2904 ope
1367 2834 1550 2889 conantibus:
1579 2835 1689 2890 tandem
1717 2837 1759 2890 diu

115 2931 140 2977 et
162 2922 290 2978 vicesimo
317 2920 395 2990 regni
422 2933 493 2972 anno
517 2918 610 2986 rietus,
636 2918 778 2987 multisque
801 2916 911 2988 perinde
965 2925 1088 2972 cunctata
1104 2920 1214 2974 victoria
1230 2921 1256 2973 in
1269 2921 1409 2990 justiorem
1434 2929 1536 2992 partem
1555 2921 1711 2978 declinarit.
1726 2926 1760 2977 lta

113 3010 220 3065 (lamnis
236 3007 357 3073 afflictus,
380 3006 452 3062 findo
468 3005 551 3060 etiam
567 3007 641 3060 cuitu
661 3004 742 3060 finem
759 3006 821 3059 ritae
835 3005 910 3060 sorti-
965 3007 1046 3059 miser
1060 3006 1114 3074 ille,
1127 3008 1307 3078 nequidquam
1325 3011 1380 3077 (91)
1399 3009 1501 3064 fortiter
1516 3009 1626 3077 faciens,
1643 3011 1758 3066 animam

113 3107 164 3154 tus.
181 3098 252 3154 Nam
268 3112 328 3151 curn
345 3110 398 3150 uno
414 3100 439 3149 et
455 3093 562 3165 triginta
582 3092 659 3146 aunis
674 3093 730 3161 (88)
746 3108 797 3148 888
812 3093 911 3164 ignave
965 3095 1063 3160 amisit,
1074 3110 1129 3149 nou
1141 3097 1194 3164 59
1207 3096 1383 3167 fungamini)
1395 3096 1551 3152 insidiarum
1566 3113 1692 3152 successu
1709 3099 1759 3170 gia

113 3187 336 3244 necimmodeste
365 3191 510 3255 regnasset,
541 3198 588 3236 seu
610 3180 909 3252 rerumgloriaclatns,
964 3183 1054 3236 rietus.
1083 3184 1186 3253 Corpus
1223 3184 1298 3255 regis
1334 3185 1483 3239 Wintouiae
1517 3185 1664 3256 sepultum,
1693 3185 1760 3240 illios

113 3275 186 3347 quod
199 3275 265 3332 nibil
289 3273 341 3328 sibi
369 3272 540 3328 obviaturum
556 3268 686 3337 crederet,
701 3285 747 3324 scu
762 3270 909 3339 posteritati
963 3271 1143 3340 llespenduue
1161 3270 1227 3343 (98),
1248 3272 1319 3344 quod
1335 3280 1391 3327 crat
1406 3281 1468 3328 tuuc
1489 3272 1646 3328 manchium
1660 3273 1757 3341 nobile,

148 3508 205 3578 (89)
220 3506 253 3563 18
267 3507 322 3570 die,
338 3520 413 3559 anno
428 3503 462 3558 ab
472 3502 683 3557 incarnatione.
694 3515 736 3560 e.;
754 3500 847 3572 pridie
857 3503 908 3556 lfa·
997 3500 1053 3566 (79)
1070 3500 1166 3569 Requi,
1183 3515 1209 3554 a.
1221 3516 1243 3553 s.
1260 3498 1286 3553 d.
1304 3515 1327 3553 8.
1345 3499 1376 3565 1.,
1391 3498 1552 3569 potestatis,
1569 3515 1592 3555 c.

115 3580 213 3637 tendat
227 3578 292 3634 lfaii
306 3593 381 3632 unna
395 3570 607 3629 iucarnationis
622 3571 746 3634 Domini,
762 3571 791 3625 d.
808 3588 847 3624 m.
997 3571 1053 3637 (88)
1068 3571 1230 3640 ltinnutsus.
1248 3570 1379 3623 flemme„
1393 3571 1511 3638 suscepit
1523 3572 1558 3624 Α,
1578 3570 1611 3624 Ι),
1628 3571 1691 3629 753·

148 3650 395 3720 (7888888888...
416 3641 747 3715 quieruccutnrettquit.
769 3640 796 3694 d.
812 3658 836 3697 e.
849 3657 904 3706 m.;
993 3639 1051 3711 (81)
1069 3642 1258 3718 Bensiqa'tune.
1287 3614 1442 3710 basnagius,
1472 3641 1498 3693 in
1526 3641 1655 3695 comitatu
1683 3639 1753 3695 Oxo

112 3713 905 3794 lnquoiltepnriannorumnumeroetoirtutenondi-
958 3711 1044 3763 nicusi
1075 3711 1195 3782 praelium
1224 3711 1395 3765 commissum
1422 3718 1464 3764 est
1487 3726 1558 3765 anno
1585 3713 1637 3765 777
1666 3710 1749 3777 (Sea.

111 3793 198 3864 spari,
223 3789 357 3846 advertus
374 3784 569 3842 Ettelbntdum
584 3797 676 3851 reqem
696 3783 861 3838 Marciorum
875 3787 905 3838 et
960 3781 1093 3846 Claron.t;
1110 3781 1181 3850 quod
1199 3780 1426 3836 tamcnricesimo
1441 3780 1667 3851 quartodyueulli
1681 3797 1753 3837 anno

110 3865 241 3918 Bn'toner
260 3860 314 3930 'uqi
328 3855 466 3914 coercitio
482 3854 613 3909 uictoriae
627 3853 849 3924 adipiscensnon
860 3854 903 3908 ni·
957 3852 1104 3922 contigisse
1118 3851 1224 3919 nequit,
1240 3859 1268 3904 ut
1283 3851 1639 3905 asseutllalmesburiensis.

109 3878 320 3988 mininautforta
337 3927 519 3996 consumpsit,
531 3939 557 3979 a.
570 3923 597 3978 b.
608 3938 637 3993 g.
649 3923 667 3976 l.
677 3938 699 3976 s.
712 3940 719 3986 ;
737 3923 785 3977 llic
799 3923 902 3978 aduer-
993 3923 1047 3990 (88)
1059 3923 1149 3977 Unoet
1158 3923 1379 3990 triqintaannta.
1389 3919 1504 3988 Quidam
1514 3929 1635 3975 auctores
1643 3920 1755 3992 triginta

110 4020 157 4059 sus
172 3995 655 4064 8188881888)8888811888188888
670 3993 903 4064 etliritonerjuqi
955 4007 1036 4070 unum
1053 4007 1138 4045 annos
1153 3991 1271 4061 Cyneulli
1294 4007 1379 4063 regno
1396 3991 1542 4062 assignant.
1564 3992 1689 4115 nequam
1703 4008 1756 4046 cte·

109 4064 779 4136 coercitiovictorinacdipiscenauonminimum
790 4064 902 4119 anderu
955 4069 994 4131 pn
1008 4061 1140 4116 8888758
1155 4061 1304 4127 desinente,
1333 4070 1359 4116 et
1382 4076 1454 4116 anno
1479 4066 1531 4116 788
1553 4077 1602 4116 888
1616 4077 1694 4116 ossus
1709 4063 1754 4115 in-

106 4144 292 4214 consumpsit,
309 4155 342 4194 ac
356 4141 520 4210 poetonnoa
543 4133 685 4190 sexdecim
705 4135 901 4204 8888188188-
956 4132 1043 4200 teriit3
1080 4132 1151 4186 unde
1184 4137 1304 4202 sequitur
1336 4134 1411 4187 illum
1449 4132 1549 4201 viginti
1578 4148 1676 4188 uorem
1706 4147 1756 4185 an.

105 4211 351 4283 naeuius-eliquit,
367 4226 394 4262 θ·
415 4208 443 4261 k·
955 4218 1004 4256 nos
1025 4209 1127 4257 tantum
1152 4203 1220 4258 solio
1249 4204 1359 4258 sedisse.
1384 4202 1496 4272 Scripsit
1520 4202 1610 4258 forsan
1640 4202 1756 4256 blalme-

141 4288 199 4354 (Ἡ)
228 4284 404 4339 8810101818·
435 4273 592 4338 cuthredus·
618 4272 645 4326 in
668 4272 899 4327 8808881ωοί18-
954 4273 1100 4327 sburiensia
1114 4288 1170 4328 uno
1184 4273 1216 4328 de
1230 4276 1349 4345 triqinta
1363 4273 1458 4339 arania,
1471 4272 1602 4343 siquidem
1614 4271 1753 4342 ejusmodi

104 4356 227 4426 periisui
244 4366 314 4406 auaro
330 4349 450 4421 praelium
480 4339 897 4400 commisitburtordtadreuua
953 4343 1085 4398 loetiticne
1111 4344 1193 4397 utitur
1219 4343 1264 4398 ubi
1289 4344 1322 4399 de
1351 4343 1503 4398 Caedtralla
1530 4359 1624 4415 regno,
1651 4343 1664 4412 5
1693 4346 1752 4399 35:

102 4423 313 4487 AEtbelbaldum,
343 4420 503 4474 blerclomm
531 4429 634 4486 regem,
663 4428 778 4483 eumque
802 4412 829 4466 ln
853 4412 900 4469 fu·
914 4405 1027 4468 Daunia
1042 4415 1148 4470 duobus
1162 4414 1195 4468 de
1210 4415 1418 4485 quattrnqinin.

105 4495 271 4568 8811119811·
288 4494 368 4557 (SM
387 4485 652 4553 carcamusas).
993 4484 1050 4555 (88)
1067 4485 1232 4540 costenten
1254 4501 1321 4540 rna.
1349 4501 1373 4539 8.
1392 4502 1413 4538 s.
1439 4484 1465 4538 d.
1483 4502 1510 4541 8.
1538 4485 1755 4556 1.,881881888(

141 4566 197 4634 (78)
215 4566 356 4619 Britonea.
376 4560 433 4613 Hoc
447 4572 518 4612 anuo
546 4555 683 4624 praetiatus
696 4564 735 4611 est
750 4554 902 4611 Cutlrredus
956 4571 1017 4621 auo,
1033 4572 1056 4609 8.

104 4629 235 4692 adversas
248 4632 404 4686 Walenses.
424 4629 504 4693 (Soa.
521 4624 639 4692 Circa.)
992 4628 1048 4693 (81)
1064 4625 1163 4692 Quom.
1180 4641 1205 4679 a.
1222 4643 1243 4680 s.
1257 4625 1284 4679 d.
1302 4642 1327 4681 e.
1345 4626 1375 4692 1.,
1391 4642 1482 4698 quem,
1500 4643 1525 4682 c.

141 4711 198 4775 (73)
215 4702 349 4775 Arripuit
362 4698 479 4755 titudo.
496 4697 523 4751 d.
535 4713 559 4751 e.
573 4713 622 4763 m.;
634 4697 759 4771 arripuit
771 4711 899 4767 requam,
992 4701 1048 4758 (88)
1064 4697 1217 4752 peritiam.
1234 4712 1259 4751 a.
1275 4714 1297 4750 s.
1315 4697 1341 4752 d.
1358 4712 1382 4751 e.
1399 4699 1435 4759 1.,
1451 4699 1637 4769 perditorum,
1654 4714 1682 4753 c.

108 4796 137 4834 θ·
158 4795 181 4831 ⁸·
197 4779 215 4831 Ι·
992 4766 1283 4838 (taliamentum.
1300 4784 1324 4821 8.
1341 4766 1368 4820 d.
1385 4783 1409 4821 8.
1428 4767 1457 4834 1.,
1474 4772 1646 4840 aucupatur,
1663 4785 1686 4823 s.

141 4851 196 4917 (71)
226 4844 394 4916 Siqeiertua.
424 4836 582 4911 sigebertus
608 4851 723 4908 regnare
750 4837 832 4907 erepit
853 4850 899 4894 au.
991 4839 1047 4903 (87)
1063 4839 1239 4908 superuenit.
1256 4853 1280 4891 a.
1297 4855 1319 4890 s.
1331 4837 1357 4891 d.
1370 4852 1395 4892 e.
1412 4838 1442 4902 1.,
1457 4842 1670 4908 supervenerat,
1687 4857 1715 4895 e.

102 4923 165 4976 753·
990 4909 1170 4978 (88)81(811.
1190 4923 1215 4961 a.
1232 4924 1253 4961 s.
1269 4907 1296 4961 d.
1314 4924 1337 4962 e.
1355 4910 1386 4972 1.,
1403 4909 1504 4979 obfuit,
1519 4925 1546 4963 c.

139 4994 196 5062 (71)
214 4983 417 5060 lfoqnitndine.
438 4997 466 5036 8.
485 4996 511 5034 8.
536 4980 565 5035 d.
585 4995 613 5032 8.
642 4978 685 5044 1.,
708 4978 899 5047 muqnnnimi.
1002 4983 1046 5047 ⁸9)
1062 4978 1229 5034 mendum·
1244 4994 1269 5032 a·
1285 4996 1307 5032 s.
1324 4978 1350 5032 d,
1365 4995 1388 5032 ρ,
1407 4977 1441 5043 1.,
1458 4980 1647 5041 vomendum.
1660 4996 1685 5034 c·

104 5066 214 5126 181810·
1000 5052 1033 5104 90
1063 5049 1241 5104 Obtruncntt.
1261 5066 1285 5105 a.
1309 5064 1334 5104 8.
1354 5048 1381 5102 d.
1398 5050 1467 5115 8.1.,
1489 5051 1711 5115 obtruncantur,
1726 5068 1752 5108 a.

139 5134 196 5200 (731
210 5131 308 5186 Suum.
326 5144 351 5182 a.
367 5142 389 5180 S·
406 5123 433 5176 d.
446 5138 471 5177 θ·
486 5121 525 5189 l.;
541 5120 597 5187 1111(
613 5135 638 5174 ⁰·
987 5051 1047 5189 (⁹¹3
1060 5120 1220 5175 Periclitor
1238 5135 1331 5174 aurea.
1356 5134 1382 5175 a.
1408 5135 1430 5173 s.
1447 5134 1471 5174 8.
1488 5136 1513 5174 c.
1530 5120 1566 5187 1.,
1586 5122 1752 5192 perlabitur

139 5205 195 5265 (78)
212 5199 337 5254 secernit.
354 5211 380 5250 a.
396 5210 418 5248 s.
434 5193 461 5247 d.
478 5207 503 5246 o.
521 5191 556 5257 l.;
571 5191 719 5255 concessit,
735 5204 762 5244 c.
951 5190 987 5246 ad
1000 5205 1094 5255 aurea,
1110 5188 1137 5242 d.
1154 5205 1191 5244 m.

139 5276 195 5340 t'll)
211 5270 297 5325 1888-
313 5266 340 5321 d·
357 5283 381 5321 t³·
400 5264 437 5330 l.;
452 5263 533 5326 11180(
548 5277 569 5314 ⁸·
583 5277 608 5316 θ·
986 5261 1042 5325 (98)
1060 5260 1238 5316 cohortatus.
1256 5274 1283 5314 a.
1298 5276 1326 5315 c.
1352 5259 1382 5313 d.
1400 5276 1424 5314 8.
1441 5259 1472 5330 1.,
1490 5259 1670 5328 exhortatus,
1686 5279 1711 5319 a.

135 5342 192 5414 (78)
209 5344 227 5395 Α
243 5338 358 5394 subulco
373 5338 519 5406 confossus
530 5332 654 5387 interiit.
667 5330 812 5413 Cyoculfus
827 5329 897 5403 Sigi-
987 5333 1042 5399 (98)
1058 5330 1328 5402 Caramaniputares.
1351 5347 1376 5385 8.
1392 5347 1415 5385 s.
1430 5331 1459 5385 d.
1490 5347 1515 5386 e.
1532 5331 1564 5398 l,‚
1578 5335 1751 5404 manaym.

99 5414 206 5470 bertum
222 5411 249 5464 in
262 5409 358 5462 silvam
386 5405 420 5460 da
446 5403 581 5458 Anderida
595 5403 720 5472 propala,
736 5401 898 5456 8111111888-
951 5417 1027 5458 reae

99 5484 198 5539 mansit
221 5494 307 5548 usque
328 5477 392 5530 dum
420 5474 520 5528 Prirett
542 5488 558 5527 a
585 5473 682 5528 sicario
697 5471 895 5528 confoderetur.
986 5471 1043 5539 (at)
1058 5471 1255 5543 Nequicqumn.
1274 5487 1303 5527 a.
1323 5486 1346 5526 a.
1363 5470 1391 5525 d.
1414 5488 1442 5526 e.
1471 5471 1501 5539 1.,
1516 5487 1706 5546 nequaquam,
1721 5491 1746 5532 ο,

98 5557 183 5625 (Sua.
201 5550 328 5616 aaron,
342 5550 374 5602 Α.
389 5546 423 5611 D.
440 5546 515 5613 788.)
530 5543 629 5598 Confer
642 5543 894 5616 florentwigarn.
985 5543 1191 5612 (9811888888.
1207 5558 1232 5597 8.
1248 5560 1270 5597 8.
1282 5559 1306 5597 8.
1323 5557 1349 5598 e.
1365 5542 1397 5607 1.,
1414 5544 1506 5614 lonqo,
1521 5544 1552 5597 d.
1568 5559 1606 5600 m.

98 5631 134 5687 Α.
155 5625 185 5681 tt.
205 5623 268 5684 781.
985 5613 1252 5686 (98)(1888888888,
1270 5613 1376 5684 lleptou
1389 5614 1418 5669 iu
1432 5613 1608 5685 Derbpehire.
