3750 6000
47 231 126 291 taor
349 201 352 206 ’
610 233 812 297 uterorum
832 233 1026 300 novatum
1048 231 1122 294 uta.
1141 231 1169 293 ι.
1671 228 1751 292 sees

44 366 164 436 ciclico,
181 387 195 417 κ
213 366 260 425 llir
282 367 307 423 si
329 383 442 425 comam
469 367 616 437 nutrierit,
644 368 806 438 ignominia
828 374 872 426 est
884 373 913 440 A
927 367 970 427 sic
984 369 1020 425 de
1034 367 1091 424 visi
1106 366 1210 424 solstio
1231 366 1370 439 cogitare.
1386 364 1443 421 Sed
1458 379 1535 433 ecce,
1551 365 1621 421 dnm
1644 365 1700 435 (38)
1717 365 1752 422 de

44 454 89 510 illi
104 455 171 527 (36).
188 457 272 512 Anno
289 457 435 512 tricesimo
445 458 491 525 (Α.
513 454 547 511 D.
564 455 644 527 1130)
662 472 712 512 rex
730 456 873 514 ilenricus
928 462 1043 515 mortuo
1059 456 1196 514 solatium
1210 455 1275 514 vivo
1290 453 1449 527 requiritis,
1465 458 1494 510 et
1508 454 1606 511 vivum
1622 459 1652 511 et
1667 470 1751 511 mor-

45 545 173 606 tronsiit,
197 545 225 601 in
252 545 471 602 Normanuiem.
497 545 536 601 llo
559 547 784 603 anuodsluocto
799 565 873 620 papo
927 551 1010 604 tuum
1028 547 1134 619 pariter
1154 546 1328 604 collocastis.
1354 543 1512 611 Postremo,
1533 560 1586 600 uec
1606 550 1753 613 vestrum,

46 633 172 692 Honorio
198 636 243 707 (ll
277 637 368 708 Feb),
401 652 509 707 magna
532 638 719 693 contentione
746 637 873 711 eligendi
927 637 1003 694 sicut
1019 653 1071 693 uec
1086 652 1196 705 meum,
1214 635 1269 692 luit
1283 635 1397 704 eligere,
1412 635 1461 688 sed
1477 634 1575 706 potius
1590 632 1753 691 electums

46 725 200 795 apostolici
222 726 353 782 Romana
379 726 529 782 fluctuavit
547 726 684 781 Ecclesia.
700 731 789 782 lirant
803 733 872 784 tunc
928 727 1067 783 iratribus
1082 741 1218 798 spernere
1233 724 1276 781 vei
1292 723 1465 797 approbare.
1483 723 1564 790 Quod
1584 720 1684 794 igitur,
1702 738 1751 778 oe·

47 814 77 868 in
93 816 194 871 eadem
212 817 283 871 urbe
296 817 352 871 duo
369 815 555 872 lemos-issimi
575 816 749 885 cardinales,
765 817 874 890 Grego-
927 815 1020 888 plecte
1035 815 1147 886 ordine,
1160 819 1328 886 contempto
1344 826 1465 881 canone,
1477 816 1576 884 spreto
1586 811 1673 867 etism
1689 809 1752 880 ipso

48 903 110 959 rius
126 904 267 961 diaconus
292 908 386 962 sancti
409 903 523 976 Angeli,
546 911 575 960 et
597 905 700 963 Peiros
723 907 874 980 presbyter
927 906 1041 962 avobis
1056 905 1174 962 condito
1196 903 1392 970 anathemate,
1409 917 1456 958 me
1474 888 1642 975 iricoosulto
1658 898 1753 972 priore
1840 974 1842 979 ,

47 993 218 1060 cardinalis,
244 994 323 1050 silius
347 994 449 1051 Leonis
486 994 685 1051 Romanorum
707 996 872 1069 principis:
929 1003 1032 1065 vestro,
1047 993 1222 1051 inconsultis
1233 991 1321 1050 etiam
1333 990 1457 1048 [utribus
1468 989 1629 1063 maioribus
1639 994 1667 1045 et
1677 986 1753 1061 pric-

46 1083 134 1139 ambo
150 1082 241 1138 literis
258 1087 287 1139 et
307 1083 454 1139 industria
477 1083 628 1155 insignem
646 1100 698 1142 nec
712 1088 775 1141 erut
789 1086 874 1142 lacile
928 1087 1022 1156 ribus,
1034 1101 1086 1143 uec
1101 1085 1188 1143 stiam
1199 1084 1307 1142 vocetis
1323 1085 1374 1140 aut
1385 1080 1555 1154 exportatio,
1566 1095 1633 1137 cum
1648 1079 1752 1136 essetis

46 1172 121 1229 eut
144 1172 308 1228 discernere
330 1172 435 1244 populo
451 1172 875 1245 quisnameornmjnstiusali·
928 1175 1029 1233 novitii
1045 1183 1073 1233 et
1086 1175 1117 1231 in
1139 1191 1261 1232 numero
1283 1172 1362 1230 brevi
1377 1169 1558 1245 paucissimi,
1574 1169 1668 1226 lacere
1682 1184 1752 1242 prae·
1865 1232 1871 1247 .

45 1264 165 1332 geretur
179 1276 196 1315 a
211 1260 299 1317 clero.
313 1259 456 1315 Praevenit
478 1265 577 1316 tamen
597 1278 665 1333 pars
680 1279 745 1332 qun
762 1263 874 1320 lavebet
928 1266 1106 1340 sumpsistis,
1118 1283 1169 1339 pro
1181 1265 1289 1323 iniecto
1301 1264 1467 1321 hebendum
1478 1278 1553 1328 esse,
1564 1266 1593 1318 et
1603 1261 1677 1317 nihil
1688 1277 1751 1317 om·
1847 1273 1850 1277 ·

45 1346 185 1420 Gregorio
211 1356 241 1403 ιιι
258 1349 387 1421 pontifex
402 1348 553 1405 ordinatus
568 1355 718 1407 vocaretur
733 1351 872 1409 lunocen·
928 1357 1007 1414 minn
1023 1357 1154 1424 existere,
1170 1370 1204 1410 ex
1219 1355 1282 1426 ipsa
1294 1360 1390 1410 vestre
1415 1350 1608 1408 estimatione
1632 1349 1752 1421 potestis

44 1437 124 1493 tius:
142 1454 264 1508 sparsus
280 1447 323 1494 est
338 1442 428 1496 etism
444 1456 545 1496 rumor
559 1439 589 1494 in
606 1439 720 1510 plebem
732 1441 810 1512 quod
821 1442 873 1497 utl-
928 1447 1087 1502 advertere.
1099 1445 1161 1501 Cito
1171 1448 1267 1500 autem
1278 1442 1362 1498 uobis
1373 1440 1516 1498 Dominus
1527 1439 1621 1508 alluit,
1632 1444 1661 1495 et
1674 1440 1750 1496 viem

44 1526 103 1582 huc
119 1527 264 1583 Honorius
280 1528 415 1600 spiraret,
433 1534 461 1585 et
475 1530 513 1584 ita
538 1529 599 1584 fieri
620 1530 797 1602 preciperet.
815 1537 874 1586 Au·
928 1551 985 1607 qua
1000 1535 1091 1591 errori
1101 1538 1197 1590 vestro
1212 1532 1356 1590 contraire
1368 1547 1522 1603 possemus
1535 1529 1664 1586 ostendit
1675 1547 1683 1599 ;
1696 1529 1751 1584 lra-

46 1624 143 1674 clores
160 1619 277 1674 luerunt
293 1619 383 1689 hujus
404 1620 599 1677 ordinationis
616 1619 781 1677 willelmus
797 1625 873 1677 Pra-
927 1628 989 1680 trrs
1003 1625 1149 1695 siquidem
1167 1622 1256 1678 vestri
1272 1619 1435 1678 cardinales
1451 1623 1588 1691 (quornm
1605 1617 1751 1690 praecipua

44 1708 181 1762 uestinos
197 1707 364 1780 episcopus.
378 1709 520 1765 Methnus
531 1710 712 1778 ulbaneusis,
724 1712 874 1768 Conrsdus
929 1719 974 1769 set
998 1713 1026 1767 in
1052 1713 1191 1768 electione
1210 1712 1349 1782 potestas)
1366 1725 1432 1766 cum
1448 1707 1536 1776 clero,
1552 1706 1687 1764 universo
1701 1721 1751 1762 ex·

46 1793 229 1864 Sabinensis,
245 1795 396 1853 lohannes
422 1798 593 1866 Hostieosis,
619 1801 722 1856 Petrus
737 1800 875 1856 Cremon-
931 1806 1045 1874 petente
1061 1800 1177 1874 populo,
1191 1817 1258 1856 cum
1273 1801 1482 1856 honoratorum
1494 1813 1650 1864 consensu,
1662 1795 1692 1850 in
1705 1794 1750 1850 lu·

43 1883 126 1940 sisde
137 1885 223 1941 titulo
236 1886 718 1959 sanctiChrysogoni,ilaimericus
731 1889 875 1946 cancellu-
928 1908 972 1960 ce,
988 1891 1018 1948 iu
1035 1892 1199 1958 manifesto,
1217 1889 1350 1947 unanimi
1365 1893 1429 1944 roto
1445 1892 1473 1944 et
1487 1887 1643 1955 desiderio,
1658 1885 1751 1955 elege-

44 1973 117 2028 rius.
143 1975 179 2028 At
204 1991 271 2030 vero
298 1991 365 2046 pars
391 1975 490 2045 altera,
517 1977 633 2049 sepulto
650 1979 714 2049 jem
737 1979 873 2054 Honorio,
929 1975 1750 2045 runtdominomPctrumcardinalemiuRomanumpon·

43 2060 245 2116 annitentibus
273 2063 411 2118 iratribus
433 2063 520 2130 Petri,
548 2064 784 2137 locupletissimis
815 2069 873 2122 lto·
928 2069 1034 2126 tificem
1050 2070 1232 2126 hnacletnm.
1250 2068 1330 2124 lianc
1348 2081 1402 2138 ego
1426 2064 1593 2122 electionem
1611 2061 1750 2120 canonice

43 2165 197 2206 manorum
226 2159 253 2206 et
282 2151 505 2223 potentissimis,
532 2171 599 2210 eum
624 2154 748 2211 electum
773 2161 801 2211 et
830 2173 875 2212 sa·
926 2155 1099 2215 celebratum
1116 2158 1190 2215 ser
1218 2158 1364 2229 conspexi,
1381 2159 1410 2211 et
1432 2152 1622 2210 suctoreDeo
1641 2150 1749 2209 confir·

42 2245 156 2296 eratum
182 2241 294 2296 vocavit
321 2242 501 2299 hnacletum.
519 2244 664 2300 Maximus
684 2246 773 2317 hujus
792 2246 873 2302 ordi·
927 2248 1236 2305 merilluucecclesia
1250 2245 1374 2318 suscipit
1384 2249 1413 2301 et
1424 2242 1687 2300 veneraturtbuoo
1697 2256 1749 2314 per

42 2330 175 2386 nationis
190 2330 322 2386 hortator
337 2337 365 2388 et
380 2337 483 2388 auctor
498 2334 599 2390 Petrus
626 2335 797 2391 Portuensis
812 2335 874 2406 epi·
928 2336 977 2393 Dei
991 2338 1114 2408 gratiam
1135 2338 1274 2408 episcopi,
1300 2335 1431 2404 abhstss,
1456 2331 1611 2406 principes,
1638 2330 1748 2401 capita·

42 2435 151 2490 scopos
169 2420 224 2475 luit
238 2436 244 2473 :
259 2422 344 2491 cujus
359 2421 512 2493 epistolam
524 2424 548 2479 si
560 2440 694 2495 posuero,
707 2441 740 2481 ea
755 2441 871 2482 omnem
926 2428 984 2497 nei,
1000 2431 1030 2484 et
1043 2428 1176 2494 barones,
1191 2427 1313 2499 quidum
1338 2442 1390 2498 per
1408 2425 1545 2497 seipsos,
1561 2422 1682 2495 quidam
1697 2435 1749 2493 pat·

45 2511 272 2566 controversiam
285 2513 533 2585 aperiet,pronior
544 2515 871 2574 tameninunacletnm.
924 2516 1049 2574 nuncios
1060 2534 1139 2584 suos,
1150 2514 1413 2573 videntibusuobis
1429 2513 1624 2586 frequentant.
1635 2513 1749 2583 Depres-

41 2616 173 2657 artsrons
193 2618 274 2657 sarar
300 2619 477 2660 ronrunrtms
496 2621 532 2660 uc
550 2622 643 2661 stoan
669 2623 871 2664 conranrrortx.
924 2606 1071 2664 dationem
1087 2606 1168 2663 illam
1184 2604 1538 2676 atcrudelitatem,qunm
1555 2600 1746 2673 protenditis,

78 2690 143 2764 (5.
172 2715 187 2744 «
215 2693 315 2749 Petrus
345 2696 516 2752 portuensis
544 2697 711 2769 episcopus,
745 2703 872 2771 quatuor
923 2710 982 2751 nou
1004 2694 1147 2752 videmus.
1173 2693 1344 2766 Quicunque
1366 2694 1403 2750 sd
1427 2707 1495 2749 eum
1521 2706 1573 2763 pro
1598 2687 1747 2761 responsis
1802 2716 1805 2721 ¹

42 2780 187 2853 episcopis
200 2781 347 2838 Willalmo
365 2784 554 2851 Praenestino,
567 2787 692 2844 lllnthaeo
702 2787 869 2857 Albanensi,
923 2799 974 2840 seu
991 2784 1115 2856 negotiis
1130 2782 1192 2841 suis
1202 2783 1323 2840 veniunt
1333 2783 1457 2856 benigne
1471 2778 1686 2852 suscipiuntur,
1698 2777 1747 2835 be·

42 2871 175 2926 Conrado
192 2871 358 2934 Sabinensi,
374 2874 499 2930 lohsnui
516 2875 655 2933 Ostiensi.
922 2875 1042 2947 nignius
1066 2880 1261 2931 revertuntur.
1287 2873 1398 2943 Redite,
1410 2873 1475 2944 Jsm
1495 2871 1587 2927 redite
1611 2870 1647 2925 ad
1674 2882 1746 2925 cor:

68 2960 553 3033 «Quantasitprovobietribulatio
562 2965 869 3036 cordismei,illesolus
922 2964 1011 3020 nolite
1022 2963 1151 3020 schisma
1161 2963 1191 3018 in
1202 2961 1492 3030 Ecclesialacer03ad
1503 2959 1667 3014 ultimarum
1680 2956 1747 3013 sub·
1859 3014 1862 3037 ἱ

41 3049 869 3129 novitqoiomnianovittvohisqnoquemeisliteriscogni.
926 3053 1087 3110 tersionem
1105 3053 1193 3109 nolite
1214 3052 1337 3108 ulterius
1352 3051 1483 3107 laborsre
1499 3067 1506 3106 :
1523 3052 1621 3106 teneat
1635 3062 1687 3103 vos
1710 3044 1748 3101 ti·

41 3139 869 3212 tumsalternJ'amexparteiuisscl,nisiecclesiuseuteutis
925 3159 990 3200 mor
1004 3141 1054 3198 Dei
1071 3142 1137 3211 (59),
1155 3157 1213 3198 nou
1233 3141 1328 3213 pudor
1341 3139 1439 3196 seculi.
1456 3138 1592 3207 Nunquid
1613 3134 1663 3208 qui
1677 3134 1746 3192 dor·

42 3232 71 3283 ei
86 3228 254 3283 communis
271 3231 428 3286 auctoritas
440 3233 618 3303 prohiberet.
630 3234 670 3290 De
681 3237 869 3293 commenda·
926 3233 989 3296 mit,
1001 3248 1059 3288 uon
1075 3231 1193 3302 adjiciet
1208 3235 1239 3286 ut
1250 3228 1401 3302 resurgat?
1412 3226 1613 3297 desistitejam
1625 3225 1747 3281 mende-

38 3315 120 3373 tione
135 3333 187 3373 seu
199 3317 411 3389 vituperatione
422 3325 661 3392 personarumde
671 3325 779 3395 quibus
790 3342 868 3381 nunc
925 3321 989 3389 ciis,
1004 3320 1035 3376 iu
1046 3319 1245 3394 quibusimpii
1255 3335 1334 3392 spem
1345 3331 1546 3391 suamponere
1556 3316 1745 3371 consuerunt.

41 3421 213 3463 sermonum
229 3408 355 3464 varietas
371 3407 507 3481 agitetur,
524 3428 582 3468 uon
596 3416 640 3468 est
653 3413 744 3483 huius
758 3419 868 3487 tempo·
924 3410 1067 3468 Dominus
1081 3409 1231 3466 Tiburtius
1246 3410 1277 3466 in
1298 3406 1415 3482 scriptis
1430 3406 1491 3462 suis
1515 3420 1583 3462 com
1596 3404 1747 3476 juramen-

42 3495 84 3551 ris
94 3495 231 3565 judicare
249 3511 255 3551 :
272 3497 382 3568 estqui
409 3504 519 3570 quaerat
533 3505 561 3557 et
576 3501 699 3572 indicet.
716 3503 746 3559 Si
769 3507 866 3560 tsmen
924 3505 953 3556 to
968 3500 1024 3572 (lli)
1038 3500 1213 3557 testificatus
1231 3501 1285 3567 est,
1302 3497 1402 3554 dicens
1418 3494 1496 3568 quod
1521 3510 1574 3567 ego
1589 3493 1745 3550 diaconum

43 3585 202 3658 quisquam
214 3590 319 3656 praeeto
336 3587 420 3644 luerit
435 3605 582 3661 accusare,
594 3600 697 3661 prasio
708 3592 764 3649 erit
778 3598 807 3650 et
817 3594 868 3666 qui
924 3592 1016 3647 sancti
1029 3591 1133 3664 angeli
1145 3591 1240 3647 solum
1255 3590 1391 3645 idoneum
1403 3585 1535 3659 judicavi
1550 3586 1586 3641 ad
1598 3584 1747 3657 pontillca·

44 3675 148 3731 debent
157 3677 347 3747 respondem
361 3679 521 3748 presertim
534 3681 638 3737 cumin
649 3688 744 3738 vestro
755 3687 782 3738 et
793 3699 867 3756 meo,
924 3685 971 3736 tus
985 3680 1129 3738 ordinem.
1144 3680 1248 3735 Videat
1258 3679 1320 3751 lpse
1331 3677 1400 3750 quid
1412 3676 1517 3733 dixerit
1529 3692 1536 3730 τ
1547 3691 1599 3744 ego
1609 3673 1639 3730 in
1651 3673 1747 3730 occul·
1854 3674 1857 3679 '

45 3764 135 3822 immo
151 3765 181 3820 iu
198 3765 288 3821 totius
299 3766 427 3822 ecclesie
438 3773 606 3841 conspectu,
618 3774 740 3842 uterque
755 3771 870 3843 sepien-
923 3773 953 3826 to
968 3769 1084 3826 locutus
1101 3785 1166 3826 sum
1181 3769 1275 3826 nihil:
1293 3784 1351 3824 non
1367 3770 1412 3823 est
1425 3766 1533 3838 uliquis
1548 3764 1599 3836 qui
1614 3765 1668 3820 hoc
1682 3778 1745 3819 ver·

43 3857 88 3909 ter
104 3853 247 3910 vixeritet
261 3853 393 3922 honeste,
405 3860 434 3912 et
445 3874 508 3928 qus
524 3858 613 3914 olllcii
628 3859 672 3915 sui
684 3864 768 3916 erant
783 3861 870 3933 plena
924 3858 996 3915 bum
1012 3859 1048 3915 ab
1062 3876 1112 3916 ore
1123 3874 1188 3915 meo
1200 3873 1328 3930 unquam
1339 3855 1473 3913 audierit.
1490 3854 1554 3910 llec
1566 3852 1620 3909 luit
1634 3856 1749 3908 senten·

42 3940 197 4015 hucusque
213 3947 374 4000 exercuerit
385 3943 529 4002 libertate.
541 3948 694 4006 Abstinere
704 3966 756 4006 vos
772 3950 868 4023 potius
926 3947 966 4004 tie
981 3963 1047 4004 mea
1060 3964 1185 4021 semper,
1202 3955 1233 4002 ut
1249 3962 1306 4003 non
1330 3945 1386 4000 nisi
1406 3944 1519 4016 sepulto
1535 3957 1611 4015 papa
1625 3941 1661 3999 ds
1675 3955 1748 3999 auc·

40 4034 178 4089 convenit
193 4051 209 4088 a
225 4035 412 4091 sermonibus
427 4036 530 4093 otiosis
550 4042 579 4094 et
593 4039 688 4094 verbis
704 4042 869 4115 precipitur·
924 4037 1048 4095 cessoris
1072 4053 1196 4109 persona
1220 4036 1328 4092 mentio
1351 4034 1515 4091 haberetur.
1536 4030 1682 4089 Unitatem
1697 4044 1746 4088 ec·
1851 4040 1857 4053 ‘

40 4120 133 4177 tionis
152 4139 158 4177 :
176 4123 254 4177 sue
265 4127 288 4179 si
300 4125 335 4180 do
350 4126 519 4183 rumoribus
530 4129 637 4199 agitur,
648 4127 733 4202 longe
744 4148 773 4186 se
784 4131 869 4187 uliler
924 4125 1019 4182 clesin
1035 4127 1117 4182 tenui
1131 4130 1161 4181 et
1183 4124 1288 4182 tenebo
1304 4140 1311 4179 ε
1333 4121 1445 4179 raritati
1461 4126 1489 4178 et
1508 4117 1630 4192 justitie
1646 4117 1748 4174 adbe-

42 4209 154 4268 babeot
170 4228 216 4267 res
233 4229 320 4285 quam
332 4216 522 4287 vestraeapud
535 4235 581 4274 me
592 4217 695 4275 litters
707 4225 869 4292 protestun·
924 4231 988 4272 rere
1012 4214 1132 4285 curabo,
1156 4215 1338 4271 confidenter
1360 4226 1482 4284 spernus
1496 4208 1566 4282 quia
1584 4206 1702 4279 iustitia
1716 4209 1747 4263 et

45 4304 103 4356 tur.
121 4302 164 4355 Ad
182 4300 255 4370 hac,
271 4301 296 4359 si
314 4304 399 4360 rcrbe
412 4321 476 4376 quae
490 4308 639 4378 posuistis,
655 4309 680 4365 si
696 4311 808 4368 ordinis
824 4328 867 4367 ra·
924 4304 1031 4362 verilis
1046 4303 1180 4361 liberabit
1194 4320 1251 4360 me.
1268 4325 1283 4353 s

44 4389 152 4446 tionem
171 4392 331 4459 attenditis,
352 4394 501 4464 (ut,snlve
523 4397 681 4454 reverentis
703 4399 868 4469 vestra,lo·
961 4395 1007 4450 Sit
1043 4394 1198 4465 preditum
1235 4397 1338 4450 Pollu·
1381 4387 1552 4446 Postumi!
1591 4384 1659 4456 (ὅθι
1694 4383 1746 4440 1²⁰·

46 4482 145 4552 quun)
157 4480 315 4537 factionem
327 4482 407 4539 illum
419 4488 873 4563 vestrumqusconlldeutia,qua
887 4475 911 4541 D
927 4492 969 4545 tro
984 4484 1071 4543 heum
1092 4484 1220 4555 pronior,
1244 4481 1372 4554 scripsit.
1396 4479 1454 4537 Neo
1474 4491 1542 4534 sero
1566 4490 1632 4547 para
1655 4472 1746 4530 ultera

44 4569 150 4636 ironis,
175 4571 345 4628 electionem
369 4590 472 4631 vocare
488 4578 689 4647 presumitis?
704 4580 762 4635 Gur
785 4578 869 4636 illum
925 4576 1060 4634 cessabat
1084 4573 1155 4647 quin
1179 4578 1208 4632 et
1233 4573 1331 4648 ipsum
1356 4572 1472 4629 Petrum
1496 4567 1627 4628 catulum
1651 4561 1746 4623 lconis

42 4662 170 4714 vestrum
188 4659 284 4716 dicitis
311 4663 491 4734 ordinatum,
507 4682 575 4722 cum
601 4685 722 4740 prorsus
737 4669 766 4735 ip
780 4687 871 4728 causa
924 4666 1042 4733 diceret,
1058 4671 1085 4721 el
1109 4664 1237 4720 lautores
1260 4663 1325 4734 elus
1349 4659 1484 4718 lectionis
1506 4655 1664 4729 complices
1689 4667 1742 4711 no-

43 4748 108 4818 ejus
124 4749 196 4804 ordo
212 4765 270 4805 nou
287 4750 397 4807 luerit‘t
411 4753 523 4810 Siccine
534 4755 677 4813 didicistis
693 4775 798 4831 papam
814 4758 867 4815 eli·
923 4756 1059 4813 minoret.
1084 4754 1118 4810 ut
1145 4753 1188 4810 illi
1210 4753 1328 4826 quidem
1352 4751 1433 4809 uaria
1454 4751 1529 4806 iuter
1543 4763 1574 4806 se
1593 4744 1693 4803 dubiis
1707 4740 1743 4800 de

42 4836 135 4907 geret
150 4837 179 4893 in
206 4839 326 4910 angulo,
350 4840 378 4895 in
403 4841 586 4913 abscondito,
602 4844 632 4901 in
654 4847 817 4903 tenebrosis
841 4855 868 4905 et
921 4846 1009 4903 rebus
1023 4845 1159 4918 agebant.
1186 4841 1374 4900 Innocentius
1396 4857 1462 4897 vero
1486 4836 1622 4896 exclusus
1638 4834 1741 4901 Roma,

41 4926 868 5004 umbremortisislmortuopupevivumsuccedereso·
921 4935 1101 4992 transcensis
1124 4932 1259 5006 Alpibus,
1284 4931 1407 4989 Galliam
1432 4931 1487 4999 (tu)
1512 4924 1672 4986 contendit.
1697 4920 1742 4980 lbi

40 5013 443 5088 lebetisltii),curmortuum
457 5022 866 5095 vivereprsdicabatisimnl·
920 5027 956 5081 ab
980 5024 1057 5081 698
1081 5023 1160 5081 omni
1186 5023 1397 5080 citramontsns
1423 5017 1545 5077 ecclesis
1567 5016 1741 5073 incunctan-

38 5108 67 5160 to
84 5104 190 5161 melios
204 5115 266 5163 erat
282 5115 397 5166 mortuo
413 5111 625 5170 humanitatem
641 5115 820 5187 impendere,
836 5121 866 5175 et
920 5117 965 5171 ter
983 5117 1138 5187 susceptus
1152 5118 1198 5170 est
1221 5129 1228 5169 τ
1254 5111 1325 5184 quin
1349 5110 1436 5167 etism
1461 5115 1490 5165 ot
1512 5122 1563 5163 rex
1587 5103 1740 5170 henricus,

76 5244 132 5315 (36)
159 5247 204 5301 Vb·
226 5251 253 5304 si
276 5267 380 5308 comam
403 5254 547 5324 nutrierit,
563 5257 718 5328 ipnominio
743 5267 782 5315 est
806 5258 861 5315 illi.
956 5257 1010 5328 (39)
1028 5260 1078 5314 lies·
1105 5275 1130 5314 e.
1149 5259 1193 5326 ta,
1211 5257 1331 5318 Domini,
1346 5273 1370 5309 s.
1388 5272 1413 5310 c.
1429 5255 1459 5310 d.

40 5316 61 5371 ¹·
79 5317 144 5373 COR
162 5334 202 5384 Χῖ,
218 5321 260 5376 ¹¹¹·
955 5331 1011 5399 (lul
1026 5332 1194 5395 loramento,
1212 5347 1249 5391 e..
1265 5339 1446 5396 scertamento,
1461 5342 1486 5383 s.
1503 5341 1529 5381 c.
1545 5325 1575 5381 d.
1591 5324 1638 5383 la.

75 5388 134 5484 (37)
161 5392 309 5449 volebatis.
336 5413 360 5452 s.
385 5414 410 5454 c.
436 5415 473 5469 e.,
498 5400 624 5457 uoluistis
647 5402 689 5457 vel
719 5403 862 5472 volebatis,
953 5404 1009 5472 (ll)
1025 5405 1196 5464 Perlucet-it,
1222 5403 1301 5456 Petro
1326 5402 1419 5456 trono.
1444 5414 1482 5464 e.,
1506 5395 1740 5468 Portuensirepi·

36 5477 59 5515 ¹·
76 5463 105 5517 ἶ·
915 5490 1023 5545 scopus,
1039 5476 1069 5529 io
1088 5474 1201 5530 Petrum
1216 5473 1310 5528 teonis
1326 5471 1426 5541 filium,
1441 5487 1466 5527 s.
1485 5485 1508 5526 c.
1524 5467 1554 5527 d.
1570 5468 1619 5528 12.

77 5532 133 5605 (38)
149 5533 227 5606 uum,
243 5550 268 5591 a.
284 5551 309 5593 c.
326 5537 354 5593 d.
371 5541 426 5595 02.
443 5542 490 5615 12,
506 5543 646 5604 omissum
662 5544 691 5603 in
707 5561 722 5602 e
739 5547 764 5602 1.
954 5546 1009 5618 (42)
1025 5544 1157 5604 Gallium.
1174 5561 1199 5602 a.
1214 5559 1238 5601 c.
1255 5547 1284 5602 d.
1299 5543 1306 5599 l
1319 5545 1346 5614 2,
1362 5542 1486 5612 deltam,
1503 5557 1530 5600 o.
