3750 6000
71 134 1794 201 *m*

756 282 825 323 ΡΟΒΤ
842 282 948 324 ΑΝΝΠΜ
968 283 1084 324 MGXXXI.

656 434 1187 604 FROWINUS

401 695 515 752 tenes
540 695 702 755 COENOBII
722 697 856 754 MONTIS
875 650 1215 759 eNGuLORUM'ePUD
1234 701 1436 761 fluevustos

802 934 1033 1025 NOTITIA

486 1089 532 1163 (D.
549 1090 711 1161 Messenen,
727 1089 827 1146 Annal.
844 1089 959 1161 aenea,
973 1094 995 1147 t.
1011 1089 1058 1159 Vl,
1073 1091 1215 1162 ippone,
1232 1107 1259 1164 p.
1275 1092 1339 1163 657)

97 1354 125 1408 In
139 1355 293 1426 percelebri
306 1352 470 1410 monasteria
485 1354 659 1410 liinsicllensi
673 1356 747 1410 inter
760 1354 822 1411 olio
833 1353 900 1410 tues
919 1355 1024 1412 cocliccs
1039 1357 1203 1424 moenium,
1214 1373 1297 1427 opero
1311 1357 1481 1415 continentes
1496 1362 1625 1419 Frowiui
1638 1363 1769 1422 monoelti

57 1428 180 1497 primum
198 1425 389 1493 liiusidlensis,
407 1425 470 1481 acin
486 1426 592 1481 nbbalis
606 1425 636 1482 in
652 1426 738 1482 Monte
750 1426 923 1498 Anpeloruns
937 1428 1012 1497 apati
1028 1429 1159 1483 Heluetios
1173 1429 1354 1485 Subsilvanos
1368 1440 1425 1500 post
1436 1441 1563 1486 sanctum
1577 1435 1764 1506 Aldbclmum,

59 1500 109 1568 oui
118 1500 223 1568 primus
234 1497 291 1552 loco
303 1497 421 1567 precluit
435 1513 452 1552 a
466 1497 623 1553 conditione
636 1500 751 1552 ccenobii
769 1515 817 1569 per
829 1499 937 1553 beatum
948 1499 1108 1554 Conraclum
1122 1502 1196 1568 tacto
1211 1502 1260 1555 sub
1271 1518 1377 1556 aunum
1392 1518 1497 1559 ucxxv.
1510 1504 1620 1560 Primus
1630 1506 1713 1562 colec
1722 1509 1765 1563 in·

58 1573 168 1695 peracto,
184 1572 212 1622 ul
229 1573 336 1634 uocant,
352 1566 552 1638 expositionem
568 1571 598 1624 in
618 1568 775 1625 Orationem
799 1569 975 1625 Dominicam
991 1571 1178 1641 complectitur
1192 1588 1202 1625 .·
1217 1572 1351 1627 secundus
1367 1574 1495 1697 infolio,
1513 1575 1597 1631 libros
1611 1582 1713 1646 sepiem
1725 1578 1767 1636 De

72 1640 148 1696 ende
173 1641 255 1695 liberi
280 1639 405 1707 erbilrii,
420 1641 462 1694 uli
486 1655 552 1710 opus
571 1657 651 1695 suum
668 1641 797 1696 inscribit
811 1650 907 1697 auctor
922 1641 991 1709 ipse,
1011 1658 1057 1698 scu
1074 1642 1167 1714 patius
1182 1642 1214 1698 tle
1236 1645 1383 1715 praecipuis
1399 1646 1541 1715 tseolopiae
1556 1647 1763 1717 questionibus,

57 1728 125 1782 quetis
136 1712 281 1769 Frocainus
298 1709 416 1776 inutilla,
426 1710 521 1778 salitle,
536 1718 560 1766 el
574 1728 624 1782 pro
634 1715 752 1784 tempore
767 1713 1070 1783 elepanlcrpcrtroctnt
1088 1714 1237 1769 Adversus
1252 1715 1446 1786 quorumdem
1462 1733 1573 1773 errores
1589 1719 1764 1787 novitatum,

56 1787 172 1854 tortasse
199 1783 330 1839 uniuersus
355 1788 466 1838 Petrum
490 1781 679 1840 Abaelnrtlum.
705 1783 801 1839 liorlem
830 1786 935 1855 quippe
962 1794 1080 1853 tempore
1103 1787 1256 1853 Germanus,
1281 1787 1550 1857 Reicbersperpcnsis
1578 1789 1609 1845 in
1633 1792 1765 1862 bajoario

54 1856 230 1926 propositus,
249 1854 427 1925 Opusculum
444 1861 544 1910 contre
556 1854 717 1924 discipulos
732 1854 808 1910 Petri
829 1855 995 1911 Abeiolnrdi
1011 1858 1154 1925 scripsisse
1167 1863 1348 1914 memoratur.
1366 1859 1422 1925 Quo
1445 1861 1537 1915 minus
1553 1861 1722 1928 mirandum,
1739 1867 1765 1920 si

55 1927 92 1980 acl
107 1926 242 1982 Heluetios
258 1926 341 1995 buius
353 1929 434 1982 scelte
447 1927 523 1994 foma
536 1927 768 1996 penetraverit,et
784 1927 946 1984 Irowinum
959 1928 993 1982 aa
1007 1928 1183 1984 scribendum
1199 1929 1351 1997 impulerit.
1369 1929 1525 1998 optantium
1537 1936 1617 2002 essai,
1632 1938 1661 1987 ut
1675 1935 1764 1990 nostri

56 1996 253 2063 iiinsitlleuses‚
269 2012 387 2069 quorum
400 1998 521 2054 maxime
536 1996 659 2065 interest,
676 1997 761 2069 etqui
772 2008 943 2068 postremum
957 2001 1006 2053 bcc
1016 2014 1083 2068 opus
1097 2000 1154 2066 ium
1169 2000 1344 2071 descriptum,
1356 2017 1390 2056 oc
1404 2002 1479 2071 prelo
1493 2009 1632 2072 paratum
1646 2004 1760 2071 babenb,

55 2067 116 2124 suis
130 2068 206 2141 typis
220 2069 291 2124 illud
304 2069 459 2125 emitterent
473 2070 502 2123 in
512 2070 609 2124 lucem.
621 2071 738 2124 Interim
751 2068 897 2140 prolapsum
913 2070 1032 2125 trcotni
1046 2071 1075 2124 ln
1088 2073 1284 2139 expositionem
1303 2074 1450 2129 Orationis
1464 2073 1626 2142 boninus,
1642 2076 1762 2147 itemque

53 2141 250 2212 praelationem
264 2142 293 2195 in
307 2141 392 2196 libros
405 2145 508 2210 septem
525 2139 655 2195 ilelibero
668 2141 785 2197 arbitrio
794 2158 857 2195 ctum
866 2144 1115 2213 capitulationibus
1125 2142 1170 2197 bic
1180 2142 1286 2198 eclimus
1302 2145 1332 2198 in
1348 2143 1497 2215 quamdam
1511 2146 1761 2216 praeputtationem

55 2215 162 2282 tulurae
172 2210 310 2268 editionis.
332 2213 415 2267 Initio
429 2214 567 2282 sequentes
584 2227 677 2268 bosus
690 2213 839 2283 praemitlit
853 2219 958 2269 auctor.

447 2341 517 2397 Vive
533 2356 634 2413 precor
648 2340 809 2407 Berhlollh,
825 2339 876 2394 tibi
893 2341 929 2397 sil
940 2340 1083 2397 Dominus
1095 2357 1164 2414 rogo
1181 2340 1275 2397 filholl
1290 2341 1340 2414 (l).

483 2416 549 2468 Ate
565 2413 642 2484 quod
659 2412 734 2468 liber
747 2413 814 2481 sim,
829 2413 913 2468 docel
929 2412 984 2467 iste
1000 2412 1083 2468 liber.

466 2484 549 2540 Hunc
565 2484 673 2540 librum
689 2485 765 2549 vovi,
777 2500 855 2539 nunc
871 2486 1048 2555 promissum
1065 2484 1118 2539 tibi
1133 2483 1216 2542 solvi.

501 2558 553 2612 lus
568 2562 623 2625 est,
640 2556 664 2610 si
677 2557 786 2628 sepiae,
802 2563 902 2627 gestus
918 2559 950 2612 ul
964 2554 1099 2628 accipies.

58 2861 163 2902 uectem
178 2859 326 2901 eeonoeue
345 2859 475 2900 neowuu
490 2859 601 2898 tenente
621 2859 650 2898 nt
666 2859 759 2900 noune
779 2860 875 2900 cunn-
892 2841 1069 2911 Ailnmmes
1085 2840 1208 2910 mittere,
1225 2841 1253 2897 io
1269 2842 1376 2913 negotii
1397 2843 1477 2914 quod
1492 2843 1565 2899 mihi
1581 2843 1759 2915 imponeres,

105 2951 836 2993 noenuntexenensmonnunoususenoenmouss.
935 2932 1116 3002 aggrederer,
1142 2947 1200 2987 non
1231 2946 1315 3000 nove,
1340 2930 1392 2988 sed
1430 2948 1492 3004 que
1517 2950 1533 2989 n
1558 2932 1691 2991 Patribus
1724 2933 1761 2990 de

95 3025 233 3090 Quamuis
253 3025 309 3080 sim
333 3023 431 3081 labilis
455 3024 611 3088 memoriae,
627 3025 767 3082 tenaciter
780 3030 879 3082 tamen
934 3018 1087 3074 Dominica
1102 3018 1249 3086 Offilium,
1264 3019 1332 3075 licet
1343 3021 1469 3092 sparsim
1481 3021 1557 3078 diolu
1572 3022 1644 3088 elul,
1660 3021 1761 3095 aliqua

61 3112 881 3178 meminisnamanteisstsnsmottsctionen,eveneranttts
935 3107 1111 3176 cottigercm.
1128 3110 1312 3177 Quapropter
1328 3114 1379 3164 tun
1401 3110 1489 3165 retem
1505 3125 1597 3175 orare,
1615 3115 1759 3182 quatenos

61 3203 212 3278 presbyter
240 3202 443 3272 Berhtolde‚a
478 3216 544 3258 men
573 3204 713 3275 parvitate
741 3204 880 3273 exegisse,
935 3193 1759 3269 propilinDIvinilesedjuvelperiroere,quodinspirevil

61 3292 207 3361 quolenus
217 3288 355 3360 ingenloli
367 3288 620 3360 melonpecilsletn
633 3289 663 3343 in
678 3287 882 3361 explanatione
936 3282 1016 3338 velle·
1030 3282 1121 3354 lgllur
1135 3298 1222 3354 quum
1245 3282 1404 3352 sufficient,
1421 3300 1509 3354 quem
1525 3287 1700 3344 conveniens
1720 3287 1759 3344 sil

60 3378 217 3433 Dominicae
233 3375 377 3432 Orationis
397 3374 591 3441 oslenderem,
611 3376 720 3447 quode
744 3375 882 3432 rediuet
935 3387 967 3428 ee
989 3388 1053 3443 qne
1082 3370 1189 3428 dicitur
1212 3371 1363 3428 Dominice
1390 3372 1497 3444 Oratio,
1523 3373 1590 3430 lloel
1621 3377 1758 3447 lenuecll,

61 3466 185 3524 mttltum
202 3467 277 3537 npnd
295 3482 341 3522 me
365 3465 528 3522 hesitetum
552 3472 603 3521 est.
621 3465 781 3522 Deliberevi
802 3466 882 3522 enim
937 3465 1034 3516 temen
1049 3460 1196 3517 elucidare
1207 3477 1259 3532 pro
1272 3465 1359 3532 oeplu
1377 3477 1440 3517 meo
1457 3478 1576 3532 opernm
1591 3463 1679 3520 dabo.

61 3562 159 3612 ulrum
176 3555 269 3612 eslius
282 3559 359 3613 esset
374 3555 506 3611 charitati
523 3555 645 3626 petentis
659 3555 786 3628 obedire,
802 3562 831 3613 el
845 3557 882 3614 ob
972 3551 1062 3608 Nemo
1078 3553 1169 3608 nescit
1193 3554 1289 3617 homo,
1306 3552 1396 3609 Deum
1413 3552 1564 3610 hominem
1579 3572 1647 3612 aum
1667 3555 1759 3614 libero

61 3646 117 3703 hoc
133 3645 280 3701 morsibus
292 3645 457 3702 invidorum
473 3648 591 3717 pelene;
608 3662 644 3700 en
668 3645 745 3717 quod
756 3646 883 3717 jusserit
937 3641 1057 3696 nrbilrio
1072 3641 1249 3709 condidisse,
1266 3646 1320 3697 etc.

62 3737 190 3795 charites
220 3738 371 3805 denegare,
388 3740 417 3793 ei
444 3737 480 3794 ob
510 3737 564 3792 hoa
594 3736 685 3792 Deum
709 3736 882 3793 charitalem
972 3729 1759 3800 (lnfine,ExplicitliberexplanationisFrowiniabbnlis.

62 3827 181 3883 lorsitnn
201 3825 353 3882 offundere.
374 3824 480 3880 Verum
510 3825 539 3879 in
565 3841 598 3881 ee
619 3825 749 3882 constitit
763 3827 883 3882 medem
1376 3879 1380 3890 ,

61 3917 179 3973 enimus
200 3932 282 3972 meus
305 3916 458 3982 sentenlie,
473 3932 532 3988 qne
556 3915 649 3972 lulius
664 3930 729 3972 esse
754 3915 883 3986 judioevi
973 3877 1333 4022 Ηοὲθῗῖἔθὲζόὲῗξαὶοέξῖἆ
1345 3877 1394 4019 gx
1405 3878 1705 4019 wtssfflzslfcm’

60 4006 152 4064 Deum
165 4005 309 4077 plocelum
321 4003 534 4076 hebere‚quem
547 4003 768 4076 obloquentium
786 4008 884 4076 palere
976 4025 1008 4081 pp
1021 4038 1115 4079 „mm
1131 4022 1224 4078 lump„
1238 4020 1345 4077 mrem
1359 4020 1438 4077 emp
1451 4021 1506 4077 ,ppp
1520 4039 1635 4090 numm,

58 4094 151 4153 litori.
179 4096 279 4166 Itaque
299 4091 354 4149 hoo
383 4095 472 4151 eletui
493 4094 571 4150 ilicet
599 4094 704 4161 solens,
722 4110 828 4150 mnnus
854 4094 884 4150 in
1011 4095 1096 4166 liuius
1109 4097 1212 4166 scripta
1227 4092 1293 4148 libri
1306 4093 1488 4149 namslucluit
1502 4093 1586 4165 ficri.)

93 4225 132 4297 (l)
145 4225 174 4280 Id
192 4228 237 4281 ecl
252 4222 380 4281 mullum
392 4223 505 4281 eminus
520 4223 703 4280 Germanice.

636 4550 901 4639 EIUSDEM
932 4550 1183 4640 FROWINI

331 4751 376 4808 De
405 4751 530 4810 trenno
549 4751 720 4811 ARBITRIO
739 4752 788 4809 AD
811 4752 1055 4811 ADELBERTUM
1075 4752 1274 4810 nonnullum
1301 4753 1390 4811 Llfllll
1411 4752 1469 4810 lllll

558 4906 623 4971 ilas
637 4907 761 4971 Fraecin
776 4908 895 4970 obortas
909 4907 997 4971 electo
1012 4907 1149 4990 docmate
1162 4910 1262 4992 sartos

597 5005 681 5068 Fecit
694 5007 864 5071 conscribi:
876 5014 928 5086 lac
942 5007 1023 5083 bene,
1041 5007 1174 5083 Christe,
1193 5008 1258 5071 sibi.

56 5349 193 5411 INCIPIT
216 5350 522 5411 Pemrs'ttbucuut
536 5353 731 5422 suouubtms
751 5352 883 5410 ottenis.
900 5354 924 5421 Β
940 5350 1047 5423 Ingenii
1063 5349 1147 5423 egilis
1158 5347 1439 5426 acuminevelidum,
1452 5351 1480 5403 et
1492 5343 1765 5418 gretieedjuvenlls

95 5438 243 5496 Desiderio
271 5444 335 5510 tuo,
351 5441 437 5499 lreler
460 5442 625 5511 Adelberle,
649 5460 758 5502 monem
784 5457 884 5516 gerere
939 5432 1766 5512 luminelselnm‚indegnndaeveritalissludiIsinvigilene

56 5528 169 5600 cornui,
195 5529 231 5584 ob
257 5545 320 5587 eetn
348 5530 392 5586 uel
417 5531 543 5589 mersione
570 5550 688 5590 oensem
706 5533 783 5607 quod
808 5537 837 5590 te
858 5539 885 5589 et
941 5524 1766 5604 perpendi.e0cinqusopusculumcongessi,excerptnm

221 5632 353 5694 Peneon.
378 5633 531 5697 CLXXIX.
1560 5626 1598 5686 57
