3772 6006
114 232 163 289 tat
755 220 961 286 innocdrtrtt
983 222 1006 284 ll
1027 224 1123 285 Phl'AE

1712 232 1765 294 119

109 357 200 414 'brari
224 357 318 411 Vestra
338 354 439 425 itaque,
468 347 518 408 filii
538 352 703 418 charissimi,
728 353 851 419 interest,
874 353 952 420 itaA
969 355 1154 411 satisfactione
1177 370 1300 430 congrua
1311 359 1506 430 emendaverit,
1522 361 1664 432 potestatis
1678 363 1766 419 hono·

114 446 237 516 ejusdem
252 442 418 501 confessoris·
431 441 569 514 obsequiis
583 441 617 496 ad
633 443 768 497 bonorem
785 442 834 497 Dei
848 456 910 497 om·

114 533 262 607 uipotentis
275 533 398 588 addictos
414 531 540 597 existere,
566 530 604 586 ita
625 530 720 585 matris
734 539 835 586 nostrae
849 545 912 585 san·

65 658 73 675 .·
115 632 166 679 ctae
180 623 310 677 Romauae
322 619 454 676 Ecclesiae
482 618 592 674 decreta
620 618 775 674 veneranda
790 633 910 684 servare,

9 728 14 745 ι
113 720 144 766 ut
158 712 234 767 locus
248 716 338 765 vester
353 715 409 763 tem
424 706 496 777 apud
511 708 608 773 Deum,
633 722 713 778 quem
733 707 806 778 apud
821 705 910 761 homi-

114 816 175 867 nes,
191 799 296 853 laedent
311 804 338 852 et
352 797 471 869 glorium
487 803 638 861 mercatur,
654 803 681 851 et
696 803 788 850 vestra
802 793 911 851 devotio

114 898 223 945 aeternae
238 887 299 942 vitre
313 886 425 958 proemin
439 893 612 956 assequatur.

150 989 217 1042 Data
233 985 357 1042 Laterani
371 1000 423 1039 rtur
439 982 555 1038 Kalend.
571 983 647 1038 braii.

428 1080 595 1137 cccxcttt.

116 1181 260 1239 chunradi
274 1178 481 1250 archiepiscopi
495 1176 738 1248 llnpdeburpenris
758 1179 788 1231 et
814 1177 912 1246 ll'iperi

149 1262 272 1335 episcopi
301 1258 586 1329 brandenburgensis
620 1258 654 1312 da
680 1256 798 1312 decimis
827 1254 912 1325 suedi

149 1343 274 1399 ecclesie
286 1338 320 1394 S.
340 1338 472 1394 llnnretii
487 1337 570 1392 titoni
585 1337 731 1392 discernit.

327 1437 423 1505 (Auno
441 1434 518 1500 1139,
533 1434 619 1504 April.
634 1435 699 1502 110.)

114 1535 241 1607 [binnan
251 1550 339 1592 novur
349 1533 445 1588 Codex
460 1531 575 1603 diplom.
592 1531 762 1604 Brendenb„
776 1531 798 1599 l,
814 1547 871 1597 rrrt,
884 1549 911 1603 p.

473 1621 546 1690 rut]

964 445 1055 516 risque
1069 444 1111 499 sui
1126 444 1257 516 dignitate
1271 455 1374 512 careat,
1391 463 1525 521 reumque
1544 464 1575 504 se
1589 448 1682 506 diuino
1691 450 1765 520 judi·

964 533 1007 590 ciu
1022 532 1141 589 existere
1151 533 1348 605 deperpetrata
1362 536 1505 609 iniquitate
1521 547 1672 611 eognoscat
1688 558 1694 595 :
1712 548 1766 595 eta

965 621 1138 677 sanctissimo
1166 637 1280 692 corpore
1306 639 1339 679 ac
1367 625 1500 696 sauguine
1528 626 1577 681 Dei
1602 633 1629 682 et
1657 628 1767 684 Domini

964 709 1155 778 Redemptoris
1169 711 1255 765 nostri
1268 713 1330 767 Jesu
1355 713 1454 768 Christi
1478 713 1584 769 alienus
1605 713 1662 781 hat,
1681 724 1765 788 atque

964 798 993 853 in
1008 806 1131 854 extremo
1147 800 1271 856 examine
1282 801 1411 857 districtae
1426 801 1520 858 ultioni
1531 802 1680 872 subjaceat.
1697 805 1767 861 Cou-

966 895 1106 944 aerrantes
1120 895 1222 954 autern,
1239 888 1483 946 intervenientibus
1498 892 1637 947 beatorum
1650 901 1766 964 aposto-

967 976 1054 1032 lorum
1067 975 1141 1030 Petri
1152 983 1179 1030 et
1201 977 1275 1032 Pauli
1296 978 1413 1049 meritis,
1430 979 1624 1050 omnipotentis
1637 981 1686 1036 Dei
1701 997 1767 1055 gra·

966 1065 1032 1120 tiatn
1048 1071 1074 1119 et
1089 1071 1201 1120 aeternae
1226 1066 1287 1122 ritae
1310 1067 1422 1138 praemia
1445 1069 1577 1140 consequi
1597 1076 1766 1127 mereantur.

967 1156 1066 1209 lmen.

1003 1254 1063 1326 Ego
1078 1254 1256 1312 Innocentius
1270 1253 1420 1311 Catholicae
1439 1254 1571 1312 Ecelesiae
1585 1255 1744 1329 episeopus.

1004 1352 1061 1424 Ego
1076 1351 1216 1407 Conradus
1230 1351 1395 1408 sabinensis
1410 1352 1568 1425 episcopus.

1002 1447 1062 1520 ligo
1091 1448 1242 1523 Gregorius
1274 1450 1398 1506 diaconis
1425 1450 1574 1506 cardinalis
1602 1451 1764 1507 Sanctorum

968 1536 1060 1608 Sergii
1074 1545 1102 1593 et
1119 1538 1203 1594 t’auli.

1003 1634 1064 1701 Ego
1079 1634 1223 1691 Atheniens
1238 1635 1376 1691 Ostiensis
1390 1637 1550 1707 episcopus.

151 1710 952 1790 inuocanrrusepiscopus,scrrusservorum{leireneB
1003 1729 1064 1801 Ego
1087 1730 1175 1786 anas
1199 1731 1341 1804 Μῶμε,
1364 1731 1511 1787 cardinalis
1536 1734 1576 1787 ω,
1601 1733 1762 1789 smmum

113 1811 193 1867 rabili
208 1808 284 1864 fratri
293 1810 448 1863 Crruustuo
460 1806 694 1879 hlagdeburgeosi
703 1807 910 1879 archiepiscopo

114 1901 228 1970 ejusque
257 1896 462 1952 successoribus
491 1895 624 1951 canonice
649 1895 854 1962 substituendis,
884 1896 909 1950 in

113 1995 285 2062 perpetuum.

150 2085 293 2157 iudignum
309 2095 350 2138 est
360 2098 422 2138 eum
433 2083 503 2137 inter
513 2097 560 2136 eas
571 2097 704 2152 personas
715 2080 767 2136 sibi
776 2081 910 2138 discordia

114 2175 203 2232 locum
220 2173 333 2237 inuenit,
350 2187 367 2227 a
382 2171 480 2243 quibus
503 2170 603 2226 debent
624 2170 699 2242 pacis
714 2179 741 2226 et
756 2171 910 2228 concordiae

94 2264 187 2321 'bona
212 2261 381 2334 procedere;
406 2259 508 2315 idcirco
533 2260 710 2314 concordiam
734 2259 768 2315 de
796 2259 910 2316 decimis

112 2351 188 2410 fundi
202 2349 326 2407 ecclesiae
340 2350 369 2404 tt.
385 2347 512 2412 llauritii,
529 2364 590 2418 quae
604 2351 632 2401 in
648 2348 909 2421 brandenburgensi

112 2439 237 2498 Ecclesia
245 2441 295 2493 sita
306 2445 356 2503 est,
368 2437 440 2491 inter
457 2436 642 2492 venerabilem
658 2435 771 2491 fratrem
787 2445 909 2492 nostrum

111 2530 259 2604 Wigerum
270 2526 564 2598 Brarideuburgeusem
575 2525 735 2596 episcopum
743 2533 770 2579 et
780 2525 909 2581 dilectum

112 2619 203 2675 lilium
216 2624 341 2673 nostrum
356 2614 510 2669 Gerardum
527 2613 789 2687 llegdeburgensem
806 2629 909 2684 praepo-

112 2708 192 2764 situm
208 2710 323 2777 ejusque
338 2702 428 2759 socios
440 2702 499 2758 vice
515 2710 559 2757 tua
581 2701 607 2755 in
631 2702 727 2756 eadem
747 2717 829 2756 causa
845 2701 907 2756 lun-

111 2801 209 2870 gentes
223 2795 250 2849 iu
266 2798 360 2848 nostro
375 2789 549 2846 lateranensi
564 2789 666 2861 palatio
682 2790 783 2845 churtae
798 2797 826 2845 et
841 2797 909 2844 atra·

111 2892 202 2941 mento
224 2882 351 2936 duximus
375 2877 580 2936 committenda.
614 2878 749 2934 Statutum
774 2887 813 2932 est
836 2878 907 2933 enirn

112 2973 183 3047 quod
198 2981 235 3039 tu,
253 2968 419 3025 venerahilis
434 2966 519 3022 irater
529 2966 676 3021 chunrade
689 2967 905 3040 archiepiscope,

111 3072 138 3119 et
153 3061 252 3116 iratres
266 3059 313 3124 tui,
329 3056 458 3128 episcopo
473 3055 768 3126 Brandenhurgeusiet
782 3056 946 3126 ecolesimo

110 3166 167 3207 suae
178 3157 286 3205 eentum
302 3146 405 3201 talenta
419 3143 667 3216 Magdeburgeusis
676 3152 792 3199 monete
803 3152 829 3199 et
840 3145 902 3200 toti·

109 3237 171 3292 dem
183 3247 294 3288 mansos
310 3237 391 3286 terrae
405 3229 432 3283 in
447 3229 544 3284 eodem
568 3228 736 3299 episcopatu,
755 3229 792 3282 uti
808 3229 906 3284 lauda-

110 3325 178 3381 verit
191 3323 274 3377 l'rater
285 3327 376 3374 noster
386 3317 535 3372 huselmus
555 3316 713 3387 episeopus,
725 3324 752 3371 et
768 3315 906 3373 Gerardus

109 3407 357 3483 llagdeburgensis
377 3405 551 3477 praepositus,
573 3414 653 3476 atque
668 3405 806 3461 Arnuldus
820 3406 907 3462 abhas

110 3496 262 3570 Bergensis
283 3510 332 3566 pro
356 3494 428 3548 buno
452 3493 528 3563 pacis
550 3492 648 3547 dabitis
679 3502 760 3565 atque
784 3495 905 3562 tradetis,

110 3587 160 3660 qui
175 3587 300 3641 nintirunt
316 3582 403 3637 mansi
419 3581 488 3636 tales
498 3580 625 3650 eristaut,
637 3583 710 3653 quod
720 3584 906 3655 unusquisque

109 3692 203 3733 eorum
219 3689 268 3745 pro
282 3687 368 3727 censu
387 3670 456 3725 duos
479 3669 583 3724 solidos
603 3670 700 3736 solvet,
720 3679 821 3741 praeter
839 3673 906 3728 alias

110 3765 251 3828 utilitates,
271 3760 317 3833 qui
340 3758 518 3814 nihilomiuus
541 3759 648 3829 praelati
669 3759 790 3830 episcopi
812 3761 906 3816 usibus

110 3853 221 3911 cedent.
250 3851 279 3904 ln
300 3849 358 3904 istis
381 3863 446 3903 reru
469 3855 578 3903 eentum
598 3848 711 3917 mansis,
733 3849 797 3905 villa
818 3851 906 3905 Pecho

110 3939 358 4005 connumerabitur,
380 3953 441 3993 eum
466 3936 551 4004 silvis,
582 3936 702 4007 pascuis,
719 3938 814 4008 pratis,
829 3938 906 4010 aquis

109 4044 296 4106 aquarumque
306 4026 468 4083 decursibus
477 4024 544 4079 inira
552 4025 681 4080 terminos
689 4025 810 4094 ejusdem
821 4027 904 4096 rillae;

109 4137 176 4182 saue
203 4134 302 4175 census
329 4114 452 4184 ejusdem
481 4113 553 4169 rillae
581 4129 631 4184 per
660 4114 733 4168 viros
762 4113 857 4170 tideles
879 4124 906 4171 et

109 4212 234 4268 timentes
257 4207 344 4261 Deum
371 4211 553 4274 computetur,
583 4211 609 4257 et
637 4201 784 4257 secundum
806 4204 905 4272 justam

108 4296 321 4356 numerationem
339 4292 373 4347 de
387 4291 602 4362 supradictorum
617 4304 777 4346 mansorum
791 4308 906 4348 nurnero

108 4388 257 4445 minuatur.
286 4382 341 4435 Pro
364 4379 462 4452 quibus
483 4377 609 4431 omnibus
630 4378 903 4454 Brandenburgensis

108 4477 255 4548 episcopus
269 4469 347 4525 robis
361 4476 388 4522 et
401 4477 502 4522 vestrm
516 4465 641 4521 ecclesiae
655 4467 780 4539 deposita
794 4478 903 4525 contro·

965 1818 1075 1872 Joanuis
1091 1827 1117 1874 et
1133 1819 1222 1874 Pauli.

1001 1906 1060 1977 Ego
1075 1907 1270 1979 Chrysogonus
1285 1909 1432 1980 presbyter
1442 1908 1590 1966 cardinalis
1603 1909 1643 1964 tit.
1657 1909 1763 1966 Sanetae

964 1995 1107 2050 Praxedis.

998 2093 1059 2164 Ego
1074 2093 1138 2149 Otto
1152 2094 1285 2150 diaconus
1300 2094 1450 2151 cardinatis
1466 2095 1498 2151 S.
1517 2094 1641 2167 Georgii.

1000 2190 1059 2262 ligo
1074 2191 1163 2247 Guido
1176 2191 1307 2247 diaeonus
1321 2192 1469 2248 cardinalis
1478 2192 1643 2248 Sanctorum
1655 2193 1763 2249 cosmae

964 2287 989 2335 et
1003 2279 1131 2335 Damiani
1148 2279 1228 2349 juria
1242 2281 1373 2351 templum
1390 2280 1506 2336 llomuli.

999 2377 1060 2450 Ego
1076 2417 1189 2432 .....
1203 2377 1334 2433 diaeonus
1349 2376 1499 2435 cardinalis
1513 2378 1604 2435 Sancti
1620 2379 1761 2436 Eustachii

960 2465 1034 2534 juxta
1047 2464 1176 2536 templum
1192 2464 1330 2537 Agrippae.

999 2564 1059 2635 Ego
1082 2562 1235 2634 Gregorius
1258 2562 1391 2620 diaconus
1414 2563 1559 2620 cardinalis
1589 2564 1678 2620 Sancti
1703 2566 1759 2619 hn-

962 2651 1030 2723 geli.

997 2749 1059 2820 Ego
1075 2747 1215 2804 Gerardns
1230 2749 1363 2804 diaconus
1378 2749 1409 2804 S.
1427 2748 1554 2805 llariaelu
1570 2749 1723 2806 Dominica.

997 2846 1095 2900 Datum
1111 2845 1237 2901 Laterani
1250 2861 1300 2915 per
1314 2860 1423 2899 manum
1439 2843 1568 2901 almerici
1587 2852 1690 2900 sanetae
1705 2847 1759 2900 llo·

962 2949 1049 2989 manee
1063 2933 1194 2989 Ecclesia
1208 2933 1315 2988 diaconi
1328 2932 1477 2988 cardinalis
1487 2939 1515 2988 et
1529 2933 1698 3000 cancellar-ii,
1715 2948 1757 2988 ιιι

962 3021 1075 3077 Kalend.
1092 3022 1164 3084 binii,
1180 3020 1327 3076 indictione
1352 3036 1382 3086 ιι,
1403 3021 1603 3077 lucarnationis
1619 3022 1759 3076 Douiniere

962 3126 1034 3166 anno
1057 3111 1135 3178 1139,
1160 3108 1332 3180 pontificatus
1362 3111 1449 3165 nostri
1480 3109 1575 3165 domni
1602 3111 1758 3166 iunocentii

961 3214 1038 3270 papae
1051 3200 1076 3253 11
1092 3213 1163 3253 anno
1175 3199 1293 3254 decimo.

1275 3295 1436 3351 CCCXCIV.

962 3394 1221 3458 interlucentem,
1240 3391 1369 3447 abbatem
1388 3393 1415 3449 S.
1433 3392 1586 3457 llicheelis,
1603 3395 1631 3447 et
1648 3393 1758 3449 1111111ιὶ-

996 3473 1068 3537 dem,
1084 3472 1254 3528 abbatiarum
1270 3473 1513 3536 inveniueenrena,
1527 3473 1617 3528 lotum
1630 3472 1663 3529 de
1673 3474 1759 3530 eccle·

996 3553 1038 3609 sin
1053 3553 1079 3610 S.
1100 3552 1210 3623 Tyriuei
1223 3553 1399 3607 sententiam
1412 3552 1576 3621 confirmat.

1174 3650 1266 3716 (huno
1282 3651 1361 3716 1139,
1378 3649 1464 3720 April.
1481 3648 1545 3719 20.)

1139 3745 1269 3818 [Btuuz.,
1293 3746 1421 3811 hiereli„
1446 3745 1493 3815 111,
1518 3744 1580 3819 ult]

996 3844 1185 3897 innocencius
1191 3842 1346 3912 episcopus,
1354 3857 1603 3898 servusservurum
1614 3842 1674 3909 Dei,
1688 3843 1758 3900 dile-

959 3940 1003 3988 cto
1018 3930 1074 3986 silio
1097 3933 1220 3985 amnem
1244 3931 1336 3985 abbati
1359 3930 1450 3987 Sancti
1475 3931 1617 3987 llichaelis
1641 3932 1757 4005 ejusque

959 4020 1169 4076 successorihus
1194 4019 1356 4090 regulariter
1384 4019 1582 4075 substituendis
1605 4019 1632 4075 iu
1654 4036 1758 4092 perpe-

959 4117 1044 4164 tuum.
1331 4112 1337 4126 ’

995 4206 1061 4275 Quae
1075 4206 1108 4260 ad
1123 4221 1218 4277 pacem
1229 4204 1413 4262 Ecclesiarum
1422 4213 1488 4260 sunt
1498 4205 1629 4262 debemus
1640 4214 1758 4278 paterna

959 4295 1116 4366 provisione
1140 4301 1258 4350 statuere
1282 4302 1308 4349 et
1332 4309 1425 4349 earnm
1441 4295 1525 4365 quieti
1549 4304 1630 4367 atque
1645 4294 1754 4352 utititati

960 4383 1107 4441 salubriter
1121 4383 1275 4455 providere.
1291 4382 1417 4450 Proinde,
1432 4383 1460 4437 iu
1475 4384 1591 4440 Domino
1605 4384 1703 4440 dilecte
1711 4383 1760 4439 lili·

961 4473 1053 4528 lanzo
1067 4472 1161 4540 abbas,
1177 4471 1344 4528 decisionem
1358 4472 1555 4527 controversiae
1570 4489 1630 4545 quse
1646 4473 1716 4529 iuter
1731 4482 1758 4529 te

108 4563 201 4622 versia
215 4573 311 4630 pacem
326 4555 418 4619 iaciat,
428 4563 455 4610 et
465 4555 499 4609 de
513 4554 610 4609 eadent
622 4556 772 4627 quaestione
787 4558 906 4615 deeima-
958 4569 986 4618 et
1000 4561 1149 4617 lladuidem
1169 4559 1356 4615 Juvinieusem
1379 4559 1544 4615 abbatissam
1572 4575 1622 4632 pro
1637 4560 1756 4617 eeclesia

107 4668 167 4711 rum
183 4647 259 4704 lundi
282 4645 355 4702 Beati
370 4643 492 4699 llauricii
516 4643 581 4698 culti
604 4645 646 4698 vel
668 4644 773 4711 inculti,
799 4663 860 4718 quae
878 4648 903 4703 in
958 4650 994 4706 de
1006 4649 1105 4722 Tyrcio
1120 4647 1147 4703 iu
1161 4649 1309 4720 praesentia
1321 4649 1516 4704 uenerabilium
1528 4648 1642 4704 lectrum
1653 4659 1758 4707 nostro·

108 4737 236 4816 praesenti
250 4735 385 4810 possides,
401 4733 458 4788 sire
473 4732 507 4787 ad
524 4748 632 4788 manum
649 4736 905 4799 tuam,veuerabilis
958 4754 1016 4794 rum
1032 4739 1110 4794 bonae
1123 4737 1264 4793 memoriae
1289 4735 1421 4792 Willelmi
1446 4738 1615 4805 Praeuestiui,
1640 4739 1756 4795 ttuthaei

107 4832 191 4888 irater
205 4824 346 4884 Chnnrade
367 4821 583 4893 archiepiscope,
610 4823 736 4892 tenueris,
764 4824 822 4880 sive
842 4825 904 4881 aliis
958 4825 1118 4883 libanensis
1133 4826 1340 4898 episcoporum,
1353 4841 1459 4882 necnon
1474 4826 1588 4881 loannis
1598 4827 1755 4883 Cremensis

107 4918 231 4977 ecclesiis
245 4916 306 4987 ipsa
319 4913 500 4978 concesseris,
517 4927 564 4965 seu
582 4910 618 4965 tui
633 4921 825 4968 antecessores
839 4930 904 4970 con·
959 4916 1025 4972 tituli
1040 4915 1133 4971 Sancti
1147 4915 1327 4986 Chrysogoni,
1344 4913 1460 4970 Gerartli
1477 4915 1544 4969 tituli
1560 4914 1665 4973 Sanetae
1681 4916 1752 4972 Cru-

108 5007 251 5071 eesserint,
285 5000 449 5060 omnimodis
492 5001 677 5071 conquiescet.
717 5002 791 5056 Nulli
823 5003 905 5075 igitur
957 5004 1007 5072 cis,
1024 5003 1136 5060 liuberti
1153 5003 1220 5059 tituli
1244 5002 1337 5058 Sancti
1357 5002 1505 5059 Clementis
1526 5005 1754 5076 presbyterorum

106 5095 217 5153 omniuo
233 5093 335 5148 homini
350 5092 392 5145 las
408 5094 451 5154 sit,
462 5097 488 5145 te
498 5089 541 5145 rel
555 5104 732 5145 successores
746 5098 807 5146 tuos
821 5108 903 5162 super
957 5094 1147 5162 cardinalium,
1163 5101 1189 5148 et
1205 5099 1297 5147 nestra
1312 5099 1373 5148 ante
1396 5101 1564 5164 assumptum
1585 5093 1755 5165 apostolatus

105 5187 157 5242 hae
180 5181 380 5245 constitutione,
410 5179 486 5234 salva
515 5178 591 5232 tertia
615 5187 694 5250 perte
721 5180 899 5249 decimarum,
956 5182 1075 5238 ollieium
1092 5180 1284 5236 rationabiliter
1297 5179 1370 5237 iaetu
1387 5190 1438 5250 est,
1467 5182 1627 5237 auctoritate
1643 5190 1756 5253 aposto·

105 5288 166 5346 quea
181 5269 304 5342 plebanis
317 5268 442 5332 debetur,
452 5275 555 5322 temere
568 5271 738 5337 perturbare,
754 5270 798 5327 vel
812 5287 902 5342 quam·
955 5271 1005 5327 lica
1020 5269 1222 5335 confirmamus,
1248 5278 1276 5325 et
1289 5278 1465 5340 ratamatque
1480 5269 1671 5326 inconcussam
1686 5271 1755 5325 lutu-

105 5362 170 5418 libet
185 5358 267 5415 vobis
282 5355 500 5413 contrarietatem
516 5355 559 5411 rel
570 5355 777 5414 diminutionem
789 5358 899 5428 inferre,
954 5360 993 5416 ria
1008 5359 1176 5431 temporibus
1197 5374 1308 5414 manere
1332 5358 1515 5428 deceruimus,
1541 5365 1567 5415 et
1588 5366 1753 5430 perpetuum

104 5449 148 5509 rel
161 5464 222 5507 eam
236 5445 387 5518 intringere
401 5441 428 5496 in
454 5442 555 5514 aliquo,
585 5445 629 5501 rel
657 5454 771 5503 mutare.
793 5447 821 5504 Si
840 5448 901 5521 quis
954 5448 1091 5506 silentium
1108 5463 1194 5519 super
1211 5448 1264 5503 hoc
1285 5447 1374 5503 eidem
1390 5447 1540 5503 abbatisse
1554 5447 1670 5518 ejusque
1686 5461 1753 5502 suc·

103 5546 193 5597 autam
207 5538 259 5593 boe
273 5549 342 5592 ausu
366 5531 509 5588 temerario
531 5540 663 5591 attentare
684 5538 898 5612 presumpserit,
954 5538 1114 5596 censoribus
1128 5536 1283 5604 indicimus,
1294 5534 1462 5609 atquejurta
1480 5552 1585 5608 eaquae
1597 5535 1633 5592 ab
1647 5535 1752 5593 eisdem

99 5627 224 5686 mundo
251 5623 374 5682 tertiove
395 5622 591 5692 commonitus,
619 5623 672 5681 nisi
695 5633 803 5684 reatum
819 5643 900 5685 suum
951 5623 1631 5701 episcopisetaardinalibuaexindestatutasunt,
1648 5629 1753 5697 utprae
