3750 6000
70 287 146 345 1783
462 277 512 336 Di}
534 274 743 337 tilitttttnls
765 273 800 334 B.
825 273 962 335 hlAlllAE
986 274 1024 334 lN
1047 273 1152 336 Ullllll
1172 270 1371 335 sunsslort.
1691 276 1770 337 1786

67 415 300 480 excitatus,dona
312 407 824 483 quaednrmiensetinsciusgandens
844 424 890 464 nc·
905 410 931 476 Α
945 406 1145 464 testimonium
1163 407 1332 481 perhibente
1346 408 1446 480 gratiae
1456 409 1507 466 Dei
1522 408 1586 482 ipsu
1600 410 1704 469 eliceto
1716 415 1769 482 rei,

68 509 183 577 ceperat
198 510 225 559 et
240 498 578 573 vigilansretestabatur.
596 501 654 554 flue
670 498 754 571 signo
772 497 891 555 haeresis
945 497 1012 568 quia
1041 495 1126 569 plane
1153 496 1289 553 audiebat
1317 501 1347 553 et
1373 497 1557 570 loquebatur.
1588 500 1668 556 Tune
1701 518 1768 560 vero

69 593 153 649 bruta
163 588 339 657 retunditur,
351 603 414 660 que
427 589 455 642 in
469 584 682 658 paruulaaetate
693 584 767 642 nihil
778 586 891 658 operari
944 584 1046 642 laudes
1062 589 1208 642 canuntur
1222 585 1281 643 Deo
1294 584 1451 652 altissimo,
1466 589 1539 643 tunc
1562 587 1683 661 clangor
1696 594 1771 664 tym-

69 681 191 753 gratiam
202 679 329 750 Spiritus
342 674 438 733 sancti
448 691 481 732 eo
493 676 569 748 quud
582 689 635 733 nec
646 676 714 731 dum
727 673 893 746 intelligant
945 689 1089 747 panarum
1101 678 1131 730 et
1144 690 1203 731 aare
1216 675 1354 731 tubarum
1369 674 1510 732 stridores
1524 676 1687 734 imitantia:
1699 685 1769 736 tunc

70 769 248 842 baptismum
263 766 340 839 quod
360 765 518 837 accipiunt,
534 779 666 820 asserere
685 764 797 820 nititur.
820 767 891 821 Ecce
945 778 1045 835 preces
1060 765 1088 819 et
1102 762 1236 837 lacryma
1246 768 1274 819 ot
1285 764 1444 837 gratiarum
1456 765 1533 822 actio
1549 764 1673 822 ahumai
1684 770 1769 825 etate

67 858 97 915 in
126 857 182 914 hoc
207 856 369 913 dormiente
395 857 425 909 et
452 852 599 909 nesciente
614 856 732 924 operata
755 855 800 908 cst
818 872 825 922 ς
842 852 891 909 οΙίἰ
945 859 1057 908 etsexn
1076 857 1103 908 et
1129 850 1293 909 conditione
1314 855 1342 908 et
1357 850 1451 924 gloria
1477 852 1528 910 Dei
1558 852 1588 910 in
1613 868 1769 914 commune

68 947 127 1004 duu
143 945 217 1003 muti
234 947 419 1002 recesserunt
442 958 499 999 non
515 948 643 999 reserata
660 940 767 1015 lingum
783 940 891 1000 allicio.
945 944 1127 1016 praedicatur.

66 1039 123 1091 Cur
152 1035 206 1092 hoe
234 1033 372 1091 acciderit
400 1031 506 1089 melius
536 1030 614 1088 novit
642 1030 692 1088 ille
725 1035 776 1103 qul
797 1031 891 1088 sulum
997 1032 1369 1106 Xll.Decujuedamrustici
1382 1036 1537 1090 temeritate
1552 1035 1706 1092 vindicata.

66 1127 197 1184 Naaman
217 1127 322 1199 Syrum
350 1123 423 1180 dicit
447 1138 512 1180 esse
538 1126 687 1192 curatum,
708 1138 776 1178 cum
806 1121 890 1179 multi
980 1122 1252 1194 Servuscujusdam
1270 1122 1769 1197 militisSuessionensisoperiru·
1865 1112 1868 1135 ³

65 1214 174 1286 leprosi
189 1218 289 1271 essent
303 1213 332 1270 in
348 1212 434 1269 lsrael
450 1210 505 1268 suh
519 1212 614 1269 liliano
630 1212 783 1284 propheta.
944 1212 1058 1269 sticano
1074 1212 1230 1284 deputatus
1251 1211 1406 1284 aliquoties
1420 1228 1533 1270 vacuus
1558 1213 1639 1270 lestis
1664 1214 1768 1272 diebus

64 1305 111 1362 xi.
128 1306 194 1361 ltem
212 1305 247 1360 de
269 1303 326 1360 alic
341 1308 415 1358 ructo
429 1310 455 1358 cl
472 1303 554 1358 sardo
572 1317 622 1372 per
639 1302 772 1357 visionem
785 1304 889 1358 curate.
944 1318 1004 1358 unu
1014 1317 1081 1358 cum
1093 1300 1312 1358 suissodalibus
1324 1300 1360 1359 dc
1370 1300 1437 1358 villa
1447 1301 1485 1358 ad
1497 1301 1669 1359 memoriam
1677 1303 1767 1360 beata

102 1393 238 1450 Vidimus
258 1397 288 1449 et
309 1391 400 1449 alium
420 1392 455 1447 de
471 1406 545 1463 pago
560 1388 751 1446 Laudunenei
767 1391 892 1462 desuper
944 1391 993 1447 Dei
1013 1391 1168 1448 Genitricls
1184 1391 1281 1448 Maria
1297 1391 1393 1448 venire
1408 1395 1609 1449 consueverat.
1630 1393 1684 1449 Sed
1701 1392 1768 1450 allis

67 1483 215 1539 fluviolum
233 1481 332 1538 Seram
349 1479 468 1537 nomine
489 1479 540 1552 qui
562 1477 672 1536 surdus
687 1482 716 1535 et
740 1484 841 1535 mutus
855 1477 891 1535 ab
943 1498 995 1553 pro
1010 1496 1064 1538 suo
1087 1497 1173 1553 posse
1200 1478 1363 1538 oblationes
1391 1480 1577 1552 iacientibus,
1605 1488 1633 1541 et
1647 1498 1766 1542 sonuum

65 1571 191 1628 inlnntiu
219 1570 332 1627 exstitit
356 1584 363 1636 ;
387 1568 572 1627 christianus
597 1584 703 1624 naaman
734 1567 888 1640 eratbuic,
942 1571 1034 1628 beate
1049 1569 1287 1644 MariaeVirginis
1302 1569 1526 1638 honorantibus,
1542 1571 1592 1629 ille
1607 1571 1680 1629 nihil
1699 1572 1768 1629 ode-

65 1661 223 1718 etatelere
247 1675 391 1717 annorum
421 1659 566 1715 desemel
591 1663 666 1715 octe.
697 1656 748 1714 Hic
771 1656 891 1714 etinter
944 1660 1035 1718 rebat.
1053 1660 1126 1717 ilum
1153 1661 1215 1718 uice
1241 1661 1367 1732 quadam
1395 1659 1453 1716 illis
1479 1660 1723 1734 regredientibus,
1738 1664 1768 1718 et
1867 1652 1870 1657 ’

67 1759 185 1808 ceteros
208 1749 287 1806 venit
305 1749 341 1805 ad
364 1747 502 1821 sutfragia
531 1747 620 1805 hoste
636 1754 663 1803 et
692 1746 824 1817 gloriose
842 1745 891 1802 Dei
906 1739 930 1806 B
944 1749 1021 1806 later
1035 1747 1093 1806 alia
1108 1748 1157 1806 Dei
1174 1748 1330 1821 magnilica
1346 1750 1381 1806 de
1395 1765 1479 1807 socco
1500 1748 1637 1821 predicto
1659 1765 1768 1807 sermo·

64 1839 214 1912 genitricis
229 1839 337 1906 Maria,
353 1843 382 1895 et
405 1837 580 1894 obseruabat
604 1853 636 1893 sa
656 1837 686 1892 in
701 1835 823 1893 ecclesia
838 1837 892 1892 ad·
945 1856 1012 1896 nem
1024 1838 1209 1904 habentibus,
1222 1838 1296 1894 liaeo
1312 1838 1379 1911 (hoe
1390 1837 1468 1894 enim
1481 1840 1598 1895 nomine
1609 1838 1768 1896 venabatur

64 1932 172 1986 mistus
182 1926 406 1985 confertissimis
418 1926 590 1999 populorum
608 1925 699 1982 turbis
715 1925 776 1982 sola
792 1929 889 1982 mente
945 1945 1046 1985 seruus
1061 1927 1132 2000 ille),
1159 1927 1304 1998 subjecit:
1321 1950 1335 1978 a
1359 1931 1432 1983 Vere
1455 1943 1507 1983 vos
1532 1927 1615 1983 stulti
1642 1927 1725 1996 estis,
1740 1925 1767 1985 si

64 2022 93 2075 et
109 2019 232 2075 nutibus
248 2017 282 2072 ad
300 2017 389 2072 Deum
403 2015 545 2083 clamans,
558 2031 626 2071 nam
640 2015 743 2085 lingua
761 2031 818 2071 non
835 2030 888 2088 po·
942 2020 1039 2091 ipsum
1050 2022 1287 2076 succumsanctm
1297 2016 1395 2074 Marisa
1412 2017 1542 2090 putatis;
1552 2017 1614 2089 jam
1629 2016 1765 2075 certedlu
1853 2038 1860 2047 ·

62 2110 147 2162 terat.
160 2107 292 2162 Praesens
303 2120 372 2177 ergo
387 2120 504 2174 semper
514 2102 615 2160 adurat
629 2103 803 2176 prestolans
814 2109 889 2160 tem·
942 2111 987 2164 est
998 2107 1076 2180 quod
1087 2107 1235 2180 putruisse
1250 2104 1354 2178 patuit.
1369 2105 1446 2162 »Vix
1457 2104 1626 2163 beneserha
1636 2105 1766 2176 linierat,

63 2211 118 2268 pus
134 2200 163 2252 ct
180 2194 279 2252 huram
292 2195 407 2267 quando
419 2194 575 2266 respiceret
584 2208 652 2249 eum
666 2193 762 2265 gratia
778 2193 887 2263 diuina,
942 2195 1334 2268 cumecceosblasphemum
1346 2194 1546 2268 distorquetur
1558 2210 1651 2266 usque
1661 2210 1765 2253 versas

64 2282 886 2356 etdnmahaedituisasncrarioquitantampapuliim·
942 2302 1126 2343 auremcum
1141 2284 1765 2356 tantaviolentiaettormento,utpraean-
1854 2316 1857 2321 ·

64 2374 274 2445 portunitatem
299 2373 374 2429 lerre
390 2388 447 2429 non
476 2377 611 2444 poterant
626 2370 790 2442 pelleretur,
815 2372 886 2428 sub·
942 2375 1037 2450 gnatia
1051 2374 1128 2433 oculi
1143 2374 1206 2445 ejus
1219 2390 1291 2447 pene
1306 2372 1375 2431 elidi
1389 2389 1424 2430 ea
1444 2373 1539 2445 capite
1556 2371 1722 2429 uiderentur
1736 2373 1766 2431 et

67 2466 176 2522 sistens
190 2470 220 2522 et
234 2470 406 2538 exspectans
429 2463 539 2521 invitus
553 2463 714 2533 recedebat,
731 2479 797 2520 cum
820 2479 887 2520 eccs
942 2466 1087 2541 angustiis
1108 2465 1336 2539 perurgentibus
1365 2467 1424 2520 tota
1452 2462 1525 2519 lucie
1549 2461 1666 2520 inuersa
1691 2470 1717 2518 et
1732 2461 1762 2520 in

64 2555 152 2611 lldem
169 2554 234 2626 ejus
250 2553 468 2611 indeficientem
484 2553 619 2626 quamuis
634 2551 733 2625 aliquo
744 2552 888 2625 probatio·
941 2559 1087 2612 tumorem
1098 2570 1248 2624 conversa,
1260 2560 1288 2609 el
1303 2553 1339 2609 ah
1351 2553 1480 2609 humanu
1493 2568 1547 2608 usu
1557 2550 1759 2622 exterminata,
1860 2574 1867 2583 -

64 2642 110 2699 nis
125 2648 254 2715 tempore
269 2646 432 2715 protectam
447 2641 575 2714 respexit
590 2642 676 2710 Deus,
693 2645 721 2698 et
735 2643 801 2698 viem
817 2645 888 2699 sunt
941 2639 1760 2716 horroremintnentihnsexcutienslatigatuanhelitu,nt·

63 2733 88 2790 ai
113 2735 178 2791 dns
207 2750 339 2807 perseam
359 2734 553 2792 curonntaead
584 2734 701 2791 mudum
730 2735 831 2807 sponsi
859 2737 888 2790 et
941 2730 1762 2809 potetortorisuotradituserat;vixinbaecverhapro·

63 2839 175 2896 sponse
190 2822 226 2880 de
246 2823 382 2897 supernis
396 2823 580 2892 descendere,
596 2826 625 2880 et
639 2820 886 2896 luxlulgureato-
941 2825 1030 2897 rupit,
1047 2827 1079 2880 ut
1106 2821 1144 2879 ad
1167 2820 1319 2879 ecclesiam
1346 2821 1458 2879 Sancte
1477 2821 1527 2879 ilai
1541 2818 1696 2877 Genitrlcis
1715 2835 1762 2877 re-

63 2916 122 2968 tam
147 2911 299 2970 ecelesiam
330 2911 472 2985 implevit.
489 2912 558 2968 licat
572 2920 670 2970 autem
694 2912 808 2986 species
823 2911 887 2985 gla-
941 2915 1104 2970 duceretur.
1121 2911 1155 2968 llt
1171 2909 1335 2968 elefantum
1351 2913 1403 2967 eet.
1426 2909 1460 2964 lit
1474 2911 1622 2982 proiectus
1636 2912 1704 2965 ante
1718 2906 1760 2964 al·

63 3001 145 3056 riusa
176 3000 302 3074 Virginis
322 3008 380 3057 tam
395 3001 426 3058 in
452 3000 636 3058 uestimentis
660 3017 748 3074 quarn
764 3001 794 3058 in
811 3001 886 3058 laeie
942 3011 1002 3061 tare
1017 2999 1216 3074 spectaculum
1233 3016 1294 3056 suae
1317 2999 1440 3056 vesanie
1458 3002 1487 3055 et
1506 2995 1683 3055 vindiciaria
1708 3012 1762 3069 po-

63 3091 188 3146 csndcre
202 3089 377 3158 admirabili,
389 3089 490 3162 quales
502 3089 634 3147 emlestes
644 3094 673 3147 et
685 3089 760 3147 lucis
771 3094 885 3146 eterne
942 3092 1057 3148 testatis
1072 3089 1118 3147 cul
1134 3089 1261 3145 traditus
1274 3091 1346 3159 erat,
1361 3087 1533 3160 aliquandiu
1549 3085 1690 3144 exhibuit.
1706 3092 1761 3141 Ar·

63 3178 174 3235 incolas
191 3179 313 3252 dignum
323 3180 619 3251 estapparera.Tunc
634 3195 700 3236 vera
711 3178 887 3236 duleimanu
942 3180 1073 3237 ctabatur
1086 3183 1182 3236 autem
1198 3178 1353 3250 corporein
1364 3185 1508 3234 tumorem
1518 3192 1603 3233 verso
1618 3192 1625 3231 :
1641 3174 1763 3249 spiritus

64 3284 118 3325 sua
133 3267 231 3323 lauces
246 3267 346 3339 egroti
362 3270 541 3339 pertractans
555 3271 583 3324 et
597 3266 806 3323 orauinculum
823 3265 885 3323 lin·
941 3273 971 3327 in
986 3269 1148 3326 visceribus
1163 3268 1239 3338 eius,
1254 3265 1387 3324 lurnilaro
1407 3263 1535 3322 anhelitu
1548 3264 1659 3322 vicinas
1674 3280 1762 3321 aures

66 3371 131 3428 gne
144 3360 171 3413 et
182 3356 295 3412 aurium
309 3354 581 3426 resoluit,virtutem
592 3355 889 3427 imperiosauamina
942 3359 1098 3432 polluebat.
1114 3357 1176 3415 Vox
1189 3357 1253 3429 ojus
1269 3359 1302 3413 nt
1317 3355 1442 3428 rugitus,
1458 3361 1486 3410 et
1500 3353 1600 3426 lingua
1610 3357 1639 3410 et
1649 3368 1699 3410 are
1714 3369 1764 3410 ne·

67 3445 149 3501 linia
166 3444 279 3502 cruoris
303 3448 457 3502 attestante
476 3444 527 3517 qui
552 3461 603 3518 per
618 3461 704 3502 nares
718 3449 747 3502 et
760 3462 845 3501 aures
861 3448 889 3502 et
941 3454 1028 3523 ganta
1039 3446 1178 3505 cilicium.
1195 3446 1278 3503 Tunc
1289 3445 1397 3517 pietate
1412 3441 1537 3518 permoti
1546 3440 1699 3499 Mathildis
1710 3441 1764 3499 ah-

65 3551 116 3594 ora
127 3535 281 3608 prosilivit.
297 3536 390 3592 Tanto
402 3534 488 3607 igitur
499 3534 639 3592 beneficio
655 3542 771 3608 accepto
783 3535 889 3592 tacitus
941 3539 1053 3595 batissa
1064 3540 1093 3594 et
1105 3536 1199 3593 ceteri
1213 3534 1262 3607 qui
1278 3534 1410 3601 aderant,
1426 3529 1633 3605 applicuerunt
1647 3546 1714 3587 eum
1726 3530 1762 3586 ad

64 3626 207 3698 gaudens,
224 3624 347 3681 silenter
361 3623 499 3693 abcessit,
519 3627 546 3680 et
562 3639 696 3681 reversus
710 3625 746 3681 ad
774 3641 843 3682 suus
857 3641 889 3682 se
942 3627 1043 3684 altare.
1060 3627 1121 3693 Quo
1137 3624 1300 3696 amplexato
1327 3620 1459 3694 signatur
1473 3618 1607 3692 reliquiis
1618 3626 1644 3675 et
1667 3633 1763 3684 succo,
1820 3632 1824 3639 ·
1846 3614 1851 3684 J

65 3718 174 3774 dunum
192 3716 333 3788 loquendi
348 3716 495 3789 accepisse
507 3720 630 3773 testatus
646 3721 690 3774 est
711 3716 887 3787 balbutiens,
942 3719 970 3771 et
985 3713 1072 3788 ooepit
1087 3712 1232 3769 meliorari
1247 3714 1276 3767 el
1290 3711 1325 3766 ab
1340 3714 1463 3782 urgente
1488 3713 1600 3765 tumore
1624 3707 1761 3764 relaxari.
1855 3744 1862 3749 -

64 3811 165 3880 utpote
190 3807 241 3880 qni
270 3806 323 3862 lari
341 3807 427 3862 modo
444 3806 625 3863 addiscebat.
642 3807 704 3864 (lita
725 3808 889 3881 percrebuit
942 3803 1015 3869 Quid
1038 3802 1145 3876 plura?
1165 3802 1199 3858 Et
1214 3801 1302 3857 iacies
1316 3804 1346 3857 et
1361 3814 1467 3871 eorpus
1481 3797 1544 3868 eius
1566 3795 1760 3869 integerrime
1861 3800 1869 3815 ⁴

65 3895 886 3969 apndsuosccmuosetcompatriotasChristianullenm
942 3891 1108 3949 restitutum
1134 3894 1178 3947 eat
1201 3887 1329 3947 sanitati.
1353 3887 1448 3959 Hujus
1469 3885 1518 3943 ille
1542 3883 1764 3942 Bosohenellcli
1802 3890 1805 3895 '
1854 3899 1857 3905 ·

64 3991 92 4043 et
106 3990 237 4041 sanctam
250 3985 370 4040 tlariam
383 3984 483 4041 iecisse
494 3984 736 4042 misericordiam.
748 3986 887 4045 Sacerdos
942 3998 1000 4038 non
1016 3980 1180 4048 immemor,
1199 3981 1298 4050 utpute
1314 3979 1365 4050 qul
1380 3977 1415 4032 de
1430 3975 1531 4032 martia
1546 3975 1682 4032 lancibus
1702 3977 1763 4031 erat

64 4075 361 4147 eJusdcmvillequae
377 4075 887 4150 Mortariadicitur‚lamaepraecur-
941 4074 1052 4138 erutus,
1073 4068 1227 4126 dominum
1256 4065 1406 4140 preprium
1427 4080 1511 4121 sunm
1541 4067 1574 4120 ut
1601 4063 1763 4121 absolueret
1849 4086 1853 4091 ·

63 4165 138 4222 renti
159 4164 238 4223 nullo
265 4166 351 4221 moda
380 4166 513 4234 credens,
534 4164 734 4223 Christianum
762 4166 888 4239 negabat
941 4157 1241 4217 eumasuolamulatu
1254 4153 1587 4227 rogavitctimpetravit.
1604 4151 1760 4210 Jamenim

63 4270 150 4327 posse
168 4254 306 4326 loquivel
337 4255 450 4324 audire,
470 4255 614 4312 donecad
644 4271 729 4311 suam
759 4270 886 4327 praesen-
941 4249 1077 4321 deinceps
1103 4247 1220 4304 nolebat
1235 4242 1348 4301 homini
1367 4242 1486 4311 servire,
1503 4243 1553 4298 sed
1568 4241 1594 4297 ei
1609 4257 1641 4298 se
1655 4242 1762 4299 dedere
1862 4268 1865 4273 ·

62 4343 132 4398 tiam
158 4343 302 4399 deductus
325 4347 379 4399 est.
404 4346 472 4400 Post
495 4344 557 4401 hec
587 4343 761 4418 paenitentia
781 4344 887 4401 ductus
902 4375 925 4440 D
941 4355 1094 4412 perquam
1111 4334 1238 4394 obtinuit
1248 4334 1400 4391 sanitatem
1416 4334 1444 4389 et
1458 4329 1586 4388 ecclesie
1597 4330 1714 4388 servitio
1729 4344 1761 4388 se

62 4432 140 4486 idem
156 4431 300 4500 sacerdos,
317 4431 439 4503 culpans
455 4431 657 4490 inlldslitatem
672 4449 767 4503 suam,
783 4433 887 4490 timore
942 4427 1078 4501 subjecit.

62 4535 224 4575 concussus
241 4518 313 4574 adiit
326 4519 499 4575 memoriam
514 4521 606 4577 beate
622 4521 760 4594 Virginis,
776 4527 803 4579 et
819 4539 886 4594 pro·
1084 4514 1160 4573 Xlll.
1177 4515 1214 4572 lle
1227 4513 1346 4570 muliere
1359 4527 1430 4569 caeca
1445 4510 1619 4568 illuminata.

62 4611 172 4665 stratus
189 4607 357 4664 antealtnre
374 4611 403 4662 et
420 4608 573 4666 adherens
584 4612 759 4680 parimento,
770 4615 885 4668 tantum
975 4606 1095 4663 Femina
1109 4605 1243 4678 quedam
1273 4600 1391 4660 oculum
1408 4599 1524 4656 dolebat
1545 4606 1574 4656 et
1588 4598 1761 4657 celidoniam

61 4694 170 4752 doloris
185 4701 214 4752 et
232 4695 430 4768 lacrymarum
448 4694 552 4753 elludit
574 4697 772 4770 redintegrans
792 4699 885 4773 gemi-
940 4711 991 4752 seu
1007 4693 1152 4768 quaslibet
1166 4692 1274 4749 herhas
1294 4689 1431 4748 adhibuit
1446 4705 1482 4745 ne
1497 4687 1616 4754 doleret,
1645 4690 1673 4741 et
1702 4699 1760 4741 non

62 4786 121 4853 tus,
138 4785 213 4856 quod
231 4788 259 4840 et
274 4783 329 4841 hoc
345 4782 486 4854 adjiciens
500 4785 565 4841 suis
581 4787 708 4858 peccatis
723 4803 815 4844 ausus
832 4788 886 4844 luit
939 4782 1037 4842 solum
1052 4781 1092 4839 nil
1109 4780 1239 4854 proiecit,
1255 4780 1306 4837 aad
1323 4779 1479 4836 herbarum
1495 4774 1760 4833 uiolentisoeulum

62 4874 97 4929 de
111 4874 241 4947 potentia
256 4873 371 4930 bomini
388 4876 416 4930 et
431 4873 534 4931 matris
553 4875 617 4946 ejus
633 4875 778 4943 dubitare,
792 4884 822 4933 ut
836 4877 886 4934 in·
938 4872 968 4930 in
984 4878 1129 4931 tumorem
1145 4885 1259 4926 versum
1276 4870 1312 4925 de
1327 4868 1395 4924 sede
1411 4865 1535 4924 orbiculi
1547 4868 1575 4921 et
1592 4866 1654 4920 toto
1669 4862 1762 4936 capite

60 4961 213 5018 tuentibus
225 4961 603 5034 daretursuspicariipsum
613 4964 751 5020 eumdem
764 4963 807 5020 val
819 4963 886 5038 igne
938 4964 1033 5036 ejecit,
1046 4960 1174 5020 lolliaulu
1191 4958 1366 5016 membrana
1390 4957 1506 5013 insutus
1520 4958 1664 5025 tanquam
1685 4951 1762 5008 vesi·

62 5050 227 5118 torreri,vel
244 5049 376 5123 quolibet
385 5048 530 5121 passionis
541 5066 646 5124 genere
660 5051 776 5109 vexari:
793 5053 884 5111 donee
937 5052 1003 5109 cula
1017 5053 1151 5126 quadam
1177 5047 1360 5122 dependebat
1379 5046 1404 5103 ei
1431 5044 1462 5101 in
1487 5042 1590 5100 laniem
1605 5044 1634 5098 et
1655 5039 1685 5097 in
1700 5056 1761 5112 ura,

62 5137 321 5209 percunctantibus
350 5135 451 5193 omnia
465 5153 517 5210 per
540 5136 672 5195 ordinem
687 5138 837 5208 indicavit,
857 5147 884 5197 et
938 5142 1016 5199 unde
1026 5150 1053 5199 et
1064 5155 1182 5199 amnem
1194 5136 1311 5195 videndi
1320 5151 1401 5208 spem
1413 5134 1563 5191 amiserat.
1573 5131 1617 5188 Ab
1634 5131 1761 5188 humana

61 5226 883 5287 sedieconstituueumdemchristianumadducturum
938 5229 1025 5302 igitur
1053 5245 1107 5302 ope
1135 5227 1255 5286 omnino
1288 5224 1440 5290 destituta,
1469 5220 1599 5278 collectis
1636 5218 1703 5276 lldei
1731 5222 1761 5274 et

61 5314 229 5386 spopondit,
243 5316 321 5387 quod
336 5319 365 5372 et
376 5315 486 5372 iactum
502 5321 556 5375 est.
568 5315 599 5373 llt
615 5316 789 5390 ipsoeodem
800 5318 882 5374 Chri·
937 5319 999 5392 epei
1015 5317 1218 5375 virtutibuead
1234 5314 1365 5373 divinum
1381 5327 1413 5369 se
1428 5308 1551 5369 contulit
1563 5308 1714 5376 auxillum,
1730 5313 1759 5364 et
1845 5376 1859 5393 ο

60 5403 156 5461 stiano
172 5420 224 5475 pro
240 5421 271 5461 sa
285 5410 314 5461 at
329 5404 364 5461 de
391 5419 423 5460 sa
444 5403 592 5477 loquente,
607 5407 708 5464 omnia
723 5408 798 5465 lactu
813 5411 884 5464 sunt
937 5424 997 5465 una
1021 5407 1165 5464 cumanis
1194 5403 1366 5461 necessariis
1391 5399 1544 5457 ecclesiam
1569 5398 1693 5472 prelato
1707 5395 1759 5453 Dei
1868 5448 1871 5455 .

60 5490 259 5549 testimonium
296 5491 516 5566 perhibentibus
543 5494 649 5552 vicinis
678 5497 728 5569 qui
751 5496 882 5568 aderant,
935 5496 1089 5571 genitricis
1108 5492 1302 5561 ldariaadiit,
1325 5495 1353 5549 et
1374 5507 1441 5549 cum
1462 5489 1575 5549 ceteris
1594 5503 1680 5563 opem
1695 5484 1761 5555 ejus

61 5579 198 5654 quoniam
228 5581 336 5639 surdus
365 5585 393 5639 et
421 5587 523 5639 mutus
543 5582 578 5640 ah
606 5584 731 5643 inlantia
758 5585 882 5657 exstitit,
936 5578 1759 5661 flagrantihnsibidemmanicabat.Quadamigiturnacte
