3750 6000
172 138 244 260 atio
642 196 823 254 WILLELbll
843 196 1175 257 utauuasattatttrtsts
1193 194 1355 254 nortuum
1721 244 1727 259 ,
1754 194 1816 251 ttto

168 327 330 385 sudantibus
344 324 471 382 abacistis
488 325 535 381 vix
552 322 750 396 intelliguntur.
764 324 968 394 llospitabatur.
987 326 1014 386 Α
1028 324 1173 395 spirituum
1188 322 1314 397 praesidia
1328 330 1448 396 captore,
1459 338 1541 396 quem
1555 330 1582 379 tn
1602 321 1632 378 in
1645 320 1720 378 banc
1733 320 1819 378 excel·

171 417 245 489 apud
260 416 487 489 quendamscctre
501 413 574 469 illius
589 413 792 482 philosophum,
806 429 886 483 quern
907 414 975 469 mul·
1026 413 1137 470 lentiam
1164 413 1357 485 componebas,
1385 420 1415 468 ut
1433 411 1592 469 consimilen
1624 411 1684 468 Deo
1712 410 1820 467 laceres

173 507 207 561 tis
228 505 317 578 primo
339 504 477 574 expensis,
493 510 557 574 post
576 502 656 557 etiam
680 503 831 573 promissis,
844 502 975 559 demere-
1027 503 1107 573 atqui
1121 503 1173 558 boc
1187 502 1248 566 ipso
1262 500 1494 558 videmuraffiues
1507 499 1651 569 maleficio,
1677 498 1753 572 quod
1775 498 1824 554 tuis

171 596 259 652 batur.
276 594 332 649 Nec
357 592 451 647 deerat
471 593 623 648 saracenus
641 589 706 661 quin
737 591 877 646 scientiam
905 607 975 647 ven·
1027 592 1124 647 imbuti
1141 589 1304 662 disciplinis,
1323 591 1379 647 tuis
1393 589 1508 646 instituti
1523 590 1646 646 moribus
1657 604 1790 645 sumus.-

171 684 291 746 ditaret;
325 680 448 737 assidere
485 681 658 750 frequenter,
695 695 766 734 nune
807 679 841 735 de
887 680 974 752 seriis,
1029 681 1094 737 llere
1112 680 1239 736 Booetius.
1256 681 1313 751 (81)
1332 679 1475 735 blibivero
1493 678 1575 734 fidem
1594 677 1660 734 lacit
1689 677 1725 733 de
1752 676 1825 733 iatius

173 786 245 828 nunc
270 770 305 824 dc
337 769 418 841 nugis
447 769 583 839 colloqui,
612 766 698 823 libros
728 767 763 822 ad
802 768 975 825 scribendum
1027 768 1172 842 sacrilegio
1194 771 1274 837 275
1299 768 1419 824 inaudita
1447 767 1541 823 mortis
1573 766 1750 839 excogitatio.
1774 766 1826 822 Cur

175 859 309 932 prebere.
331 859 406 914 Unus
438 864 494 912 erat
525 857 621 923 coeles,
647 856 728 911 totius
752 856 815 912 artis
840 858 973 925 conscius,
1027 859 1137 914 enimse
1156 856 1284 922 moriens,
1301 864 1328 911 ut
1345 863 1436 927 postea
1450 855 1564 911 dicimus
1587 856 1657 926 (88),
1677 852 1826 910 excarnifi-

172 964 253 1019 quem
267 947 341 1002 nullo
370 946 452 1002 modo
477 947 575 1002 elicere
600 953 718 1017 poterat.
741 945 861 1002 Ardebat
878 955 973 1002 contra
1026 946 1169 1017 caretipse
1184 945 1226 1003 cui
1241 945 1363 1014 eorporis
1385 945 1538 1001 horrendus
1552 942 1664 1012 lanista,
1680 942 1734 998 nisi
1748 941 1825 998 novi·

173 1035 322 1092 Gerbcrtus
333 1034 431 1089 librum
447 1050 556 1107 quoquo
572 1033 655 1090 ruodo
674 1034 804 1090 ancillari.
818 1036 874 1105 (ta)
891 1034 972 1090 Sam·
1026 1036 1136 1093 sceleris
1149 1035 1274 1092 conscius
1288 1042 1358 1090 esset
1371 1035 1386 1088 l
1400 1032 1478 1090 Unde
1496 1033 1525 1088 in
1550 1039 1658 1088 vetusto
1687 1030 1824 1087 volamine

170 1123 475 1197 pereniminvetitum
504 1122 625 1191 nitimur,
650 1130 677 1177 et
703 1122 831 1195 quicquid
855 1131 973 1196 negatur
1025 1124 1097 1196 quod
1112 1124 1139 1178 in
1155 1139 1252 1179 manns
1268 1139 1343 1179 meas
1353 1122 1456 1186 incidit,
1472 1121 1518 1177 ubi
1544 1120 1667 1178 omnium
1698 1119 1825 1193 apostoli·

170 1213 316 1285 pretiosius
330 1220 449 1282 putatur.
469 1212 510 1266 ad
525 1227 621 1282 preces
644 1226 710 1283 ergo
738 1213 794 1281 (79)
823 1227 971 1267 conversus
1024 1229 1116 1269 corum
1128 1214 1239 1270 nomina
1251 1212 1459 1267 continebantur
1478 1218 1505 1266 et
1524 1211 1597 1278 anni,
1630 1210 1667 1265 ita
1698 1209 1825 1280 scripturn

167 1318 245 1359 orare
260 1303 401 1372 per274
420 1299 743 1371 Deum‚peramicitiam,
764 1299 969 1379 multandam,
1022 1301 1096 1358 vidi:
1115 1303 1197 1372 «(83)
1209 1300 1348 1365 silvester,
1366 1300 1411 1371 qui
1433 1307 1461 1355 et
1476 1299 1633 1366 Gerbertus,
1649 1313 1739 1354 annos
1763 1312 1826 1368 qua·

165 1389 393 1462 plurapolliceri.
414 1389 467 1445 Ubi
487 1389 514 1444 id
533 1404 629 1459 parurn
655 1388 789 1458 procedit,
823 1396 970 1445 nocturnas
1022 1400 1094 1459 tuor,
1120 1406 1234 1446 mensen
1264 1406 1359 1459 uuum,
1394 1388 1452 1444 dies
1476 1388 1599 1446 decem:
1633 1387 1680 1444 bie
1711 1385 1824 1459 turpiter

164 1479 276 1534 insidias
294 1485 387 1534 tentat.
409 1480 449 1532 lta
469 1477 608 1533 hominem
639 1477 814 1544 <connivente
829 1478 909 1534 etiam
932 1478 969 1532 fi·
1022 1482 1104 1537 vitam
1119 1496 1195 1536 suam
1215 1479 1311 1535 linivit.
1334 1501 1346 1530 ι

165 1568 210 1633 lia,
228 1583 292 1623 cum
316 1583 369 1638 qua
387 1566 533 1622 assiduitas
562 1566 772 1621 familiaritatem
801 1570 966 1637 paraverat),
1232 1584 1269 1623 na
1288 1582 1442 1623 nrscrrucrs
1460 1582 1602 1623 oaaaaarr

164 1658 227 1714 vino
242 1655 384 1723 invadens,
400 1656 528 1711 volumen
543 1655 592 1709 sub
613 1654 742 1710 cervicali
757 1655 876 1725 positum
891 1657 1007 1748 arri-B
1056 1657 1138 1731 ι8188.
1158 1657 1307 1714 Gerhertus
1324 1656 1441 1713 Galliam
1456 1657 1614 1728 repatrians,
1643 1653 1822 1727 publicasque

163 1746 232 1817 pult,
249 1744 370 1815 etlugit.
390 1744 437 1799 llle
466 1758 563 1799 somno
581 1760 721 1809 excussus,
748 1743 847 1800 iudicio
870 1745 966 1800 stella·
1020 1750 1127 1804 scholas
1142 1745 1292 1818 professus,
1308 1752 1393 1802 artem
1408 1744 1559 1818 magisterii
1572 1744 1674 1816 attigit.
1700 1744 1825 1800 Habebat

163 1850 235 1899 runi,
257 1850 310 1903 qua
338 1833 440 1905 peritus
472 1841 530 1888 erat
557 1840 623 1904 arte,
658 1833 813 1904 insequitur
844 1832 966 1906 lugitan-
1020 1836 1258 1906 conphilosophos,
1277 1834 1467 1891 etstudiorum
1489 1833 1588 1899 socios,
1617 1832 1823 1888 Constantinum

165 1928 230 1979 tem.
245 1922 377 1995 Prologus
387 1937 496 1994 quoque.
511 1921 669 1993 respiciens,
699 1921 847 1991 eademque
874 1921 966 1978 scien·
1020 1926 1147 1981 abbatem
1161 1923 1417 1980 monasteriisaneti
1433 1923 1582 1991 blaximini,
1599 1921 1674 1993 quod
1696 1920 1823 1992 estjusta

162 2012 367 2082 tiapericulum
387 2011 569 2082 comperiens,
600 2010 650 2064 sub
685 2019 769 2081 ponte
793 2010 895 2083 ligneo,
919 2013 966 2083 qui
1020 2014 1182 2080 Aurelianis,
1194 2012 1228 2068 ad
1240 2029 1321 2085 quem
1337 2011 1423 2068 edidit
1437 2013 1494 2082 (88)
1517 2011 1626 2084 regulas
1651 2011 1688 2067 de
1712 2011 1821 2066 abaco²

163 2100 313 2171 proximus,
334 2116 365 2155 se
384 2100 480 2155 occulit
497 2114 503 2162 ;
519 2098 655 2171 pendulus
680 2108 705 2154 et
723 2108 832 2170 pontem
861 2100 968 2171 ample·
1020 2102 1200 2159 ddelboldum
1214 2101 1382 2171 episcopum,
1399 2099 1820 2172 utdiountffiuteburgensem,

163 2198 251 2257 ctens,
268 2198 296 2244 ut
311 2206 361 2244 nee
375 2205 473 2260 aquam
494 2203 546 2244 nec
565 2197 665 2244 terram
682 2195 814 2260 tangeret.
834 2190 873 2243 lta
887 2205 966 2259 quoe·
1021 2193 1066 2265 qui
1086 2200 1113 2247 et
1131 2192 1191 2262 ipse
1210 2190 1312 2262 ingenii
1345 2190 1509 2245 monimenta
1540 2188 1616 2244 dedit
1645 2188 1674 2243 iu
1708 2187 1823 2260 epistola

160 2278 377 2334 rentisaviditas
393 2280 531 2344 frustrata,
547 2277 680 2333 dommun
696 2278 891 2333 revertitlum
902 2277 968 2333 Ger·
1021 2280 1178 2354 qnamlaeit
1205 2281 1237 2334 ad
1257 2278 1421 2334 Gerbertum
1442 2278 1498 2347 (85)
1527 2276 1561 2332 de
1585 2277 1738 2344 questione
1762 2276 1822 2331 dia·

158 2367 261 2434 bertus,
284 2368 355 2423 viam
386 2368 524 2432 celerans,
548 2367 658 2423 devenit
680 2366 714 2420 ad
741 2382 826 2423 mare.
849 2367 889 2421 lbi
917 2382 969 2438 per
1023 2371 1101 2425 metri
1116 2367 1425 2440 superllacrobium,et
1441 2365 1708 2422 innonnulliseliis.
1723 2363 1822 2420 Habuit

161 2456 360 2512 incantationes
379 2455 497 2511 diabolo
516 2456 659 2519 accersito,
672 2461 831 2526 perpetuum
856 2456 970 2526 pacisci⁴
1023 2458 1170 2529 discipulos
1188 2452 1366 2528 praedicanda
1384 2454 1483 2520 indolis
1495 2463 1523 2511 et
1546 2453 1682 2526 prosapiae
1709 2452 1820 2518 nobilis,

164 2552 208 2601 tur
223 2545 372 2602 hominium
387 2545 410 2599 si
424 2560 464 2612 se,
481 2544 517 2599 ab
536 2545 582 2600 illo
598 2544 642 2614 qui
670 2545 760 2602 denuo
779 2545 971 2618 insequebatur
1024 2547 1173 2603 liebertum
1188 2544 1270 2600 filium
1286 2543 1409 2616 llugoais
1423 2551 1606 2616 cognomento
1627 2541 1722 2612 capet,
1753 2541 1821 2598 Oto·

162 2633 344 2698 defensatum,
360 2633 430 2688 ultra
441 2633 555 2704 pelagus
571 2633 715 2690 eveheret.
738 2634 771 2688 Et
797 2634 897 2690 lactum
912 2640 965 2694 est.
1024 2652 1085 2692 nem
1104 2634 1189 2690 lilium
1211 2634 1382 2704 imperatoris
1410 2631 1515 2688 Otonis.
1547 2631 1692 2696 liebertus,
1725 2639 1821 2703 postea

161 2723 219 2779 Sed
234 2724 292 2778 hac
312 2722 463 2795 vulgariter
498 2721 563 2776 tlcta
599 2722 748 2778 crediderit
771 2721 877 2794 aliquis,
897 2733 970 2794 quod
1024 2742 1072 2781 rex
1087 2724 1217 2783 Francia.
1234 2722 1368 2796 magistro
1382 2722 1471 2779 vicem
1482 2719 1608 2789 reddidit,
1624 2728 1652 2775 et
1684 2718 1821 2790 archiepi-

161 2809 246 2866 soleat
261 2809 377 2882 populus
409 2810 575 2866 literatorum
613 2810 715 2865 samam
740 2811 851 2880 laedere,
879 2809 973 2866 dicens
1025 2830 1136 2884 scopum
1156 2813 1237 2882 276
1259 2812 1422 2868 ltemensem
1442 2809 1517 2866 lecit.
1547 2808 1604 2880 (86)
1629 2808 1730 2864 Extant
1749 2807 1822 2880 apud

160 2899 235 2954 illum
256 2898 331 2969 loqui
351 2898 553 2955 cumdaemona
587 2915 667 2970 quem
702 2899 729 2954 in
745 2900 836 2967 aliquo
853 2897 974 2954 viderint
1025 2897 1823 2971 illamecclesiamdoctrinaeipsiusdocumentat(tt‘l)ho-

164 2988 340 3044 excellentem
353 3004 447 3059 opere.
471 2988 548 3044 Unde
563 2988 693 3055 Booetius,
710 2989 737 3043 in
751 2988 824 3045 libro
838 2989 872 3044 de
885 2989 961 3044 Con·
1025 2991 1160 3064 rologium
1176 2999 1232 3045 arte
1248 2989 1407 3044 mechanica
1420 2987 1620 3058 compositum
1637 3000 1744 3059 organa
1767 2986 1822 3055 hq-

161 3077 292 3133 solatione
307 3077 496 3148 Philosophia,
516 3077 637 3148 queritur
651 3093 680 3133 se
709 3086 821 3148 propter
848 3077 963 3132 studium
1022 3080 1157 3147 drauliea,
1174 3078 1220 3132 ubi
1234 3078 1333 3131 mirum
1344 3077 1371 3131 in
1387 3076 1508 3141 modum,
1524 3091 1576 3146 per
1589 3091 1667 3147 aquas
1682 3072 1820 3130 calefactae

159 3167 299 3237 sapientias
319 3167 353 3222 de
376 3167 474 3221 talibus
494 3174 627 3231 notatum,
657 3167 735 3236 quasi
767 3166 961 3222 conscientiam
1019 3167 1187 3232 violentiam,
1204 3174 1300 3222 ventus
1328 3180 1473 3237 emergens
1500 3162 1596 3235 implet
1624 3164 1819 3219 concavitatem

158 3255 396 3328 snamsacrilegio
415 3255 556 3327 polluisset
592 3254 627 3310 ob
647 3255 780 3311 ambitum
811 3254 962 3327 dignitatis·
1018 3257 1124 3325 barbiti,
1154 3264 1181 3311 et
1204 3272 1253 3325 per
1280 3254 1479 3309 multiforatiles
1500 3260 1599 3309 tractus
1625 3267 1707 3307 terrae
1728 3250 1821 3307 tlstcle

163 3346 258 3401 oNon
276 3343 466 3412 conveniebat,
498 3344 553 3415 (8⁰)
568 3342 663 3415 inquit,
693 3343 888 3401 vilissimorum
918 3360 961 3400 me
1017 3345 1172 3403 modulatos
1188 3344 1244 3416 (88)
1258 3344 1392 3400 clamores
1406 3342 1541 3398 emittunt.
1558 3343 1592 3397 lit
1604 3348 1662 3398 erat
1688 3341 1746 3413 ipse
1772 3355 1819 3396 rex

161 3561 324 3623 loFrence,
341 3558 467 3622 tom.Vl,
488 3558 564 3612 illum
583 3559 617 3613 ad
646 3559 761 3615 litteram
785 3558 963 3629 interpretan-
1015 3557 1145 3626 dieamus,
1159 3556 1308 3613 diabolicos
1332 3558 1366 3614 de
1390 3555 1526 3614 Gerberto
1555 3569 1683 3610 rumores
1709 3554 1754 3612 hic
1775 3554 1817 3610 de·

162 3639 205 3684 tur
223 3630 300 3700 quasi
317 3631 414 3684 librum
429 3630 534 3685 iuratus
548 3630 581 3683 sit
598 3630 719 3687 scientiae
734 3630 865 3701 principia
892 3646 962 3685 con·
1014 3629 1166 3693 scribimus,
1188 3645 1241 3684 non
1256 3639 1283 3684 ut
1297 3631 1404 3699 pondus
1430 3629 1461 3681 iis
1473 3625 1584 3700 aliqucd
1604 3625 1753 3691 addamus,
1774 3626 1819 3683 sed

163 3703 304 3762 liuentem,
325 3710 352 3755 et
365 3704 534 3772 suppositum
550 3701 632 3755 isturn
648 3701 745 3757 librum
761 3717 810 3771 pro
832 3705 962 3758 lncanta·
1016 3700 1350 3760 utalectorenihil,sive
1375 3702 1542 3756 verumstve
1575 3697 1683 3759 laisum.
1711 3697 1818 3753 deside-

163 3774 267 3827 tionum
283 3772 351 3826 libro
374 3772 409 3826 de
424 3788 477 3842 quo
501 3772 570 3826 intra
597 3774 698 3828 mentio
725 3771 781 3839 fiet,
810 3788 863 3829 non
891 3782 962 3828 recte
1015 3781 1090 3826 retur
1103 3773 1136 3827 de
1149 3779 1222 3826 tanto
1238 3771 1305 3832 viro.
1322 3771 1366 3842 qui
1381 3787 1396 3827 e
1410 3769 1497 3826 Gallis
1510 3767 1620 3839 primus
1633 3769 1733 3824 summi
1756 3784 1819 3841 pon·

164 3844 311 3913 accipiunt.
327 3843 410 3898 Valde
425 3845 507 3898 etiarn
523 3844 635 3900 moleste
651 3844 739 3898 lerunt
752 3845 826 3913 quod
845 3844 962 3900 blalme·
1016 3842 1132 3898 tilicatus
1148 3842 1252 3911 apicem
1271 3842 1401 3896 obinuit.
1416 3864 1427 3889 o

163 3914 442 3969 sburiensistaliade
471 3914 603 3970 Garberto
626 3923 781 3970 commenta
812 3915 959 3985 scripserit,
1052 3915 1108 3983 (82)
1124 3916 1227 3969 Postea
1241 3912 1484 3985 diocaesagllt.

165 4001 252 4056 eaque
266 3984 398 4040 cardinali
414 3986 533 4040 bennoni
560 3985 698 4048 tribuunt;
729 3985 858 4041 sednihil
888 3986 962 4040 istius
1051 3986 1109 4058 (83)
1121 3985 1266 4045 Siloester,
1294 3984 1534 4046 aietGerbertus,
1558 3996 1651 4036 aanor
1683 3985 1813 4051 quatuor,

164 4056 275 4111 modiin
291 4057 349 4123 aius
363 4072 445 4127 opere
459 4057 579 4112 occurrit
592 4058 666 4129 quod
679 4057 779 4111 editum
795 4055 845 4110 luit
863 4071 877 4109 a
892 4056 963 4112 Gol-
1015 4071 1141 4111 mensem
1151 4071 1252 4116 eoam,
1267 4001 1327 4110 <iios
1339 4056 1446 4111 decem.
1459 4066 1485 4107 a.
1501 4053 1529 4107 d.
1547 4068 1596 4117 m.,
1607 4051 1817 4135 lunensesque

165 4126 243 4182 dasto
256 4134 282 4181 et
297 4129 323 4182 in
341 4127 470 4188 ltrown's,
488 4129 639 4191 Fascicat„
658 4136 722 4182 tom.
734 4126 758 4180 l.
769 4156 803 4166 -
816 4127 857 4181 De
871 4126 962 4182 abaco
1015 4132 1043 4182 et
1064 4126 1222 4189 Gerbertas,
1238 4141 1349 4183 menses
1368 4125 1475 4191 ἀιιιιιι,
1492 4138 1517 4178 s.
1534 4139 1558 4179 c.
1575 4139 1600 4179 e.
1612 4121 1626 4176 l
1628 4163 1635 4178 .
1646 4139 1675 4195 g.
1684 4122 1712 4178 k.
1724 4122 1743 4179 l.
1754 4123 1818 4179 Vide

164 4197 290 4254 Garberti
305 4197 400 4253 eonier
412 4198 532 4261 chastes,
543 4199 728 4269 Explicatioa
743 4197 791 4252 dea
805 4198 906 4252 traiter
929 4198 962 4253 da
1016 4197 1030 4268 5
1049 4200 1110 4263 ldl,
1128 4205 1185 4252 not.
1202 4198 1247 4251 88.

165 4269 295 4325 t'Ahacas
314 4274 342 4325 et
361 4269 630 4340 porticalieremeat
649 4269 685 4324 da
704 4268 832 4324 troitede
849 4269 964 4324 Gerbert
1052 4270 1110 4337 (ill)
1127 4268 1250 4339 Repetas
1260 4267 1294 4322 de
1309 4269 1402 4324 abaco.
1421 4265 1434 4336 i
1451 4265 1513 4328 187,
1528 4270 1586 4320 not.
1602 4265 1648 4318 tt.

167 4340 307 4411 (Comptes
325 4339 469 4396 oswardo
479 4339 653 4396 l'Acodemie
667 4339 714 4395 des
728 4339 961 4409 sciencea,t8l3),
976 4327 1003 4387 D
1053 4340 1109 4409 (88)
1124 4340 1161 4394 lte
1176 4335 1753 4411 qaeestioaediomctrisuperdscrobium.
1764 4336 1817 4393 Na·

167 4411 212 4481 qui
228 4413 299 4465 hune
309 4418 448 4465 traetmum
460 4410 564 4464 eddidit
577 4418 603 4464 et
611 4410 762 4465 illustravit.
1018 4409 1092 4464 ereb.
1112 4409 1139 4464 in
1154 4409 1252 4465 Somrt.
1266 4409 1312 4465 Sci
1334 4452 1340 4465 .
1365 4427 1385 4477 r,
1400 4412 1445 4463 all.

200 4481 257 4554 (78)
272 4483 419 4551 Semper...
435 4483 565 4553 putetur.
581 4480 661 4537 Ovid.
679 4483 776 4536 Amor.
800 4494 839 4549 ur,
856 4481 883 4548 l,
911 4480 959 4535 tt.
1055 4480 1111 4552 (88(
1128 4480 1248 4535 Extant.
1259 4496 1283 4535 c.
1321 4497 1381 4546 .e.,
1396 4482 1502 4536 extant
1513 4478 1601 4544 caim,
1617 4491 1647 4533 a.
1666 4494 1693 4533 s.
1712 4476 1732 4533 l.
1748 4478 1816 4535 Edi-

204 4555 248 4615 trs
277 4554 354 4623 drgo.
366 4568 392 4606 a.
408 4567 433 4607 c.
450 4551 477 4606 d.
495 4552 550 4607 aa.
562 4550 593 4606 l..
613 4551 699 4606 omitt.
715 4550 743 4605 in
758 4566 784 4605 a.
1018 4557 1059 4606 tor
1077 4551 1141 4606 tomi
1156 4551 1183 4605 X
1197 4552 1259 4607 ltec.
1273 4551 1321 4606 des
1338 4550 1449 4606 ilistde
1460 4550 1488 4603 to
1504 4550 1611 4605 Fronce
1638 4563 1733 4604 eorum
1758 4564 1818 4620 qna

201 4624 247 4691 (80
274 4624 378 4747 lnquit.
397 4621 523 4677 Boethius
540 4624 579 4679 De
608 4639 685 4680 coss.
716 4622 833 4689 Paltos,
863 4619 911 4676 lib.
941 4639 959 4692 r,
1015 4622 1060 4676 hic
1073 4621 1224 4676 resonantur
1235 4621 1339 4676 veritati
1355 4619 1509 4700 assentitur.

163 4709 195 4765 p.
213 4695 257 4747 ll.
274 4693 309 4757 (G
321 4708 421 4765 asguae,
438 4697 509 4758 tivo,
526 4694 590 4748 rtet
601 4695 624 4765 .)
1050 4693 1106 4761 (87)
1123 4693 1310 4764 Horologium.
1338 4692 1495 4763 Conjierunt
1514 4687 1625 4760 quidem
1653 4690 1818 4747 Gerbertum

201 4766 256 4833 (81)
272 4764 340 4820 llihi
354 4780 417 4819 vero
431 4764 515 4832 fimat
534 4764 616 4832 tacit.
631 4764 726 4820 Exstat
739 4763 855 4819 adhunc
870 4762 960 4819 locum
1013 4762 1219 4835 horologiorum
1234 4763 1401 4819 inventorem
1420 4761 1512 4825 fnisse,
1531 4759 1579 4815 sed
1600 4760 1640 4815 illi
1663 4761 1699 4816 ad
1727 4763 1816 4819 hono-

162 4833 191 4888 in
207 4835 339 4892 liesdac
349 4835 505 4890 llichdeht
514 4836 622 4891 Franco
636 4837 714 4906 (tom.
743 4835 791 4903 X),
820 4833 959 4889 adnotatio
1013 4849 1070 4889 rem
1082 4842 1135 4889 tarn
1151 4834 1288 4903 praeclarae
1303 4831 1465 4890 inventionis
1477 4829 1688 4900 lusaDitmaro
1713 4834 1817 4891 Merso-

162 4921 217 4976 qua
232 4904 586 4961 ldalmesburiensisacriter
604 4905 798 4978 perstringitur.
828 4911 860 4959 ut
880 4905 958 4975 judi·
1012 4903 1142 4961 burensi
1174 4911 1301 4977 negatum
1333 4912 1383 4967 est,
1418 4903 1463 4974 qui
1485 4903 1582 4959 asserit
1600 4902 1774 4976 horologium
1802 4921 1818 4960 a

160 4976 206 5030 cio
222 4991 278 5031 non
292 4976 445 5032 satisreeto
459 4992 532 5030 usus.
557 4977 675 5032 Partium
693 4985 782 5032 amen
797 4975 912 5031 studium
928 4977 956 5030 in
1012 4922 1145 5031 Gerierto
1159 4975 1185 5029 in
1201 4977 1313 5031 ecclesia
1349 4974 1497 5031 cathedrali
1526 4972 1647 5045 positum
1675 4975 1817 5047 quoddam

161 5046 322 5102 silvestrem
336 5062 435 5118 papam
455 5047 581 5113 (primum
609 5047 679 5102 inter
709 5048 827 5103 Francos
853 5047 898 5118 qui
921 5047 956 5102 ad
1012 5046 1094 5102 luisse
1109 5053 1210 5101 tantum
1226 5046 1318 5102 solarii
1353 5062 1428 5102 enus.

160 5117 258 5172 summi
284 5116 417 5188 pontilicis
443 5118 604 5191 dignitatem
631 5116 860 5189 evectusluerit),
884 5118 957 5189 quod
1046 5117 1106 5187 (88)
1122 5119 1270 5174 Clamores
1284 5120 1431 5175 emattarat.
1448 5116 1505 5171 Hoc
1519 5115 1762 5174 luissevidetnror
1802 5148 1818 5160 -

160 5185 220 5257 ipse
235 5189 358 5258 praedicti
370 5188 461 5259 opeda
480 5190 570 5245 editor
596 5189 729 5261 agnoscit,
758 5189 956 5269 aliquomodo
1019 5205 1086 5243 num
1101 5188 1240 5258 vaporisa
1260 5189 1402 5258 plicatione
1414 5201 1496 5243 sonos
1518 5191 1650 5244 emittens
1680 5186 1723 5258 Qu
1770 5204 1816 5245 am

160 5259 307 5339 explicaqe,
326 5259 417 5315 lorsan
439 5268 464 5316 et
488 5276 617 5316 excusare
646 5269 732 5330 potest
764 5260 844 5329 hujus
876 5274 955 5316 com·
1009 5259 1102 5314 lorsan
1117 5269 1176 5313 orat
1191 5206 1351 5315 modificatio
1376 5257 1540 5314 revolventis
1577 5257 1714 5341 aeolipylae
1741 5260 1816 5331 quod

159 5337 284 5382 mentam
316 5330 469 5398 acritatem;
499 5340 524 5386 et
543 5331 564 5386 si
593 5332 665 5404 quod
702 5331 883 5402 suspicionem
920 5330 954 5386 de
1008 5341 1066 5385 erat
1082 5331 1287 5385 instrumentum
1302 5329 1419 5399 dequod
1436 5328 1581 5385 Vitruvius
1596 5330 1722 5401 loquitur.
1747 5330 1815 5387 AEo·

160 5398 293 5453 Gerberto
308 5401 423 5470 magieis
441 5401 542 5457 artibus
556 5400 721 5469 pontificales
743 5403 841 5457 inlulas
855 5401 953 5467 adepto
1007 5400 1094 5471 lipyla
1113 5403 1195 5473 vulgo
1214 5409 1317 5456 constat
1335 5399 1461 5469 splraerali
1485 5400 1589 5455 metalli
1624 5398 1721 5473 globo,
1749 5417 1813 5457 cum

158 5469 366 5523 acerbusnimis
385 5471 418 5524 sit
446 5473 702 5541 blalmesburiensis,
730 5472 826 5528 iisdem
855 5472 952 5554 quibus
1008 5469 1556 5543 tubuloseuparvoloramineperquod
1580 5472 1690 5543 vaporis
1720 5472 1814 5543 jactus

157 5537 330 5620 doctissimus
343 5540 430 5621 editor
450 5544 625 5616 apologeticis
651 5544 745 5599 verbis
767 5552 951 5599 narrationem
1004 5542 1105 5614 impelli
1122 5551 1217 5612 potest.
1234 5541 1352 5598 Globulo
1365 5553 1424 5597 tum
1443 5556 1514 5611 aqua
1532 5541 1657 5612 impleto.
1687 5550 1812 5599 esterna

156 5625 236 5665 suam
250 5617 322 5666 tueri
341 5618 471 5683 potuisset
487 5629 493 5666 :
516 5634 528 5662 ι
544 5614 601 5669 llos
628 5613 777 5685 fabulosos,
799 5620 835 5685 et,
866 5620 895 5669 ut
911 5614 949 5671 ita
1004 5614 1065 5685 ejus
1077 5614 1154 5669 faciei
1169 5613 1240 5686 ignis
1253 5614 1421 5671 admovetur.
1449 5612 1543 5669 Statim
1559 5619 1588 5669 nt
1600 5612 1696 5671 ebullit
1724 5628 1808 5685 aqua,

1860 88 1865 115 ι

1861 118 1865 153 l
