3750 6000
58 246 134 309 ator
630 249 827 313 aisroara
848 237 1042 310 advenam
1064 247 1138 308 arn.
1160 198 1188 307 ¹1.

55 380 146 437 bians
161 381 217 451 (63)
233 378 367 436 exercitio
383 378 545 437 venationis
556 381 697 447 intentus,
717 383 884 440 valetudine
897 384 1046 453 Ascapos
1061 381 1096 436 de
1116 380 1173 436 ilde
1187 378 1264 451 regis
1287 378 1402 435 tierrici
1419 379 1572 436 morientia
1587 386 1766 438 666666616-

55 470 178 526 adversa
202 475 354 541 correptus
374 468 524 526 decubuit.
547 473 607 537 Qua
627 472 655 527 in
680 471 806 529 deterius
827 469 883 541 (61)
941 475 1034 526 status
1049 474 1103 526 est.
1118 469 1219 525 Furius
1233 467 1369 539 regaliter
1383 470 1767 544 curatum,proceribueque

55 565 213 628 crescente,
224 559 399 614 6666661166
412 559 605 631 seHugonem
617 562 778 632 (65),66666
792 563 886 633 primo
941 559 1070 616 vicissim
1100 558 1282 631 portantibus
1298 557 1491 629 Rotomagum
1515 575 1608 630 usque
1637 561 1766 617 delatum

54 665 88 704 ea
105 649 198 719 priore
218 651 253 704 de
270 649 360 703 Leuis
385 649 521 705 abbatem
546 652 622 722 apud
644 651 803 724 Dadingas,
820 668 886 708 mox
943 650 1018 704 768
1034 655 1087 705 cst.
1103 648 1164 704 lllic
1179 649 1208 704 in
1230 649 1355 720 quodam
1373 663 1488 704 recessu
1503 647 1632 703 ecclesie
1648 649 1768 719 majoris

57 738 231 809 liothornagi
260 738 526 810 archiepiscopum,
542 739 648 795 iecerat
664 758 672 808 ;
689 742 790 797 merito
816 740 884 808 sibi,
940 739 1134 794 exinteratum
1158 742 1212 805 est,
1230 754 1264 793 ue
1280 736 1469 792 diuturnitate
1494 743 1664 808 corruptum
1681 754 1767 795 nares

54 831 83 882 et
98 827 261 881 heredibus
277 826 347 894 suis,
365 843 416 896 pro
433 829 521 882 tantis
545 826 695 884 beneficiis
714 828 883 885 obnoxium.
940 828 1135 884 assidentium
1161 828 1203 883 vel
1224 826 1383 883 astantium
1413 825 1596 882 exacerbaret
1614 842 1621 882 :
1637 825 1768 898 reliquie

55 915 215 986 optimates
229 931 325 972 rumor
340 933 400 971 sue
412 917 595 987 aegritudinis
607 918 662 987 (66)
673 917 804 975 celeriter
818 935 885 975 oon·
939 922 1158 976 interaneorum
1181 917 1210 972 in
1235 917 1367 973 canobio
1389 919 1496 971 sanctas
1512 915 1609 972 Mariae
1623 915 1659 971 de
1674 915 1768 972 Pratis

55 1005 152 1060 traxit.
170 1005 258 1060 111611
273 1009 301 1060 et
325 1004 469 1061 ltohertus
499 1007 577 1062 filius
597 1009 672 1077 ejus,
692 1023 789 1064 comes
803 1008 886 1065 Gloe-
935 1002 1020 1073 juxta
1035 1009 1137 1065 urbem
1153 1008 1280 1063 humatae
1292 1021 1299 1072 ;
1312 1005 1389 1077 quod
1402 1005 1475 1076 ipse,
1491 1009 1524 1060 ut
1539 1005 1636 1071 audio,
1647 1021 1662 1059 a
1673 1010 1769 1063 matre

56 1103 166 1165 cestra,
193 1096 254 1168 qui,
271 1112 322 1168 pro
347 1097 511 1166 integritate
541 1098 607 1154 lidei
627 1104 656 1154 et
677 1100 795 1157 virtutis
815 1102 885 1156 emi-

57 1186 168 1252 nentia,
183 1189 322 1243 rictorem
340 1187 367 1241 in
384 1202 471 1243 omne
493 1187 625 1244 seculum
649 1193 816 1247 memoriam
838 1192 885 1247 sui
938 1190 1048 1260 Corpus
1063 1188 1181 1243 Cadomi
1201 1191 1357 1251 servatum,
1373 1201 1527 1257 quousque
1548 1202 1665 1242 serenas
1682 1202 1768 1243 auras

56 1275 232 1331 nominatim
245 1275 415 1347 promeruit.
428 1279 451 1331 A
462 1278 788 1349 quibusdesuccessore
799 1279 886 1335 inter·
940 1277 1026 1349 paulo
1042 1277 1212 1334 clementior
1227 1277 1327 1349 hyems
1338 1274 1495 1344 inveheret,
1508 1291 1571 1346 que
1587 1278 1649 1331 tum
1666 1290 1768 1348 aspera

57 1369 187 1436 rogatus,
215 1366 280 1422 lilim
301 1381 418 1422 omnem
440 1375 543 1423 terram
569 1385 652 1424 suam
675 1370 746 1425 citra
760 1372 789 1425 et
809 1370 886 1426 ultra
939 1366 1120 1424 inhorrebat.

58 1471 137 1511 mare
151 1454 281 1525 legitima
297 1465 324 1512 et
348 1457 468 1526 perenni
483 1457 667 1515 successione
683 1458 861 1529 adjudicavit
877 1479 884 1528 ;
1036 1474 1071 1513 us
1090 1473 1231 1512 srseasno
1251 1472 1324 1512 naon
1343 1472 1373 1510 in
1393 1470 1513 1511 areauna
1533 1471 1677 1511 eaouoro.

1688 247 1766 308 itui
1859 242 1863 249 ’

939 1095 1767 1168 6661666661666,666666616666666661166666666666).
1865 1162 1868 1167 ,

59 1542 165 1600 marito
180 1545 244 1615 ejoe
260 1544 419 1613 subiratus,
436 1547 513 1617 quod
534 1562 600 1603 eum
616 1552 645 1603 et
660 1547 748 1603 minis
763 1552 792 1603 et
806 1548 886 1618 inJ'u·
974 1549 989 1615 i
1004 1550 1047 1604 11.
1065 1547 1177 1603 lnterea
1197 1544 1363 1618 Stephanus
1389 1560 1489 1601 comes
1504 1544 1653 1601 Meritonii
1668 1547 1697 1601 et
1711 1543 1767 1601 Do·
1862 1570 1868 1577 ·

59 1631 112 1687 riis
128 1630 290 1704 aliquantis
315 1632 486 1690 irritaverat.
503 1636 631 1704 Septimo
646 1634 823 1692 incommodi
839 1635 886 1692 die
940 1636 1044 1706 nonis,
1062 1651 1151 1706 nepos
1166 1634 1241 1705 regis
1252 1634 1368 1690 Hanrici
1383 1635 1426 1703 (61
1442 1633 1624 1706 supradixi),
1637 1632 1688 1705 qui
1704 1636 1769 1705 post

59 1728 217 1791 transacto,
238 1727 322 1778 nocte
350 1723 412 1793 jaun
448 1724 624 1796 intempeste
649 1729 759 1780 natura
787 1724 884 1782 cessit.
899 1758 924 1824 B
941 1741 1038 1798 regem
1054 1725 1155 1781 Sentias
1168 1724 1280 1797 primus
1296 1722 1623 1779 laicorumbdemsusm
1639 1722 1768 1794 impera·

58 1810 146 1881 Cujus
172 1810 376 1882 magnanimos
392 1827 488 1867 mores
513 1813 559 1869 hic
579 1814 675 1870 dicere
698 1815 882 1884 supersedeo,
939 1815 1001 1871 tricl
1017 1814 1221 1881 obstrinxerat,
1238 1814 1268 1869 in
1289 1811 1423 1885 Angliam
1441 1828 1492 1884 per
1513 1813 1647 1868 itiitsand
1672 1814 1768 1868 niatu·

60 1900 129 1973 quia
153 1901 181 1954 in
205 1900 307 1971 quinto
331 1899 479 1970 11666(67)
496 1902 638 1974 regalium
653 1907 802 1974 gestorum
821 1904 885 1976 ple·
936 1904 1011 1961 ravit
1025 1903 1191 1959 adventum.
1209 1902 1383 1974 Imperatrix
1399 1901 1487 1957 certis
1501 1918 1536 1958 ex
1550 1901 1659 1968 causis,
1676 1902 1768 1965 simul
1868 1896 1871 1901 ’

60 1990 181 2045 nissime
191 1990 257 2046 illos
268 1991 403 2046 contexui
416 2009 422 2046 :
434 2008 522 2063 quam
539 1993 703 2049 Christiane
718 2000 813 2050 autern
829 1995 885 2063 (68)
937 1997 966 2050 61
981 1994 1070 2049 irater
1080 1995 1145 2063 ejus
1159 1993 1412 2047 Rohertuscomes
1423 1990 1605 2056 Gloecestre,
1621 2004 1689 2045 oum
1705 2005 1768 2045 om·

60 2079 174 2146 obierit,
192 2080 252 2135 heo
263 2081 446 2152 subsequens
461 2082 585 2152 epistola
600 2082 760 2155 supradicti
776 2083 885 2140 liotho·
939 2082 1024 2138 nibus
1048 2096 1121 2153 pane
1145 2080 1327 2152 proceribus,
1348 2079 1443 2137 redire
1459 2079 1489 2133 in
1505 2094 1629 2150 regnum
1645 2077 1765 2135 distule-

59 2169 207 2240 magensis
223 2168 437 2242 archiepiscopi
453 2170 578 2227 docebit.
939 2177 1020 2229 roni.
1048 2171 1183 2235 Quadam
1207 2173 1307 2226 tamen
1324 2170 1379 2239 (72)
1395 2168 1517 2226 castella
1531 2171 1561 2224 in
1577 2167 1767 2230 Normsunia‚

61 2282 196 2322 errsroaa
217 2282 382 2322 noraonssor
406 2284 620 2326 sacamerscom
645 2286 681 2326 ns
699 2286 783 2327 ontru
804 2285 887 2326 asora
939 2261 1087 2334 interque
1099 2261 1277 2335 precipuum
1289 2258 1772 2330 6661666166,666116666666616

410 2356 536 2398 Hit1²10!-
940 2368 971 2408 se
986 2352 1162 2425 applicuere.
1177 2350 1300 2408 Constat
1318 2365 1389 2405 saue
1405 2348 1455 2403 illo
1467 2347 1515 2404 die
1530 2363 1588 2420 quo
1604 2347 1772 2419 Stephanus

96 2437 147 2508 §9-
160 2460 173 2487 6
189 2437 309 2494 Domino
320 2447 346 2493 et
358 2440 431 2510 patri
442 2456 496 2495 suo
508 2441 675 2497 innocentio
686 2457 777 2513 pape,
787 2456 888 2497 servus
940 2439 1410 2513 appulsusestdngliam,summo
1419 2453 1514 2508 mane,
1525 2441 1628 2493 contra
1638 2440 1772 2493 naturam

60 2525 144 2597 Hugo
169 2527 414 2599 Rothomagensis
440 2531 587 2599 sacerdos,
617 2530 788 2586 obedientiis
812 2532 888 2589 702
940 2530 1053 2600 hyemis
1078 2531 1108 2588 in
1129 2530 1295 2604 regionibus
1317 2529 1437 2596 nostris,
1454 2527 1648 2598 terricrepum
1664 2542 1770 2582 sonum

62 2615 206 2672 debitum.
940 2619 1137 2677 tonitruioum
1151 2614 1662 2689 666666661613666161666,6166616
1675 2614 1775 2671 minus

100 2707 306 2763 «Dedomino
335 2724 399 2764 mco
423 2725 500 2781 rege,
532 2726 589 2766 non
619 2711 683 2767 sine
707 2711 805 2767 dolore
828 2726 888 2766 me·
942 2710 1072 2766 mundus
1093 2708 1165 2766 solri
1189 2708 1392 2765 estimaretur.
1409 2705 1472 2772 lite,
1489 2702 1774 2761 ubiahoodonian-

62 2796 213 2862 morando,
243 2795 295 2868 pie
329 2797 496 2868 paternitati
534 2806 635 2856 vestra
677 2800 888 2856 notificandum
942 2799 1026 2855 sibus
1054 2803 1082 2855 et
1110 2795 1365 2853 wintoniensibus
1386 2795 1531 2864 inregem
1556 2795 1695 2863 exceptus
1716 2795 1771 2860 est,

62 2883 217 2952 duximus;
239 2885 301 2956 qui,
317 2887 415 2942 subita
440 2893 602 2959 praeventus
626 2889 807 2961 egritudine,
824 2905 889 2955 nos,
943 2889 1030 2946 etiam
1039 2888 1184 2960 Rogerum
1196 2884 1432 2942 salesbiriensem
1443 2884 1613 2954 episcopum
1625 2886 1654 2937 et
1662 2879 1774 2938 1111161-

62 2973 163 3028 missis
178 2990 265 3045 quam
282 2975 422 3031 citissime
437 2976 538 3048 legatis
551 2978 625 3045 auis,
641 2978 889 3050 aegritudinisque)
944 2994 1025 3034 mam
1042 2979 1077 3034 de
1093 2977 1182 3033 Ponto
1193 2978 1295 3042 arcus,
1311 2974 1447 3032 custodes
1465 2972 1672 3028 thesaurorum
1690 2985 1774 3042 raga-

61 3058 174 3143 solstiis
189 3063 277 3117 voluit
292 3063 441 3121 interesse.
461 3065 600 3123 Venimus
610 3068 645 3122 ad
657 3068 767 3139 ipsum,
781 3073 809 3123 et
823 3083 890 3124 cum
907 3068 1032 3177 Glium,
1047 3066 1085 3123 ad
1099 3081 1131 3121 se
1153 3064 1330 3121 transduxit.
1347 3065 1386 3119 Ne
1412 3067 1510 3118 tamen
1533 3061 1641 3117 veritas
1665 3057 1777 3115 celetur

61 3148 128 3219 ¹pso
144 3149 261 3221 plenum
274 3154 638 3211 mmrorihusconlecimus
649 3156 788 3213 triduum.
803 3158 893 3212 Proui
948 3157 1200 3230 posteris,omncs
1221 3155 1283 3225 ejus
1307 3156 1431 3209 conatus
1455 3150 1528 3206 irriti
1554 3149 1689 3218 inissent,
1720 3146 1777 3203 nisi

65 3238 92 3293 oi
107 3238 287 3305 dicebamus,
302 3241 364 3309 ipse
385 3258 434 3298 ore
459 3246 573 3315 proprio
594 3261 646 3300 sua
663 3246 808 3301 letabatur
822 3261 893 3317 pec·
943 3246 1091 3303 Henricus
1106 3245 1195 3300 irater
1220 3243 1294 3313 ejus,
1310 3238 1521 3297 wintoniensis
1546 3237 1711 3311 episcopus,
1727 3237 1777 3309 qui

65 3330 141 3392 cate,
158 3330 186 3381 et
200 3343 287 3382 manu
303 3329 421 3401 propria
436 3336 537 3403 pectus
556 3349 642 3388 suum
658 3333 848 3404 percutiebat,
864 3337 893 3389 et
945 3337 1033 3394 modo
1048 3336 1105 3406 (73)
1122 3331 1288 3405 apostolice
1304 3329 1382 3388 sedis
1410 3329 1525 3401 legatus
1548 3333 1591 3383 ert
1614 3327 1643 3382 in
1659 3325 1775 3398 Anglia,

62 3414 171 3473 malam
187 3415 367 3472 voluntatem
383 3419 559 3476 dimittebat.
575 3422 704 3480 Consilio
720 3422 779 3489 Dei,
795 3427 824 3480 et
839 3440 892 3480 no·
945 3425 1092 3498 placidum
1108 3423 1133 3481 ei
1143 3421 1359 3480 commodasset
1371 3433 1545 3485 assensum;
1564 3414 1774 3488 764666661-

63 3508 134 3571 stro,
151 3510 179 3561 et
200 3506 412 3578 episcoporum,
429 3511 665 3569 emendationem
688 3513 752 3569 vite
767 3530 826 3570 sue
841 3514 892 3570 ob·
945 3515 1014 3572 licet
1043 3517 1145 3586 captus
1169 3509 1351 3583 amplissima
1379 3508 1457 3580 quod
1478 3506 1644 3577 Stephanus
1667 3503 1713 3561 avi
1728 3502 1775 3560 sui

62 3598 249 3651 servaturum
260 3611 324 3652 sese
340 3597 537 3667 promittebat.
549 3601 609 3658 Sub
621 3600 677 3658 ista
687 3603 892 3674 promissione,
945 3602 1087 3660 Willelmi
1104 3603 1132 3659 in
1148 3599 1230 3674 regni
1241 3599 1545 3656 moderaminemores
1556 3598 1693 3663 servaret,
1706 3608 1776 3665 pras·

66 3698 99 3739 eo
116 3683 239 3740 firmiter
254 3692 402 3743 aunuente
419 3689 487 3756 (76),
504 3706 555 3760 pro
572 3695 671 3747 nostro
693 3692 790 3748 olficio
810 3692 894 3749 tertio
946 3693 1088 3765 cipueque
1111 3692 1141 3747 in
1165 3686 1355 3746 ecclesiastici
1379 3684 1487 3758 vigoris
1510 3681 1675 3753 disciplina.
1697 3681 1778 3747 Dua·

64 3777 178 3829 sumet
201 3776 395 3844 pertriduum
414 3777 602 3836 absolvimus.
628 3779 748 3838 Crucem
778 3782 894 3838 Domini
947 3767 1777 3855 propterdistrictosacramento,quodaStephanoWil·
1859 3842 1865 3849 .

65 3862 208 3933 adoravit,
225 3881 330 3936 corpus
345 3871 374 3922 et
389 3868 563 3940 sanguinem
580 3869 695 3926 Domini
711 3872 811 3929 devote
826 3889 893 3929 sus·
946 3871 1051 3929 lelmus
1063 3864 1525 3937 cantuariensisarchiepiscopus
1536 3860 1631 3934 exegit
1641 3858 1775 3917 deliber-

64 3950 140 4022 cepit
157 3969 163 4020 ;
181 3952 398 4026 eleemosynam
415 3973 499 4013 suam
517 3959 673 4031 disposuit,
691 3960 732 4017 ita
746 3961 892 4018 dicendo:
946 3965 1004 4017 tate
1019 3960 1163 4016 reddenda
1182 3956 1316 4013 Ecclesia
1335 3960 1365 4010 et
1379 3952 1589 4020 conservanda,
1619 3951 1773 4022 episcopus

64 4042 209 4097 Soloomur
224 4041 318 4099 detrito
333 4061 404 4112 mea,
421 4047 575 4104 reddantur
595 4049 771 4107 liberationes
785 4059 812 4107 et
826 4053 892 4107 soii·
945 4047 1159 4105 Wintoniensis
1187 4062 1218 4103 se
1238 4044 1426 4102 mediatorem
1451 4045 1480 4097 et
1504 4040 1608 4098 vadem
1625 4039 1772 4111 apposuit.

63 4129 135 4187 datae
151 4132 249 4202 quitus
271 4134 325 4203 (71)
342 4136 423 4192 deleo
437 4154 448 4202 ;
464 4138 574 4210 reliquo
590 4139 779 4209 indigentibus
792 4140 893 4197 distri·
945 4141 1035 4210 Cujus
1049 4135 1224 4195 sacramenti
1241 4139 1380 4199 tenorem,
1398 4136 1497 4203 postea
1512 4129 1621 4200 scripto
1635 4128 1773 4194 inditum,

65 4218 197 4277 beantur.
215 4220 329 4278 Utinam
355 4225 398 4281 sio
421 4226 556 4285 iecissent
579 4228 631 4300 qui
655 4229 806 4287 thesauros
828 4230 893 4301 ejus

63 4309 203 4366 tenebant
225 4319 252 4368 et
273 4315 390 4370 tenenti
407 4316 537 4373 Tandem
559 4317 601 4376 illi
630 4320 833 4378 auctoritatem
856 4319 892 4377 de

65 4399 201 4455 unctione
213 4401 505 4478 intirmorum,quam
519 4408 673 4466 Ecclesiae
688 4411 770 4467 beato
784 4410 892 4468 iaccho

944 4229 1009 4287 loco
1021 4245 1077 4285 suo
1093 4244 1151 4285 uon
1168 4225 1401 4300 pretermittam.

963 4355 999 4394 DD
1021 4350 1216 4395 concitatioris
1243 4347 1327 4389 REGIS
1352 4346 1500 4396 STEPHANI,
1519 4344 1553 4382 et·
1572 4343 1607 4383 DE
1627 4340 1758 4382 Mostene

1320 4419 1398 4459 EJUS.

12 4516 18 4534 ·
65 4489 197 4558 spostolo
213 4493 353 4562 suscepit,
370 4495 497 4553 studiose
517 4499 788 4569 proposuimus3ei
803 4482 935 4572 ipsiasll
985 4499 1237 4571 §lhcoronatus
1265 4499 1404 4565 astorgo
1435 4490 1465 4546 in
1496 4485 1778 4560 regemStephanus
1866 4542 1870 4547 ,

66 4576 111 4648 pia
123 4577 263 4649 petitione
274 4580 336 4637 oleo
347 4591 446 4639 sancto
457 4601 524 4640 eum
534 4586 715 4645 inunximus.
728 4588 775 4645 Sic
787 4590 816 4645 in
825 4603 894 4660 pace

65 4668 192 4738 quievit:
215 4687 313 4742 pacem
330 4673 378 4728 det
403 4673 427 4729 ei
444 4673 530 4743 Deus,
548 4677 614 4747 quia
629 4694 728 4749 pacem
744 4678 861 4735 dilexiti
880 4699 893 4732 s

65 4790 203 4838 ouodono
228 4794 336 4835 conaus
365 4797 446 4838 naurs
471 4799 588 4840 aruerat
611 4802 813 4843 nxraraaarurs
832 4804 892 4843 asr.

98 4866 113 4933 ἓ
143 4867 185 4922 10.
217 4867 282 4923 Hac
312 4870 450 4941 prelatus
484 4874 724 4948 Rothomagensis
753 4874 895 4949 archiepi-

101 4992 157 5061 (63)
174 4994 268 5050 hians.
284 5013 321 5061 6.,
338 4999 451 5061 Leonas.
468 5017 492 5055 s.
510 5001 538 5057 d.
555 5000 601 5070 12,
617 5001 762 5073 Leonibus,
778 5019 803 5060 c.

100 5065 157 5187 (ἳ61)
174 5066 210 5121 16
237 5067 365 5129 deterius.
392 5089 415 5127 s.
447 5087 471 5127 o.
502 5074 570 5130 d.e
600 5077 624 5129 1.
649 5074 701 5142 12,
730 5075 894 5146 evidentias,

105 5206 161 5274 (65)
177 5209 324 5280 deponam.
341 5215 518 5285 Cognomina
535 5217 750 5277 ambianensis.

101 5278 157 5347 (66)
173 5280 246 5339 Sese.
262 5299 299 5355 6.,
311 5287 455 5343 omissum
469 5288 499 5343 in
514 5305 537 5344 s.
554 5305 579 5345 c.
596 5291 625 5346 d.
642 5289 688 5347 12.

101 5351 157 5418 (67)
175 5353 205 5406 16
220 5358 314 5425 quinto
329 5357 409 5414 iiico.
425 5361 515 5427 5411.

100 5422 156 5490 (68)
172 5423 279 5481 Autem.
296 5442 334 5493 c.,
350 5431 493 5487 omissum
510 5433 539 5488 in
554 5450 578 5488 s.
596 5450 620 5492 c.
636 5435 664 5490 d.
682 5434 728 5490 12.

99 5494 157 5563 (69)
173 5497 367 5580 AEqriiediais.
384 5518 420 5568 e.,
435 5505 615 5573 egritudinis
628 5522 694 5573 suae,
709 5523 733 5562 e.
755 5522 780 5562 o.
795 5506 823 5560 d.
842 5502 892 5560 12.

102 5566 157 5636 (70)
175 5568 231 5623 Sui
254 5576 309 5632 ista
336 5574 529 5643 promissione,
546 5590 576 5631 eo
599 5577 717 5646 firmiter
744 5581 893 5634 annuente.

947 4589 1056 4662 Anglie
1073 4587 1225 4645 undecimo
1240 4582 1379 4640 kalendas
1393 4581 1525 4637 ianuarii
1543 4579 1610 4650 (71),
1630 4576 1779 4634 Dourinioe

950 4680 993 4750 (22
1010 4679 1088 4746 Dee,
1103 4680 1137 4733 Α.
1149 4676 1182 4732 D.
1199 4675 1290 4743 1125),
1303 4672 1398 4728 trihus
1409 4670 1553 4743 episcopis
1569 4665 1775 4740 presentibus,

948 4766 1177 4841 archiepiscopo,
1202 4761 1414 4828 Wintoniensi,
1440 4754 1659 4824 Salesbiriensi,
1689 4752 1779 4810 nullis
1855 4754 1860 4763 “

948 4843 1781 4928 abhatibus,pauelssimisoptimatihue,viccsimasecunda

948 5020 985 5071 e.,
1002 5003 1057 5059 sit
1078 5002 1136 5058 ista
1158 5001 1184 5057 ei
1208 4999 1327 5071 firmiter
1351 5001 1504 5062 annuente,
1521 4992 1563 5062 d.,
1580 4989 1630 5075 sui
1646 4990 1701 5074 ista
1713 5004 1783 5060 pro-

947 5076 1090 5145 missione,
1106 5073 1212 5200 e¹.,28ud
1228 5073 1290 5138 ipso
1302 5068 1484 5142 promissione
1497 5067 1552 5120 isto
1566 5078 1591 5118 er
1601 5062 1782 5132 firmiterqu-

947 5151 1057 5214 aaeate,
1074 5163 1099 5201 o.
1154 5188 1161 5202 .

985 5217 1040 5287 (71)
1057 5218 1171 5286 Quibus,
1186 5232 1224 5285 6.,
1239 5230 1309 5288 quae,
1324 5230 1348 5269 a.
1366 5228 1392 5269 o.
1409 5212 1436 5266 d.
1450 5209 1509 5292 12..
1609 5276 1616 5289 ⁶

986 5290 1041 5357 (72)
1059 5290 1166 5344 Tamen.
1183 5304 1207 5343 s.
1225 5303 1250 5343 c.
1267 5287 1295 5340 d.
1312 5284 1368 5340 62.
1386 5281 1437 5347 12,
1452 5294 1594 5337 omissum
1608 5293 1638 5334 tn
1653 5293 1669 5334 6
1690 5281 1716 5336 1.

985 5362 1041 5430 (73)
1057 5360 1130 5415 liudo
1146 5376 1168 5415 s.
1186 5373 1211 5413 e.
1227 5357 1278 5423 12,
1292 5356 1435 5412 omissum
1450 5352 1480 5408 in
1493 5368 1518 5407 c.
1535 5351 1564 5408 d.

984 5433 1039 5501 (71)
1057 5431 1202 5489 Undecimo
1217 5427 1352 5484 iaciendas
1380 5423 1521 5483 ianuarii.
1549 5421 1683 5496 Plerique
1717 5437 1782 5478 con·

948 5503 1126 5575 temporanei
1138 5499 1403 5572 scriptorcsdiount
1413 5495 1594 5570 Stephanum
1610 5497 1781 5552 coronatum

948 5575 1041 5634 tuisse
1054 5574 1101 5632 die
1115 5571 1283 5632 Decembris
1300 5569 1438 5628 vicesima
1451 5572 1540 5626 sexta.
