3750 6000
96 230 141 285 its
221 238 224 243 '
683 216 862 277 EPISTOLAE
884 212 926 273 af
945 214 1145 272 Patt'tattttta

1690 210 1740 271 {8⁰

89 353 165 429 gandi
200 350 328 407 babeatis
356 350 470 407 liberam
500 347 663 403 facultatem.
700 348 890 400 Verumtamen
905 344 1014 412 Aquas
1029 342 1123 397 litterae
1139 342 1195 397 istae
1210 341 1392 414 pervenerint,
1420 341 1532 395 salutem
1562 348 1588 395 et
1610 342 1742 411 apostoli-

90 442 183 499 radem
199 440 302 497 abbate
316 437 473 504 decedente,
503 436 546 493 vel
574 434 608 491 ad
635 435 724 490 locum
738 434 820 489 alium
835 434 893 504 ipso

90 530 127 587 rel
141 530 205 600 ejus
219 527 403 585 socessoribus
431 523 693 598 transmigrantibus,
722 523 817 578 fratres
831 536 893 576 rno-

90 618 198 675 nasterii
219 617 252 673 S.
283 615 383 689 lligidii
413 613 531 687 eligendi
559 613 593 667 de
620 610 832 685 congregatione.
846 626 894 664 sua

91 706 217 763 abbatem
231 704 336 775 absque
362 702 558 773 impedimento
586 700 703 755 habeant
731 698 891 754 libertatem.

90 798 126 851 lta
141 802 237 849 tamen
253 801 282 847 ut
296 792 362 865 ipsis
377 806 426 864 pro
441 789 549 859 abbate,
565 788 611 859 qui
626 788 660 844 ad
676 787 748 843 aliud
761 786 894 842 transierit

90 882 295 948 nonasterium,
310 880 345 935 de
360 878 435 934 nullo
449 878 523 946 allio,
544 884 721 948 praeterquam
736 874 770 929 de
784 875 893 933 Clunia-

90 973 159 1028 censi
191 969 358 1026 monasterio
387 973 524 1040 pastorem
552 981 688 1021 assumere
716 964 804 1019 liceat.
833 962 893 1032 Quo

91 1069 219 1129 nimirum
233 1066 374 1133 defuncto,
403 1063 447 1119 vel
475 1064 554 1119 etiam
569 1068 674 1116 remoto
689 1058 723 1116 tle
736 1074 892 1131 congrega·

91 1157 162 1214 tioae
175 1170 238 1221 sua,
254 1152 375 1225 eligendi
402 1150 539 1217 abbatem,
569 1167 630 1205 cum
658 1148 784 1220 praedicto
804 1156 893 1201 tamea

91 1256 193 1313 unare,
209 1243 337 1299 eamdem
352 1240 470 1295 habeant
486 1238 648 1296 facultatem.
666 1238 716 1292 Pro
730 1251 892 1307 recompen-

89 1335 193 1389 satione
214 1344 326 1403 quoque
354 1328 542 1403 fatigationum
567 1341 800 1396 expensarumque
827 1340 893 1394 quaa

89 1422 219 1480 nimirum
236 1428 265 1475 tu
279 1419 323 1475 vel
347 1417 569 1490 praedessessores
592 1415 629 1469 tui
657 1429 706 1486 pro
730 1414 892 1468 monasterio

90 1512 116 1569 S.
132 1509 237 1583 AEgitlii
253 1507 407 1580 pertulistis,
437 1504 509 1561 idern
536 1503 622 1560 abbas
633 1518 764 1558 consensu
780 1502 891 1557 fratrum

87 1615 209 1661 snorum,
231 1595 417 1653 obedientiam
446 1609 507 1664 quae
535 1592 698 1648 limantium
723 1597 892 1661 nuncupatur

89 1705 147 1744 rum
164 1684 337 1759 pertinentiis
351 1683 416 1747 suis,
446 1682 492 1737 tibi
507 1688 532 1736 et
547 1696 595 1753 per
609 1689 634 1735 tc
647 1680 815 1736 Cluniacensi
831 1692 889 1732 mo·

88 1785 202 1842 amieria
232 1782 356 1848 donavit,
371 1787 398 1835 et
412 1780 497 1850 injus
510 1778 569 1848 ejus
596 1793 627 1833 ac
661 1778 687 1831 in
703 1778 893 1849 proprietatem

90 1877 295 1947 inperpetuum
326 1869 468 1925 transtulit.
499 1867 577 1936 Quod
605 1868 627 1921 si
656 1867 715 1936 quis
742 1882 790 1923 vos
815 1881 896 1936 super

90 1964 183 2019 eadem
197 1959 356 2019 obedientia
370 1956 562 2025 molestaverit,
592 1954 721 2028 praefatus
737 1955 829 2009 Petrus
842 1953 890 2008 ab·

91 2053 137 2108 bas
150 2068 180 2107 se
195 2066 227 2107 ac
242 2063 411 2105 successores
437 2061 500 2101 suos
527 2045 673 2100 secundum
698 2042 894 2114 justitiamau-

93 2151 177 2198 atores
191 2148 218 2196 et
232 2137 392 2195 defensores
413 2135 560 2192 constituit.
589 2133 628 2188 Tu
655 2148 729 2200 suero,
746 2131 843 2187 dilecte
857 2128 894 2183 fili

94 2232 165 2287 letre
181 2229 277 2294 abbas,
293 2234 393 2297 practer
408 2241 440 2280 ea
455 2240 515 2294 quae
529 2222 600 2277 dicta
627 2230 687 2276 sunt
707 2219 893 2291 querimoniae,

96 2335 171 2390 quam
184 2318 314 2374 adversus
343 2313 535 2370 monasterium
550 2311 579 2367 S.
595 2309 692 2383 AEgidii
704 2308 833 2374 habebas,
848 2309 896 2362 lra-

99 2409 149 2463 bito
172 2409 283 2463 fratruum
311 2412 417 2460 tuorum
433 2401 556 2465 consilio,
575 2400 601 2454 in
617 2407 777 2469 perpetuum
792 2412 894 2452 renun-

104 2508 180 2562 tirsti.
198 2506 332 2562 Statutum
348 2502 430 2557 etiam
455 2509 493 2555 cst
523 2508 551 2553 ut
578 2498 601 2552 si
615 2496 791 2552 Cluniacense
804 2510 897 2549 mona-

104 2598 202 2651 sterium
216 2609 296 2664 snpcr
311 2589 475 2646 monasterio
504 2588 535 2643 S.
567 2585 667 2659 AEgidii
681 2585 792 2640 haberet
806 2584 896 2652 aliqua

108 2684 247 2756 privilegia,
264 2680 307 2736 vel
322 2678 478 2735 caenobium
493 2677 524 2731 S.
543 2674 642 2747 AEgidii
657 2689 738 2744 super
750 2672 894 2737 Limentio,

109 2770 218 2838 utrinque
232 2766 392 2821 reddantur.
412 2762 441 2818 Si
456 2777 509 2831 qua
523 2776 587 2815 vero
614 2759 730 2813 existant
748 2754 894 2829 generalia,

110 2858 198 2912 nullum
213 2857 240 2910 in
255 2856 306 2910 hoc
321 2854 445 2924 vlgorcnr
458 2848 609 2905 obtineant.
637 2845 800 2902 auctoritate
816 2843 897 2916 igitur

110 2946 150 3002 liei
176 2955 201 3001 et
226 2950 316 2999 nostra
343 2940 516 3012 praecipimus
543 2945 572 2991 ut
598 2935 727 3006 praedicta
753 2930 896 2989 conventio

111 3032 197 3101 absque
211 3030 281 3084 illius
295 3024 506 3082 contradictione
523 3018 744 3093 irrefragabiliter
757 3016 893 3087 perperim

110 3119 260 3174 obervetur.
294 3116 322 3169 Si
348 3113 408 3185 quis
436 3127 500 3167 vero
528 3109 664 3180 praedictae
692 3105 843 3162 concordiae
866 3104 891 3157 in

112 3218 170 3271 hunc
183 3223 278 3270 nostre
292 3208 504 3267 confirmationis
531 3203 655 3279 [jussum]
677 3202 809 3260 contraire
823 3217 896 3273 prae-

110 3305 248 3375 sumpserit,
279 3299 494 3372 indignationem
523 3296 664 3351 beatorum
694 3293 762 3347 Petri
782 3299 807 3346 et
822 3289 898 3346 Pauli

111 3409 137 3447 ac
149 3401 259 3448 nostram
275 3392 402 3453 incurrat,
420 3394 444 3442 et
460 3385 494 3440 ab
509 3384 625 3455 incaepto
640 3381 789 3437 frustretur.

142 3490 191 3564 Ego
202 3487 374 3544 Innocentius
388 3483 533 3540 Catholicae
552 3481 681 3536 Ecclesiae
708 3480 791 3550 episc.
807 3476 896 3533 subsc.

110 3575 160 3648 Ego
173 3574 312 3629 llatthaeus
326 3566 486 3625 albanensis
499 3566 582 3636 episc.
597 3563 755 3634 subscripsi.

139 3664 191 3737 Ego
205 3663 344 3717 Romanus
371 3657 441 3712 diac.
472 3654 547 3711 card.
579 3653 607 3708 S.
624 3651 715 3708 Manae
740 3651 767 3706 in
794 3651 898 3722 porticu

109 3753 179 3809 {iales
191 3748 351 3821 subscripsi.

138 3842 194 3914 Ego
207 3840 327 3895 loannes
342 3836 383 3891 tit.
400 3834 431 3891 S.
452 3831 619 3905 Chrysogoni
634 3831 725 3903 presb.
742 3829 818 3885 card.
837 3829 899 3884 sub·

110 3947 203 4004 scrupea

139 4030 194 4102 Ego
207 4025 358 4099 Gregorius
372 4021 443 4078 diac.
459 4019 533 4077 card.
550 4019 604 4075 SS.
637 4016 726 4089 Sergii
741 4024 768 4073 et
792 4015 898 4082 Bacchi,

111 4114 256 4184 subscripsi.

142 4212 195 4285 Ego
210 4212 297 4266 Lucas
311 4206 401 4280 presb.
417 4202 493 4260 rard.
526 4203 569 4258 tit.
598 4200 650 4258 SS.
669 4200 761 4257 Joanis
774 4207 800 4255 et
816 4197 899 4264 Pauli,

110 4299 258 4373 subscripsi.

140 4400 197 4473 Ego
220 4396 297 4454 Otto.
326 4392 398 4449 diac.
426 4390 502 4447 card.
536 4391 567 4446 S.
588 4388 710 4462 Georgii,
739 4384 895 4457 subscripsi.

947 446 1006 486 carn
1021 430 1251 486 benedictionem.

983 544 1160 600 liberalitatis
1187 544 1323 600 laudabile
1350 560 1437 616 genus
1464 552 1513 609 cst,
1543 544 1639 613 utqui
1667 544 1740 601 seB.

947 634 1025 688 l‘etro
1040 642 1067 689 et
1080 642 1179 689 sancta)
1194 635 1323 688 Romanae
1352 631 1478 688 Ecclesiae
1493 631 1585 686 humili
1600 631 1744 690 devotione

947 733 1095 793 exponunt,
1119 723 1250 792 majorem
1280 720 1468 776 familiaritatis
1495 720 1702 793 prerogativam
1720 730 1748 778 et

947 810 1071 882 digniora
1099 809 1230 866 beneficia
1257 811 1413 865 sortiantur.
1446 807 1533 877 Quam
1560 816 1666 881 gratam
1688 810 1746 866 Deo

947 897 1122 954 Cluniacense
1150 899 1341 954 monasterium
1371 897 1528 952 fanrulatum
1557 896 1705 968 impendat,
1720 905 1747 953 et

948 996 1077 1058 quantum
1106 986 1178 1058 apud
1202 987 1324 1042 homines
1351 986 1438 1041 nitore
1466 985 1605 1057 religionis
1632 985 1745 1058 fulgeat,

947 1083 1068 1138 Ecclesia
1083 1083 1130 1138 Dei
1146 1084 1229 1147 novit,
1250 1092 1275 1137 et
1304 1084 1479 1138 vehementer
1493 1082 1606 1137 anatur.
1621 1082 1745 1152 AEquita·

948 1171 980 1226 tis
995 1173 1076 1243 igitur
1089 1172 1206 1243 postulat
1220 1172 1287 1227 ratio
1303 1180 1329 1225 ut
1356 1170 1427 1225 idem
1443 1172 1516 1225 locus
1531 1170 1687 1241 apostolicae
1701 1170 1746 1225 di-

946 1260 1069 1316 lectionis
1082 1261 1226 1332 privilegio
1242 1261 1371 1332 gaudeat,
1398 1268 1424 1314 et
1453 1266 1506 1314 tam
1523 1259 1549 1312 in
1563 1259 1651 1329 capite
1665 1275 1746 1330 quam

947 1349 974 1403 in
990 1350 1119 1403 vnenrbris
1134 1349 1424 1404 libertatemobtineat.
1440 1344 1637 1417 Nossiquitlenr
1649 1364 1747 1403 mona·

946 1437 1055 1492 sterium
1072 1438 1170 1508 ipsum,
1200 1436 1272 1507 quod
1298 1436 1449 1508 specialiter
1476 1435 1510 1490 ad
1527 1434 1572 1504 jus
1587 1436 1619 1490 B.
1639 1436 1708 1491 Petri
1720 1441 1747 1491 et

946 1535 974 1591 S.
992 1536 1121 1591 Romanae
1136 1542 1237 1605 spectat
1266 1535 1403 1599 Ecclesia,
1433 1549 1481 1605 per·
1499 1549 1547 1588 nos
1562 1533 1634 1604 ipsos
1648 1535 1745 1590 visita·

945 1623 1043 1678 vimus.
1060 1625 1092 1678 Et
1107 1624 1203 1680 eodem
1219 1623 1262 1677 die
1278 1639 1331 1693 aquo
1347 1623 1474 1680 revolutis
1498 1622 1641 1677 multorum
1657 1639 1746 1679 anno·

904 1718 930 1779 Β
944 1728 1003 1767 rum
1018 1712 1111 1781 spatiis
1125 1711 1307 1781 predecessor
1321 1719 1411 1766 noster
1422 1710 1506 1765 felicis
1522 1712 1660 1767 inenoriae
1675 1727 1745 1783 papa

949 1809 1072 1865 Urbanus
1101 1809 1202 1863 ibidum
1230 1810 1318 1879 majus
1346 1809 1428 1863 altare
1457 1815 1668 1875 consecraverat,
1684 1824 1745 1865 cum

948 1898 1157 1970 archiepiscopis
1172 1907 1196 1953 et
1213 1898 1346 1969 episcopis
1374 1898 1418 1967 qui
1447 1898 1587 1953 nobiscum
1606 1914 1745 1954 convene-

948 1994 1017 2052 rant,
1033 1996 1195 2056 cooperante
1211 1987 1326 2056 Spiritus
1353 1986 1436 2041 sancti
1464 1987 1561 2059 gratia,
1588 1986 1660 2042 idern
1682 2004 1745 2045 mo·

948 2076 1091 2130 hasterium
1108 2075 1264 2130 soletnnitcr
1291 2074 1486 2129 dedicavimus.
1515 2075 1658 2131 Davotioni
1673 2092 1744 2147 quo·

948 2163 1198 2233 queethumilitati
1227 2162 1356 2232 fidelium,
1386 2163 1430 2233 qui
1459 2179 1507 2234 pro
1536 2164 1702 2232 arnoreDei,
1719 2173 1746 2220 et

948 2252 1032 2323 ipsius
1060 2251 1110 2306 loci
1142 2251 1339 2306 reverentiam
1366 2250 1542 2307 inuiversurio
1571 2251 1746 2308 dedicationis

948 2341 1011 2396 illuc
1035 2340 1218 2405 convenerint,
1244 2339 1448 2409 prospicientes,
1476 2340 1540 2410 ipsis
1568 2340 1745 2413 quadraginta

948 2429 1006 2485 alies
1018 2429 1183 2501 paenitentiae
1197 2428 1248 2483 sibi
1263 2428 1400 2498 injunctae,
1417 2426 1450 2482 tle
1464 2429 1552 2500 gratia
1577 2429 1625 2484 Dei
1640 2427 1743 2498 confisi,

949 2529 978 2582 B.
995 2528 1176 2598 apostolorum
1190 2527 1257 2581 l‘etri
1279 2535 1304 2580 et
1320 2525 1394 2580 Pauli
1411 2526 1568 2581 auctoritate
1582 2526 1743 2593 remisimus,

950 2616 1096 2673 Statuimus
1110 2615 1191 2671 etiam
1215 2623 1242 2669 ut
1265 2615 1420 2669 immunitas
1434 2614 1555 2683 ejusdem
1571 2615 1688 2671 coenobii
1701 2617 1746 2671 in-

949 2706 1048 2762 violata
1072 2713 1098 2759 et
1115 2703 1221 2776 integra
1248 2704 1342 2758 futuris
1371 2703 1537 2773 temporibus
1564 2711 1745 2775 conservetur,

949 2796 987 2855 ut,
1005 2789 1026 2842 si
1042 2789 1101 2857 quis
1116 2788 1186 2843 infra
1202 2788 1329 2843 terminos
1343 2788 1424 2843 banni
1452 2787 1497 2858 qui
1513 2787 1657 2843 abeodem
1673 2805 1747 2861 prae·

949 2877 1089 2933 decessore
1113 2883 1203 2931 nostro
1231 2876 1301 2931 circa
1329 2874 1487 2931 Cluuiarum
1513 2876 1647 2932 constituti
1675 2885 1746 2945 sunt,

950 2976 1064 3031 scienter
1090 2974 1226 3031 hominem
1256 2990 1364 3046 capere,
1391 2974 1542 3042 vulnerare,
1572 2976 1614 3030 vel
1632 2992 1675 3030 res
1688 2977 1747 3046 ejus

908 3071 933 3134 C
948 3064 1053 3121 auferre
1068 3063 1276 3139 praesumpserit,
1306 3063 1592 3119 excommunicationis
1615 3065 1748 3121 senmntia

950 3153 1118 3226 percellatur,
1136 3168 1273 3223 quousque
1289 3150 1377 3206 ablata
1401 3151 1530 3213 restituat,
1561 3158 1587 3206 et
1601 3152 1692 3207 abbati
1717 3170 1748 3209 ac

950 3250 1090 3305 monachis
1103 3248 1136 3304 de
1152 3248 1226 3303 illata
1255 3247 1352 3318 injuria
1381 3263 1499 3320 congrue
1529 3248 1687 3306 satisfaciat.
1706 3250 1747 3305 nd

951 3340 1008 3394 haec
1022 3338 1178 3409 adjicientes
1193 3336 1361 3393 decrevimus
1376 3343 1402 3391 ut
1420 3336 1571 3407 quicunque
1586 3337 1748 3395 Cluniacen-

949 3444 992 3483 ses
1007 3428 1154 3484 monachos
1170 3426 1212 3482 vel
1227 3441 1320 3481 eorum
1334 3426 1422 3481 socios
1436 3426 1565 3497 ceperint,
1582 3434 1627 3481 aut
1641 3442 1674 3482 ea
1688 3444 1749 3499 quae

949 3517 1114 3588 portaverint
1129 3515 1171 3570 vel
1185 3513 1371 3585 conduxerint,
1396 3515 1668 3571 excommunicationi
1681 3517 1750 3572 sub·

948 3616 1066 3685 jaceant.
1083 3613 1112 3670 Si
1125 3629 1190 3669 vero
1205 3614 1287 3683 aliqui
1303 3613 1404 3683 absque
1416 3612 1535 3684 ipsorum
1554 3615 1749 3671 monachorum

951 3703 1102 3775 praesentia,
1119 3719 1152 3757 ca
1166 3719 1226 3772 quac
1240 3701 1274 3757 acl
1289 3703 1388 3758 victum
1419 3703 1460 3757 vel
1489 3702 1612 3758 vestitum
1638 3703 1749 3759 fratrum

950 3793 978 3848 in
993 3792 1161 3848 Cluniacensi
1189 3790 1314 3846 cenobio
1344 3790 1458 3846 Domino
1487 3791 1649 3847 serventium
1664 3794 1749 3865 perti-

951 3889 1025 3947 nent,
1041 3878 1140 3935 alicubi
1168 3878 1314 3950 depraedati
1343 3878 1448 3945 luerint,
1479 3879 1529 3934 nisi
1549 3881 1619 3936 infra
1634 3881 1750 3951 quadra·

950 3978 1026 4053 ginta
1041 3977 1099 4033 dies
1111 3977 1267 4033 commoniti
1297 3975 1387 4031 ablata
1411 3977 1582 4045 restituerint,
1612 3994 1660 4034 eos
1686 3996 1751 4037 ana·

952 4066 1062 4123 themati
1073 4064 1214 4135 subjacere
1243 4062 1424 4134 precipimus,
1454 4071 1480 4119 et
1507 4064 1535 4119 in
1564 4073 1632 4121 erra
1654 4083 1749 4123 eorum

952 4164 1044 4221 divina
1058 4162 1232 4236 prohibemus
1246 4160 1337 4215 officia
1350 4159 1493 4216 celebrari.
1519 4163 1589 4217 Loca
1601 4178 1709 4234 quoque
1723 4165 1752 4219 in

953 4255 1050 4326 quibus
1063 4269 1092 4309 se
1107 4250 1266 4323 receperint,
1282 4249 1368 4305 denec
1384 4257 1528 4321 presentes
1549 4250 1658 4320 fuerint,
1675 4252 1751 4307 adi·

953 4343 1023 4398 vinis
1036 4341 1182 4411 obsequiis,
1211 4346 1308 4411 praeter
1334 4337 1478 4395 infantium
1506 4339 1641 4412 baptisma
1654 4348 1680 4396 et
1696 4357 1754 4399 mo·

916 4431 943 4493 D
958 4430 1083 4486 aientium
1102 4428 1282 4501 pmnitentias,
1299 4444 1403 4484 cessare
1418 4427 1588 4500 praecipimus
1604 4447 1610 4484 ι
1626 4437 1654 4485 et
1667 4431 1757 4489 nullus

140 4498 197 4571 ligo
213 4483 901 4552 GuidoaliaconuscardSSCosmmetflamiam,
956 4519 1112 4576 eorumdem
1128 4525 1362 4589 mmmmm,
1392 4525 1490 4588 ΜΠ
1512 4517 1637 4575 ,imorem
1650 4519 1755 4587 monis,

112 4579 257 4651 subscripsi.

141 4680 236 4735 Dauum
266 4674 396 4730 l'alentiae
424 4688 471 4744 per
504 4685 615 4726 manum
657 4667 781 4725 himerici
809 4667 838 4722 S.
862 4665 898 4721 R.

111 4767 140 4823 ll.
157 4766 262 4822 diaconi
292 4762 365 4819 card.
382 4769 407 4816 et
423 4760 553 4827 cancell,
581 4773 634 4813 xrrr
649 4757 712 4813 Kal.
744 4754 811 4829 [lep.
831 4750 903 4825 ldus]

111 4857 201 4925 durtii,
240 4857 375 4910 lucarnat.
427 4848 577 4905 Dominicae
605 4863 675 4902 anno
704 4848 783 4913 itta,
810 4841 903 4914 ponti·

111 4950 197 5003 ticatus
212 4960 276 4999 vera
291 4939 386 4997 domni
400 4936 550 4994 lnnocentii
565 4952 644 5008 papas
658 4936 683 4990 ll
697 4948 768 4991 anno
783 4946 824 4988 111.

472 5063 543 5117 lltjl.

111 5169 152 5226 ald
163 5165 390 5239 crcltiepiscopcs
400 5164 428 5218 et
437 5160 580 5233 episcopos
591 5173 697 5215 emeres.
710 5155 904 5225 -Prieitepiu

399 5249 611 5306 cluniacensia.

338 5355 430 5425 (Anno
446 5353 526 5415 ttaa,
543 5349 620 5406 llart.
638 5352 676 5413 8.)

284 5452 400 5526 [blanau
424 5447 543 5513 dorecil..
567 5447 642 5513 XXI,
657 5443 731 5516 lut}

143 5551 338 5607 hxocamtt's
352 5538 505 5612 episcopus,
521 5552 614 5593 servus
627 5550 765 5589 servorum
780 5531 842 5589 Dei.
858 5547 908 5584 ve-

958 4608 1008 4663 nisi
1023 4624 1039 4662 a
1053 4608 1175 4662 Romano
1190 4605 1315 4677 pontifice
1343 4605 1506 4663 absolvatur.
1537 4607 1618 4664 Porro
1633 4609 1755 4680 quisquis

957 4704 1077 4775 praelatis
1090 4703 1216 4757 fratribus
1244 4702 1396 4773 ubicunque
1424 4705 1604 4774 manentibus,
1630 4707 1757 4775 quaelibet

958 4795 1020 4860 alia,
1037 4799 1134 4865 praeter
1147 4808 1180 4846 ea
1193 4806 1252 4861 quar
1270 4791 1392 4862 superius
1420 4793 1646 4861 enumeravimus,
1662 4794 1757 4850 abstu-

958 4883 1027 4949 lerit,
1044 4881 1094 4936 nisi
1109 4880 1179 4935 inira
1193 4879 1371 4952 quadraginta
1398 4878 1455 4934 dies
1469 4888 1530 4950 post
1543 4895 1661 4937 nostram
1676 4898 1755 4938 mm-

958 4972 1134 5029 monitionem
1162 4969 1252 5025 ablata
1287 4969 1439 5035 restituerit,
1481 4971 1756 5030 axconrmunicationi

957 5072 1105 5142 subjaceat,
1124 5084 1173 5124 nec
1189 5066 1343 5123 absolvatur
1370 5066 1457 5123 donec
1481 5067 1594 5139 capitale
1609 5069 1714 5139 reddat,
1732 5081 1758 5129 et

958 5174 1077 5232 congrue
1104 5157 1262 5213 satisfaciat.
1303 5155 1381 5225 Quod
1400 5154 1422 5210 si
1438 5158 1495 5211 haec
1518 5166 1671 5229 perpetrata
1698 5176 1758 5218 essa

960 5248 1097 5316 noveritis,
1128 5255 1173 5301 aut
1200 5246 1302 5301 clanror
1325 5259 1406 5314 super
1433 5246 1484 5300 hoc
1509 5246 1544 5301 ad
1563 5262 1641 5304 aures
1654 5258 1756 5308 vestras

960 5336 1122 5411 pervenerit,
1140 5333 1216 5389 vobis
1240 5332 1426 5404 praecipientes
1454 5333 1612 5391 mandamus
1627 5346 1760 5408 quatenus

961 5438 1102 5507 pmet'utanr
1132 5429 1372 5487 animadversionis
1398 5430 1558 5487 sententiam
1586 5448 1635 5504 per
1658 5444 1761 5494 vestras

964 5524 1067 5581 l'aciatis
1082 5519 1223 5594 parochias
1237 5517 1347 5574 tirmiter
1359 5518 1507 5576 observari.

109 5636 277 5699 natabilibus
287 5628 417 5689 nauibus
441 5626 651 5701 archiepiscopis
672 5632 700 5679 et
718 5621 859 5694 episcopis,
875 5617 910 5673 ad
998 5614 1095 5667 llutaur
1113 5608 1241 5667 l‘ulentiae
1255 5623 1302 5667 vtn
1316 5608 1379 5664 ldus
1391 5608 1492 5666 Mardi.
