3772 6006
63 222 67 227 ·
144 192 223 253 itta
582 180 787 245 tt'tuLttLtttt
809 177 1181 242 Matuastittfltsrtsts
1209 179 1386 243 souacttt
1775 180 1841 243 tttt

143 327 191 397 qui
205 324 262 382 sibi
279 321 481 380 castimoniam
497 318 752 384 commendarent;
766 317 829 388 eJ'us
839 314 962 388 integri·
976 317 1006 384 Α
1021 314 1159 387 populum
1170 333 1187 373 a
1197 317 1282 374 bonis
1296 316 1428 376 moribus
1443 317 1589 388 diffluere,
1602 320 1689 377 omni
1699 318 1843 377 Dominica

143 423 231 476 tatcrn
247 416 276 472 io
293 433 325 474 se
339 411 609 482 alacriter-exsequi,
623 408 840 481 corruptionem
857 407 889 464 in
901 406 966 464 aliis
1021 408 1050 461 et
1065 405 1226 476 majoribus
1239 405 1477 464 solemnitatibus
1488 407 1518 464 in
1533 409 1662 466 ecclesia
1678 408 1845 467 infundebat

36 568 41 575 ,
144 508 250 564 aeriter
260 503 387 577 insequi,
403 507 436 560 ut
452 518 509 557 uuo
525 497 646 569 liquebit
660 497 801 570 exemplu.
1021 493 1047 550 ei
1059 495 1294 553 monitasalutia.
1307 496 1428 554 Putares
1444 513 1477 554 ex
1487 498 1668 572 evangelicis
1684 504 1717 556 et
1728 501 1843 572 prophe·

465 588 582 647 CAPUT
600 588 638 642 ttr
1019 582 1085 641 ticis
1095 584 1183 640 aditis
1192 587 1281 641 cerba
1293 586 1437 656 intonare,
1449 603 1514 658 qum
1529 587 1580 644 ille
1595 603 1632 643 ex
1645 588 1845 646 attestationis

179 689 246 743 Erat
260 686 289 742 in
304 684 405 741 cadem
426 682 497 738 urbe
518 684 660 744 matrona,
677 682 706 735 et
720 676 887 736 domesticis
902 676 963 747 opi·
1019 673 1097 745 plebi
1113 675 1340 745 pronuntiabat:
1357 676 1428 733 adeo
1447 680 1481 733 ut
1499 677 1634 733 tonitrua
1654 676 1845 736 fulminabant

142 775 198 833 bus
215 773 344 847 locuples
355 771 511 844 plusquam
523 768 667 827 sufficeret
680 766 894 838 statutosque
907 766 964 821 lar·
1019 760 1048 817 ln
1061 763 1221 834 improbas,
1235 765 1307 822 adeo
1324 769 1356 820 ut
1371 765 1480 821 imbres
1492 765 1655 839 irrigabant
1666 766 1790 825 electos.
1800 768 1844 825 ttr-

142 882 196 922 mts
210 862 399 920 lineamentis
422 861 537 917 curiosa
555 858 732 914 intuentium
752 855 966 913 lenocinaretur
1019 853 1114 908 ciebat
1125 853 1179 910 hoc
1194 871 1313 911 sommo
1328 855 1482 923 modestia,
1498 862 1528 912 et
1542 862 1696 928 quantum
1708 859 1746 913 ad
1759 859 1843 915 sesub

142 951 279 1026 aspectui.
302 952 370 1009 Deis
391 954 526 1006 narrator
548 948 681 1021 quomado
708 946 844 1002 Wtstoaas
863 943 966 1001 malie-
1020 941 1196 1000 humilitatis
1221 943 1341 1002 latebra.
1361 945 1567 1003 Verumtamen
1585 946 1629 1002 ita
1644 948 1742 1004 latere
1758 949 1844 1004 solen·

141 1059 236 1101 remes
251 1041 286 1098 ad
299 1049 427 1113 stuprum
441 1041 604 1097 invitantem
615 1037 748 1110 rejecerit.
767 1034 830 1091 Vide
844 1035 965 1107 t'apqro·
1019 1033 1078 1090 tem
1094 1033 1203 1090 invenit
1218 1041 1247 1092 ct
1260 1038 1368 1111 carpsit
1383 1038 1504 1108 invidia,
1521 1039 1661 1111 quamvis
1682 1045 1841 1111 carpentem

142 1132 229 1202 sium,
243 1132 269 1206 Ι.
284 1131 347 1188 332.
1019 1122 1143 1182 caelestis
1157 1124 1286 1182 vindicta
1311 1143 1368 1183 nun
1385 1126 1574 1198 praeterierit;
1598 1127 1681 1183 sicut
1696 1142 1735 1183 ex
1753 1143 1843 1184 canoe·

455 1220 570 1278 carot
589 1219 652 1276 Vll.
1019 1216 1119 1286 quenti
1131 1215 1261 1274 clarebit.
1272 1221 1339 1274 Erat
1349 1218 1378 1274 in
1391 1219 1492 1275 eadem
1503 1217 1633 1275 ecclesia
1643 1217 1841 1275 transmarina

181 1317 237 1372 Neo
248 1312 342 1371 solum
356 1311 385 1369 in
396 1310 556 1369 monachos
564 1310 615 1366 sed
626 1308 713 1365 etlam
723 1306 752 1363 in
763 1306 870 1379 vulgus
880 1304 965 1363 mise·
1019 1306 1145 1363 nationis
1161 1306 1319 1363 monachus
1331 1306 1502 1363 Winricbua
1526 1307 1663 1374 nomiae,
1682 1306 1710 1363 ai
1726 1308 1762 1363 ad
1781 1307 1841 1364 litte

22 1386 27 1397 ¹
142 1404 273 1462 ricerdis
298 1419 358 1459 sue
383 1401 567 1474 respergebat
594 1399 719 1456 semina.
749 1397 856 1455 Crebro
884 1395 963 1454 enim
1019 1396 1158 1468 ramjam
1176 1401 1300 1468 spectes,
1324 1395 1559 1467 eruditissimus;
1577 1396 1604 1452 si
1621 1397 1660 1454 ad
1678 1397 1839 1471 copiamir·

141 1510 258 1551 summa
269 1489 637 1563 munediurniaexpeditua
647 1487 761 1554 olilaiis,
772 1486 963 1560 conspicuum
1018 1486 1143 1555 cundia,
1155 1485 1271 1542 dicendi
1286 1484 1420 1554 validos;
1436 1486 1459 1543 si
1474 1485 1511 1542 ad
1526 1484 1728 1543 calliditatem
1744 1487 1839 1551 seculi,

140 1601 171 1640 sc
186 1581 334 1654 praebebat
356 1585 424 1637 ante
444 1580 520 1635 iores
541 1577 685 1647 Ecclesia,
707 1580 740 1632 at
762 1573 875 1632 facilior
888 1581 964 1632 esset
1019 1575 1286 1650 prudentissimus;
1303 1575 1327 1632 si
1342 1575 1379 1633 ud
1394 1591 1508 1632 morum
1523 1574 1722 1647 elegantiam,
1733 1575 1840 1648 pnlcbre

141 1674 238 1730 aditus
260 1669 425 1727 solentibus
440 1684 472 1726 se
495 1666 660 1726 convenire.
682 1665 724 1722 lbi
738 1664 829 1736 igitur
843 1661 965 1720 sedulas
980 1640 1003 1705 Β
1019 1666 1209 1738 compositus,
1244 1665 1425 1738 proindeque
1453 1664 1625 1722 bominibus
1654 1670 1794 1737 aceeptus
1817 1670 1840 1720 st

142 1764 171 1815 et
186 1757 253 1830 pius
270 1756 442 1830 explorator,
454 1756 531 1813 diem
543 1753 715 1826 plerumque
725 1752 760 1808 ad
770 1755 891 1822 sextam,
903 1750 963 1823 ple·
1018 1754 1224 1813 charus.1dem
1236 1754 1310 1811 alias
1324 1760 1352 1811 et
1367 1755 1410 1810 ira
1425 1754 1620 1827 perfervidus,
1634 1759 1666 1810 et
1680 1755 1718 1810 ad
1730 1770 1838 1811 auceea·

141 1862 267 1919 rumque
281 1847 407 1904 ducebat
427 1847 648 1918 caramerum
666 1843 822 1900 dummodo
843 1839 886 1898 tel
907 1839 963 1896 tim
1018 1844 1142 1902 sendum
1157 1844 1234 1917 quad
1255 1843 1424 1916 displiceret
1440 1847 1595 1916 torquente
1615 1843 1719 1901 littore
1735 1859 1838 1901 accom-

141 1939 235 2010 passis
256 1940 367 2008 quanta
389 1939 487 2009 posset
509 1951 563 2008 ope
583 1936 777 2002 succurreret,
793 1930 836 1989 vel
859 1946 965 2004 paupe·
1018 1935 1133 1993 medus.
1149 1933 1200 1990 llic
1215 1934 1251 1991 de
1267 1933 1473 2006 predicatione
1491 1933 1589 1990 sancti
1605 1932 1706 1990 multa
1722 1932 1837 1989 cardiaci

142 2025 254 2082 riorum
271 2027 346 2082 tilius
357 2025 524 2098 baptizaret.
539 2024 605 2081 Jam
621 2023 699 2079 euim
711 2021 854 2079 venalitas
868 2036 903 2077 ex
918 2021 963 2076 in·
1018 2024 1132 2089 salitus,
1143 2024 1277 2096 quedam
1289 2024 1326 2080 ad
1338 2023 1414 2080 banc
1424 2023 1601 2080 sententiam
1618 2023 1837 2095 exsequebatur.

141 2114 301 2172 iemalibus
324 2116 435 2172 umbris
461 2122 626 2181 emerserat,
653 2117 685 2169 ιιι
708 2127 761 2168 neo
780 2110 854 2167 illud
873 2109 964 2181 gratis
1017 2111 1249 2185 contraregulas
1264 2128 1340 2178 esse.
1353 2112 1432 2185 quod
1447 2111 1579 2169 cilicium
1596 2111 1743 2169 antistitis
1757 2112 1839 2182 preri-

141 2203 300 2278 presbyteri
324 2207 484 2276 praeberent
507 2202 671 2260 inlaatibua
695 2203 921 2267 sacramentum,
938 2196 964 2253 si
1018 2207 1109 2276 perat.
1125 2201 1222 2259 Solius
1238 2201 1384 2274 pontilicis
1405 2216 1470 2258 esse
1485 2200 1593 2274 pupulo
1609 2200 1839 2274 predicarent

141 2311 198 2351 non
214 2293 382 2350 iniuroirent
392 2297 527 2366 parentes
539 2290 734 2361 marsupium.
750 2289 860 2348 Horum
873 2288 964 2361 igilur
1018 2292 1101 2351 solua
1112 2291 1281 2349 traditasibl
1291 2295 1320 2348 et
1333 2290 1448 2348 indulta
1458 2294 1605 2363 potestate
1616 2296 1743 2363 peccata
1753 2296 1840 2363 posset

140 2385 291 2441 Wlstanus
303 2383 459 2440 miseratus
470 2383 612 2455 inopiam,
628 2380 745 2438 illorum
761 2378 860 2436 animo
876 2377 963 2434 mise·
1016 2382 1172 2442 absolvere.
1184 2380 1326 2439 tlonaaba
1336 2379 1487 2437 silentium
1501 2384 1531 2436 et
1544 2378 1715 2437 claustrum
1731 2396 1840 2451 compe·

140 2478 233 2543 ratus,
249 2478 278 2532 et
292 2473 366 2531 lacto
377 2472 557 2546 pertundens
568 2471 728 2541 avaritiam,
738 2468 768 2525 in
779 2467 963 2541 baptizandis
1015 2476 1088 2538 tere,
1104 2487 1163 2529 nan
1173 2469 1339 2543 pompatico
1351 2472 1435 2542 gesto
1451 2472 1479 2526 el
1490 2484 1625 2526 sermone
1642 2468 1747 2543 populi
1759 2469 1841 2525 insal-

138 2564 315 2638 pauperibus
335 2563 476 2621 ultronea
496 2560 673 2636 dignationis
693 2559 881 2631 impendebat
895 2557 963 2615 olii·
1016 2567 1087 2620 tare.

138 2653 415 2713 ciam.Currsbatar
425 2653 460 2710 ad
470 2668 536 2710 eum
548 2669 583 2709 ex
593 2652 716 2709 urbibus
725 2650 893 2724 etagris‚ab
904 2646 963 2707 illis
1049 2651 1148 2710 Vidsri
1173 2666 1241 2724 ergo
1261 2647 1354 2725 magis
1377 2649 1502 2720 alicuius
1523 2646 1674 2706 ambitum
1697 2648 1840 2722 dignitatis

138 2744 420 2818 precipuequorum
438 2758 496 2800 non
513 2742 652 2799 intererat
668 2741 738 2797 dare
748 2755 916 2806 nummum,
933 2745 963 2795 ut
1016 2757 1104 2814 quam
1121 2737 1339 2797 exsecutionem
1356 2737 1484 2811 pietatis.
1495 2735 1561 2793 llere
1573 2735 1623 2794 ille
1634 2753 1697 2794 non
1709 2738 1773 2809 jam
1786 2745 1840 2793 tan·

138 2832 232 2889 soboli
247 2850 307 2889 aua
327 2841 523 2890 mercarentur
538 2832 696 2887 laruarum.
708 2829 869 2886 Translusa
883 2831 960 2885 esta
1014 2834 1079 2888 tum
1094 2848 1112 2888 a
1126 2838 1216 2904 terga,
1236 2828 1288 2887 sed
1306 2827 1394 2886 ctiam
1411 2828 1536 2901 quadam
1553 2827 1602 2884 die
1624 2828 1776 2885 amariore
1790 2827 1838 2901 att,

136 2921 264 2978 tenuiori
288 2922 405 2977 fortuna
427 2921 458 2976 in
483 2919 587 2976 divites
609 2918 796 2987 cousuetudo,
822 2927 853 2973 ut
872 2933 958 2975 nemo
1017 2937 1184 2989 succensus,
1206 2921 1236 2977 in
1256 2935 1288 2977 os
1309 2916 1464 2992 objectavit
1485 2917 1634 2975 Wlstano.
1661 2919 1771 2975 Contra
1795 2918 1837 2974 ille

137 3013 197 3069 iere
212 3012 295 3070 illius
309 3012 434 3081 racionis
446 3012 512 3084 jure
527 3012 704 3084 baptizatum
715 3009 842 3084 aliquem
852 3025 887 3067 ea
897 3009 961 3066 suis
976 2973 1001 3040 C
1016 3017 1099 3071 scuto
1110 3008 1256 3085 patientie
1271 3017 1411 3078 armatus,
1423 3008 1523 3080 psuoia
1537 3009 1680 3065 occurrit.
1693 3008 1839 3065 Nibiiesss

137 3101 579 3175 putaret‚quelestunusoon
589 3099 962 3173 baptizassetconailiabat
1015 3104 1107 3171 magis
1121 3103 1179 3160 Deo
1193 3105 1304 3173 gratum
1321 3115 1409 3174 quam
1424 3098 1564 3172 populum
1581 3115 1707 3170 pessum
1723 3106 1836 3158 euntsrn

136 3192 214 3249 hanc
229 3190 425 3264 suspicionem
438 3208 495 3247 non
508 3189 690 3248 laisadeviri
700 3189 853 3247 sanctitate
862 3189 961 3262 opinio
1013 3192 1044 3250 in
1058 3193 1136 3250 viam
1150 3189 1280 3247 veritatis
1296 3204 1443 3246 revocare:
1457 3189 1580 3260 ideoque
1595 3204 1656 3245 nan
1673 3205 1705 3246 se
1715 3189 1836 3247 omissa·

135 3286 166 3337 et
180 3282 216 3339 de
230 3280 370 3354 religione
384 3298 442 3338 oon
459 3280 612 3339 temeraria
628 3279 827 3352 presumptio.
840 3278 961 3336 Fereba·
1014 3297 1090 3338 rum.
1107 3281 1157 3337 Sin
1171 3278 1252 3335 aliud
1262 3278 1339 3349 quod
1350 3278 1462 3352 gratias
1472 3277 1681 3335 easethristo
1693 3277 1838 3335 addiscere

136 3378 184 3427 tur
194 3386 262 3443 erga
274 3370 466 3442 pertingliam
481 3370 575 3441 ipsius
589 3369 673 3424 lama
684 3367 877 3441 preconium3
889 3367 962 3424 adso
1015 3373 1125 3444 posset,
1141 3367 1344 3424 incunctanter
1359 3365 1513 3423 iacturum.
1526 3364 1569 3421 Ita
1579 3372 1653 3423 tnnc
1668 3366 1838 3432 discessum,

139 3467 170 3515 ut
186 3458 381 3534 potentissimi
397 3464 467 3514 tunc
481 3456 805 3530 optimatesltaglorum
817 3457 879 3529 ejus
890 3457 962 3514 ami·
1015 3464 1045 3516 et
1059 3457 1230 3516 dormitum.
1243 3458 1282 3513 At
1295 3472 1363 3513 vera
1380 3459 1411 3511 ut
1424 3454 1502 3512 Deos
1516 3455 1689 3513 ostenderet
1699 3460 1838 3529 quantum

139 3548 240 3607 citiam
268 3551 296 3604 οι
324 3546 493 3603 avidissime
519 3550 655 3619 optarent
673 3551 702 3604 et
727 3545 961 3604 constantissime
1014 3546 1154 3605 beativiri
1167 3546 1277 3605 iactum
1287 3545 1437 3619 penderat,
1448 3543 1585 3601 horrifica
1595 3542 1838 3602 calumniatorem

138 3641 280 3696 tenerent.
297 3637 376 3694 liano
391 3636 447 3693 sibi
468 3637 654 3694 securitatem
676 3636 707 3693 in
727 3637 877 3709 secundis,
896 3653 961 3695 eva·
1013 3638 1124 3695 visione
1146 3636 1305 3694 concussit.
1325 3635 1397 3692 Cum
1417 3633 1496 3690 enirn
1515 3634 1550 3689 ad
1571 3633 1705 3705 quietem
1725 3650 1840 3708 compa·

21 3768 32 3793 ·.
56 3704 63 3711 ’
140 3728 251 3784 sionem
261 3726 569 3793 insinistria,tutelum
580 3725 609 3782 in
619 3725 960 3799 cunctispollicebantur.
1014 3727 1123 3785 suisset
1137 3724 1311 3784 membrula
1329 3725 1416 3791 lecto,
1431 3724 1468 3780 ad
1482 3720 1612 3780 tribunal
1628 3723 1742 3796 judicia
1756 3723 1840 3799 ignati

139 3815 775 3889 Quoramiiaraldusetmajorcmpotentiam
784 3816 962 3875 conscientia
1014 3823 1117 3892 raptus
1140 3824 1181 3874 est
1205 3814 1314 3873 anima.
1342 3814 1386 3871 sb
1412 3829 1446 3871 eo
1467 3811 1565 3883 itaque
1583 3813 1669 3885 gravi
1692 3817 1843 3871 severitate

139 3923 229 3980 apum
240 3906 366 3979 spirans,
380 3910 409 3962 et
422 3908 485 3979 jam
498 3916 566 3962 tunc
585 3921 707 3980 regnum
720 3906 962 3979 magnanimitate
1014 3907 1194 3979 increpatus,
1213 3918 1387 3962 cursarium
1404 3917 1490 3960 suum
1502 3901 1593 3972 pridie
1603 3901 1735 3961 debono
1747 3902 1841 3977 pradi-

140 4010 256 4050 morum
272 3994 421 4062 affectans,
438 3994 523 4051 unice
542 3994 680 4065 diligebat
698 3993 802 4050 virum.
824 3995 870 4051 lta
884 4003 916 4051 ut
929 3994 960 4052 in
1014 3995 1136 4052 cationis
1146 3994 1340 4066 objurgasset,
1351 3993 1420 4049 dum
1432 4008 1464 4050 ae
1475 3991 1843 4065 parumexpurgat,1'aasit

139 4082 243 4140 itinere
258 4084 370 4156 positus
384 4100 438 4141 xxx
453 4082 590 4141 milliaria
604 4084 640 4141 de
655 4089 732 4142 recta
743 4082 816 4140 calle
832 4100 888 4141 nan
904 4084 960 4142 du·
1015 4085 1045 4141 in
1061 4083 1275 4158 parvimentum
1301 4081 1389 4140 sterni
1405 4085 1434 4138 st
1448 4079 1528 4138 cedi.
1544 4080 1588 4137 lta
1612 4082 1843 4139 suceedentibus

138 4174 242 4230 bitaret
254 4172 406 4243 divertere,
419 4176 451 4229 ut
466 4173 530 4245 ejus
541 4172 683 4246 colloquio
693 4189 829 4231 curarum
841 4190 959 4232 suarum
1015 4173 1070 4231 sibi
1086 4173 1237 4231 lictoribus
1259 4170 1365 4229 acriter
1388 4169 1555 4244 testigatur,
1571 4169 1649 4226 nibil
1672 4170 1760 4228 aliud
1775 4170 1844 4229 inter

139 4259 233 4317 moles
248 4265 348 4332 posset
366 4276 494 4318 avocare.
510 4262 554 4317 lta
568 4259 705 4317 uoluntati
720 4262 782 4333 ejus
797 4265 826 4318 et
839 4262 960 4320 cliente·
977 4263 999 4333 ὓ
1014 4266 1162 4322 tormenta
1175 4262 1233 4319 nisi
1247 4262 1383 4328 ilircrers,
1398 4261 1528 4323 dominer
1546 4260 1681 4329 Domine,
1696 4265 1844 4325 misererer

140 4350 174 4407 le
190 4349 318 4418 deditus,
334 4359 364 4407 ut
381 4349 545 4408 wlstanum
570 4355 684 4408 tantum
709 4352 831 4423 puderet
847 4353 961 4426 jubere,
1015 4352 1195 4412 clamitabat.
1207 4351 1336 4408 Tandem
1346 4350 1463 4408 laxatus
1472 4348 1769 4422 interrogatur‚num
1780 4368 1843 4425 pra·

139 4443 284 4511 quantum
304 4437 464 4496 Hsroldum
481 4456 539 4497 non
555 4440 665 4513 pigeret
679 4439 782 4497 iacere.
798 4443 855 4498 Nee
868 4443 961 4500 mina·
1017 4438 1702 4513 couemauumulterittsprahiberet,quominus
1713 4439 1842 4498 bominac

139 4543 200 4584 rem
217 4527 317 4584 comiti
333 4535 453 4586 sanctus
473 4529 646 4586 retundebat
661 4529 799 4600 gratiam
814 4532 879 4603 ejus
893 4549 961 4590 con·
1015 4534 1051 4589 ad
1064 4532 1178 4591 curiam
1189 4547 1274 4589 suam
1290 4533 1432 4589 evocaret.
1452 4527 1512 4598 tlte,
1524 4527 1571 4585 cui
1588 4527 1664 4584 nibil
1677 4528 1765 4586 illias
1775 4534 1842 4587 tam·

139 4616 279 4673 sessiones
287 4616 859 4692 benigneaccipiens,storatiunumapud
867 4621 959 4679 Deum
1015 4621 1095 4697 poris
1111 4621 1270 4679 necessitas
1281 4636 1339 4677 nou
1350 4625 1542 4691 extorqueret,
1554 4617 1769 4690 perquidquid
1779 4636 1842 4677 san·

140 4706 217 4762 ildus
229 4705 381 4779 interpres.
391 4706 530 4780 Ejusdem
541 4707 704 4767 dilectionis
714 4710 959 4769 terebatarbitam
1015 4716 1095 4769 ctum
1109 4716 1155 4769 est
1168 4708 1308 4783 dejeravit
1320 4726 1351 4767 se
1366 4725 1424 4766 nan
1438 4706 1525 4765 modo
1540 4705 1619 4763 altra
1635 4723 1696 4766 non
1712 4707 1841 4781 probibi-

137 4794 278 4853 aldredus
303 4805 365 4868 post
385 4796 553 4870 Brihtsgum
572 4798 777 4870 Wigornensis
794 4801 960 4875 episcopus,
1014 4806 1127 4872 turum,
1140 4799 1289 4859 sedetiam
1301 4798 1377 4856 ultro
1388 4799 1423 4854 ad
1443 4797 1681 4871 pradicationem
1693 4801 1802 4856 etcum
1815 4799 1840 4854 at

137 4882 180 4938 vir
196 4882 319 4940 multam
330 4881 360 4939 in
372 4883 562 4941 secularibus
576 4892 699 4952 astutus,
711 4900 877 4958 necpsrum
893 4886 960 4943 reli·
1015 4890 1088 4948 alias
1110 4889 1318 4963 impulsurum.
1342 4888 1469 4945 Tantum
1488 4885 1545 4943 sibi
1564 4886 1718 4944 miseratio
1735 4885 1839 4957 judicia

137 4971 248 5044 gissus.
269 4971 429 5028 lsDomino
447 4972 536 5044 priori
556 4991 608 5046 pro
624 4974 784 5032 reverentia
798 4974 960 5032 sanctitatis
1014 4978 1104 5035 altam
1129 4980 1299 5050 prorogaret
1320 4976 1349 5033 in
1373 4979 1533 5048 posterum,
1558 4981 1589 5030 ut
1607 4973 1691 5031 illius
1707 4976 1838 5032 evaderet

137 5062 286 5132 granditer
301 5061 432 5135 obsequi,
443 5062 593 5120 humiliter
604 5080 714 5136 parere,
726 5081 846 5137 prorsus
857 5065 886 5122 ia
897 5081 959 5122 om·
1016 5067 1135 5140 angoris
1154 5067 1323 5124 articulum.
1339 5065 1380 5121 lta
1399 5065 1455 5120 aaa
1468 5064 1536 5120 data
1549 5076 1586 5118 ne
1601 5066 1764 5121 temeraret
1778 5077 1839 5135 pre·

23 5224 29 5233 ⁸
137 5149 224 5207 nibus
242 5155 272 5207 ut
287 5152 401 5224 parenti
416 5153 583 5225 gratissimo
598 5153 721 5211 deterre.
1016 5149 1735 5227 missa,dimissusest.ldaaergoutpotuit,potuit
1746 5157 1838 5209 autem

438 5242 555 5300 CAPUT
575 5243 651 5301 vttt.
1017 5245 1117 5303 statim
1134 5247 1166 5300 ut
1181 5243 1288 5313 illuxit,
1303 5242 1408 5317 prioris
1424 5241 1546 5314 pedibus
1555 5239 1734 5310 advolvitur,
1750 5255 1841 5315 genua

173 5327 232 5384 Nec
251 5329 325 5386 iilud
349 5331 490 5389 subtraho
516 5333 645 5405 lecturis,
670 5335 746 5407 quod
771 5350 827 5394 non
852 5334 962 5392 minori
1016 5333 1209 5403 exosculatur,
1221 5331 1411 5390 commissum
1423 5331 1540 5400 latetur,
1550 5328 1697 5389 offensam
1710 5332 1841 5406 depraca-

135 5432 225 5488 quam
241 5425 344 5476 cetera
366 5438 429 5494 qua
455 5422 534 5481 dicta
558 5428 628 5482 sunt
651 5425 773 5498 dignum
796 5428 842 5484 est
856 5422 960 5482 illustri
1016 5427 1075 5482 tur.
1092 5423 1292 5496 Interrogatus
1302 5421 1462 5497 repentina
1472 5419 1841 5493 nomanatissimus

136 5504 231 5563 titulo.
251 5507 492 5567 animadvertens
512 5512 588 5570 eniri
606 5515 730 5586 penuria
744 5513 962 5587 predicationis
1016 5513 1116 5573 dinem
1132 5512 1254 5573 aaronis
1270 5514 1386 5587 juratas
1400 5509 1546 5592 exposuit.
1562 5509 1757 5573 vadabantur
1769 5508 1841 5569 ceri·
