3750 6000
74 241 126 296 sto

108 366 168 438 Ego
183 366 279 421 Petrus
291 365 411 420 lllhanus
425 366 570 439 episcopus
587 383 624 421 ss.

111 454 173 527 Ego
181 456 298 510 Thomas
313 456 406 526 presb.
422 456 502 510 eard.
521 456 561 511 tit.
578 457 696 513 Vestina
710 473 747 512 ss.

109 544 171 617 Ego
185 544 307 600 Ubaldus
322 544 362 597 tit.
377 543 405 599 S.
423 545 554 600 Praxedis
570 546 645 601 subs.

110 632 172 705 ligo
183 632 338 687 blaniredns
352 633 445 703 presb.
462 633 538 688 eard.
555 634 592 689 tit.
606 634 637 690 S.
658 634 767 690 Savinae
781 651 818 692 ss.

111 721 171 791 Ego
181 720 310 777 Nicolaus
325 722 419 791 presb.
438 722 510 778 card.
530 722 570 777 tit.
588 723 617 777 S.
634 723 741 795 Cyrioei
757 740 795 779 ss.

111 810 173 880 Ego
187 809 276 866 Guido
298 809 430 867 diaeonus
450 810 559 866 cardin.
587 811 639 867 SS.
657 814 762 868 cosmae
777 820 802 868 et
816 812 875 867 Da-

76 897 163 952 miani
176 914 215 953 ss.

113 987 173 1060 ligo
187 986 351 1060 lindolphus
366 987 437 1044 diac.
452 989 530 1045 card.
551 987 582 1044 S.
599 989 688 1046 luciae
702 989 729 1045 in
744 988 875 1046 setasolis

79 1091 120 1132 ss.

110 1166 173 1236 ligo
184 1166 305 1222 ioannes
318 1165 390 1222 diac.
407 1167 486 1222 card.
503 1167 531 1220 S.
547 1166 659 1222 Adriani
675 1182 713 1220 ss.

111 1255 173 1326 Ego
187 1256 236 1311 Gr.
254 1255 282 1309 S.
302 1255 428 1311 Romanae
444 1256 572 1311 Ecclesiae
587 1255 718 1310 diaconus
733 1271 770 1311 ss.

111 1344 171 1414 Ego
186 1345 265 1415 lingo
281 1345 409 1401 llomanae
424 1344 555 1401 Ecclesia
580 1344 711 1400 diaconus
725 1344 753 1399 in
776 1343 876 1401 Sancte

76 1433 161 1488 Lucia
176 1433 204 1487 in
220 1431 308 1488 lloriia
323 1449 360 1488 ss.

109 1521 209 1575 Datum
225 1521 352 1576 Laterani
372 1537 422 1592 per
445 1536 541 1576 manus
567 1520 685 1578 bobonis
700 1519 833 1590 capellani
849 1528 875 1576 et

67 1610 218 1681 scriptoris
236 1627 263 1665 ιν
286 1611 379 1665 Nonas
403 1609 514 1680 Aprilis,
539 1610 633 1665 indict.
658 1627 706 1674 vu,
731 1611 870 1665 lucarnat.

670 243 849 300 lil'lSTOlAE
869 246 913 300 ET
934 245 1141 301 t‘ittt'ttiitrtt.

883 368 912 429 h
928 372 1095 429 Tonsolcum
1108 372 1224 430 eeclesia
1235 381 1260 430 et
1271 374 1460 442 decimatione,
1472 377 1600 435 Gruonre
1610 394 1672 434 cum
1683 387 1726 437 ce·

1676 251 1727 303 850

929 461 1023 527 clesie,
1054 461 1157 517 loiffen
1175 479 1235 518 cum
1263 465 1390 533 ecclesia,
1419 466 1535 533 Wilare,
1552 466 1723 540 Eberingen,

929 550 1107 617 zesinkoven,
1124 553 1293 624 buchingen,
1310 555 1497 626 llariclmigen
1512 573 1574 613 cunr
1590 557 1725 621 ecclesia;

928 641 1060 706 ichihein,
1078 640 1209 708 smihein,
1236 642 1443 713 Wittilunbach,
1464 660 1558 700 curam
1572 646 1726 702 aninrarum

929 738 1054 794 colonum
1075 738 1252 795 habitantium
1278 756 1294 794 a
1317 749 1411 797 monte
1434 741 1617 816 brizzenberg
1639 760 1727 816 usque

928 827 1728 903 lleszinhach,quemadmodumconcessioneepiscoporum

929 915 1178 971 Constantiensinm
1196 917 1329 974 canonice
1350 934 1410 974 eam
1435 920 1567 976 haetenus
1582 920 1726 980 habuistis.

929 1012 1054 1069 Obeunte
1070 1030 1136 1069 vero
1152 1023 1177 1069 te
1193 1030 1265 1071 nunc
1280 1015 1406 1085 ejusdem
1421 1015 1474 1074 loci
1484 1018 1591 1085 abbate,
1608 1019 1652 1076 rel
1667 1027 1725 1076 tuo·

929 1119 986 1157 rum
1003 1102 1129 1175 quolibet
1144 1120 1347 1169 successorum,
1364 1105 1456 1162 nullus
1473 1107 1510 1162 ibi
1526 1107 1648 1178 quelibet
1662 1110 1725 1165 sub·

928 1192 1060 1262 captionis
1091 1193 1191 1247 astutia
1222 1192 1265 1248 vel
1299 1193 1427 1250 violentie
1457 1205 1643 1266 praeponatur,
1677 1197 1726 1254 sed

929 1278 1010 1335 liccat
1028 1281 1105 1336 vohis
1121 1281 1258 1336 communi
1272 1281 1398 1349 consilio,
1413 1282 1456 1340 vel
1472 1284 1541 1355 parti
1555 1286 1662 1342 consilii
1676 1303 1724 1341 sa·

928 1369 1025 1434 nioris,
1040 1370 1188 1425 secundum
1199 1370 1249 1426 Dei
1261 1372 1396 1440 timorem,
1406 1372 1513 1428 etbeati
1523 1374 1660 1431 Benedicti
1674 1376 1728 1433 lle·

930 1458 1022 1532 gulam
1039 1459 1143 1531 ubsque
1153 1460 1234 1515 ullius
1246 1460 1461 1519 contradictione
1475 1463 1602 1519 abbatem
1618 1464 1727 1538 eligere

929 1547 1729 1624 vallemquoquellellinowacomdecimationeeumsupra·

928 1635 1018 1703 dictis,
1039 1636 1164 1693 similiter
1185 1637 1387 1695 confirmamus.
1410 1639 1589 1696 Decernimus
1612 1657 1678 1713 ergo
1699 1651 1729 1699 ut

69 1698 184 1754 ⁰⁰mi⁰i
213 1712 258 1754 ³¹¹·
275 1700 353 1767 ¹¹44·
381 1698 477 1772 Pilum·
502 1714 567 1756 lew
595 1699 629 1754 Β·
651 1698 725 1756 Lucii
749 1697 773 1754 ¹¹
795 1713 875 1770 9¹¹9ae
889 1724 916 1785 B
932 1724 999 1779 nulli
1014 1726 1274 1782 omninohominum
1289 1727 1370 1783 liceat
1384 1727 1528 1785 ahobbate
1542 1727 1729 1789 vallestribus

430 1911 518 1968 xvii.

148 2035 333 2108 Prioilegium
349 2051 399 2110 pro
416 2039 587 2094 nrouuatcrio
601 2037 629 2094 S.
649 2039 803 2095 Yrrrtberti.

296 2161 387 2231 (Anno
405 2163 589 2234 titt,rtp1·it.
607 2166 646 2229 3.)

181 2286 355 2361 [Hssaaorr.
373 2288 488 2345 teneat.
504 2289 618 2354 Hebri..
642 2290 677 2358 ll,
695 2291 767 2365 loth}

105 2413 211 2469 Lucius
226 2412 384 2482 opiscopus,
409 2430 508 2470 serras
527 2432 667 2472 servornm
691 2417 751 2482 Dei,
768 2414 875 2470 dilectis

64 2500 137 2558 liliis
151 2502 306 2557 Eramnoo
328 2502 420 2556 abbati
436 2505 594 2560 monasterii
621 2505 713 2562 Sancti
729 2503 875 2574 Trudperti

62 2590 199 2660 martyris
227 2591 299 2662 quod
328 2599 370 2645 est
398 2591 478 2646 situm
502 2593 528 2647 in
557 2593 642 2664 Nigra
662 2592 743 2663 Silva,
761 2592 875 2664 ejusque

60 2679 204 2736 fratribus
224 2686 278 2733 turn
295 2680 476 2749 praesentibus
493 2698 574 2753 quam
591 2681 698 2749 tuturis,
714 2680 874 2754 regulariter

56 2768 279 2834 substituendis,
296 2768 321 2822 in
339 2777 511 2839 perpetuum.

104 2866 152 2922 Ad
164 2867 216 2923 hoc
224 2867 389 2925 universalis
400 2869 531 2926 Ecclesiae
540 2884 604 2924 cura
614 2869 692 2924 nobis
704 2884 720 2923 a
730 2867 873 2939 provisore

60 2955 197 3012 omnium
213 2956 350 3012 honorum
371 2960 428 3015 Deo
447 2959 593 3014 conimissa
609 2966 662 3024 est,
687 2965 714 3011 nt
730 2956 873 3029 religiosas

930 1828 1044 1870 censum
1059 1815 1102 1871 rel
1118 1815 1258 1873 servitium
1273 1816 1423 1873 indebitum
1444 1816 1565 1891 exigere,
1581 1818 1640 1875 sive
1654 1819 1728 1877 idern

929 1903 1081 1961 eoenohium
1098 1913 1199 1961 temere
1221 1905 1384 1976 perturbare
1403 1913 1448 1961 eut
1463 1905 1524 1974 ejus
1538 1908 1729 1978 possessiones

929 2000 1049 2067 arrierre,
1065 2000 1109 2056 vel
1123 1999 1227 2056 ablatas
1239 2003 1367 2067 retinere,
1382 2002 1517 2070 minuere,
1533 2010 1579 2059 ant
1591 2003 1729 2076 aliquibus

929 2089 1120 2146 vexationibus
1129 2089 1254 2162 fatigare
1264 2090 1313 2146 sed
1321 2090 1524 2165 omniaintegra
1532 2101 1730 2150 conserventur

929 2193 1033 2240 eorum,
1053 2193 1103 2249 pro
1123 2194 1238 2249 quorum
1267 2178 1470 2250 gubernatione
1497 2194 1631 2236 concessa
1653 2189 1728 2252 suat,

928 2274 1023 2328 usibus
1047 2273 1210 2329 omnimodis
1234 2275 1386 2346 prolatura,
1407 2275 1484 2330 eolre
1506 2275 1655 2332 dioeceseni
1670 2277 1728 2349 epi-

928 2361 1003 2432 scopi
1018 2361 1149 2418 canoniea
1166 2362 1272 2433 justitia
1297 2372 1324 2419 et
1337 2362 1495 2434 spostolicae
1512 2364 1587 2420 aedis
1613 2367 1728 2423 auetori-

929 2459 990 2504 tate.
1003 2448 1032 2506 Si
1046 2466 1099 2523 qua
1114 2449 1200 2522 igitur
1225 2451 1252 2505 in
1275 2450 1394 2507 luterum
1409 2452 1596 2511 ecclesiastiea
1609 2452 1727 2511 menta-

927 2537 999 2594 risvc
1021 2542 1139 2609 persona
1161 2539 1232 2595 hanc
1253 2547 1355 2594 nostrae
1378 2541 1578 2599 constitutionis
1596 2541 1727 2614 paginam

927 2626 1029 2693 sciens,
1058 2636 1151 2682 eontra
1176 2641 1237 2681 earn
1266 2634 1368 2684 temere
1393 2629 1487 2686 venire
1510 2631 1667 2698 tentaverit,
1683 2648 1725 2688 se·

926 2713 1016 2771 cundo
1055 2714 1170 2771 tertiove
1197 2716 1370 2783 commonita,
1398 2716 1421 2772 si
1453 2732 1509 2773 uon
1535 2718 1727 2777 satisfactione

925 2832 1047 2887 congrua
1061 2815 1258 2880 emendaverit,
1285 2815 1426 2888 potestatis
1442 2816 1609 2891 honorisque
1623 2817 1665 2874 sui
1678 2818 1726 2874 di·

925 2905 1029 2978 gnitate
1043 2913 1145 2969 careat,
1169 2921 1300 2976 reamque
1324 2921 1354 2961 se
1378 2904 1470 2962 divino
1486 2906 1589 2977 judicio
1608 2906 1726 2964 existere

925 2995 960 3050 de
975 3001 1133 3067 perpetrata
1148 2993 1290 3066 iniquitate
1300 3001 1459 3068 cognoseat,
1476 3004 1528 3051 ete
1542 2995 1728 3053 sacratissimo

60 3044 222 3118 ‘mimus
245 3062 387 3116 ‘'mm‘'
417 3055 444 3103 ει
472 3047 695 3118 beneplacenoem
719 3047 778 3101 ⁰⁶⁰
806 3045 872 3100 'eli‘
889 3077 914 3141 C
929 3099 1046 3154 corpore
1071 3091 1097 3138 et
1117 3084 1251 3155 sangnine
1276 3083 1325 3139 Dei
1346 3099 1378 3140 ae
1395 3083 1504 3140 Domini
1532 3083 1727 3154 Redemptoris

60 3135 185 3205 &onero
202 3135 360 3191 studeamus
375 3136 464 3191 modis
482 3136 609 3191 onrrribus
632 3151 798 3206 propagare.
816 3136 874 3193 Nec

61 3222 147 3279 enirn
182 3224 240 3280 Deo
263 3232 358 3297 gratus
388 3224 535 3279 famulatus
560 3224 736 3293 impenditur,
766 3223 875 3279 nisiex

61 3311 216 3370 eharitatis
243 3313 336 3369 radice
364 3313 518 3383 procedens
544 3328 560 3366 a
590 3312 706 3382 puritate
734 3312 875 3384 religionis

62 3401 158 3457 fuerit
185 3411 373 3457 conservatus.
398 3402 560 3472 Eapropter,
590 3401 684 3456 dilecti
707 3401 733 3457 in
758 3401 874 3457 Domino

65 3488 134 3557 filii,
158 3489 324 3545 venerabilis
345 3489 439 3544 fratris
466 3489 553 3545 nostri
576 3489 753 3546 Theodewini
768 3491 874 3545 Sanetae

65 3577 180 3636 Rufius
204 3578 336 3651 episcopi,
364 3579 490 3649 precibus
515 3577 648 3644 inclinati,
676 3577 772 3635 restris
792 3577 875 3648 justis

64 3666 303 3742 postulationibus
341 3668 489 3723 clementer
529 3668 683 3731 annuimus,
723 3666 866 3737 praelatum

65 3754 272 3813 monasterium
283 3755 310 3809 in
319 3772 372 3827 quo
385 3755 477 3809 divino
488 3755 636 3824 mancipati
652 3754 717 3809 estis
731 3753 873 3826 obsequio,

67 3846 125 3902 sub
149 3845 181 3900 B.
208 3843 276 3899 Petri
301 3851 328 3899 et
350 3851 442 3898 nostra
462 3844 628 3914 protectione
653 3842 827 3914 suscipimus,
847 3849 875 3897 et

68 3933 222 4006 praesentis
236 3931 329 4002 scripti
352 3931 498 4002 privilegio
520 3931 732 3997 conrmunirnus;
749 3939 872 3985 statuen-

70 4031 115 4079 tes
139 4028 168 4078 ut
192 4036 369 4093 quascunque
394 4019 594 4091 possessiones,
622 4019 874 4092 quacunquebons

71 4110 147 4167 idem
163 4108 362 4165 monasterium
375 4108 401 4163 in
412 4108 696 4180 praesentiarnmjuste
707 4114 733 4162 et
743 4107 875 4164 canonice

72 4198 211 4271 possidet,
240 4204 285 4253 aut
310 4197 337 4252 in
365 4199 484 4253 futurum
508 4196 689 4253 concessione
714 4195 874 4267 pontificum

74 4286 225 4360 largitione
240 4301 334 4359 regum
351 4285 393 4341 vel
416 4285 579 4354 principum,
596 4283 733 4340 oblatione
754 4282 874 4339 fidelium

74 4391 122 4432 seu
137 4374 200 4430 eliis
212 4375 296 4446 justis
311 4374 398 4429 modis
414 4375 472 4428 Deo
492 4374 609 4443 propitio
629 4373 729 4443 poterit
748 4371 872 4444 adipisci,

76 4464 160 4520 iirrna
188 4463 267 4520 robis
286 4461 439 4533 vestrisque
467 4462 685 4525 successoribus,
713 4469 740 4516 et
768 4433 915 4515 illibataD

74 4560 267 4626 permaneant.
287 4553 317 4607 ln
333 4550 500 4623 quibushaae
512 4549 629 4621 propriis
646 4549 771 4604 duximus
786 4549 876 4621 expri-

75 4642 177 4699 menda
203 4639 369 4695 vocabulis:
397 4638 523 4694 videlieet
552 4637 685 4710 quidquid
714 4636 873 4709 Othpertus,

74 4732 248 4800 {ampertns
276 4727 419 4783 Lutlredus
447 4737 579 4783 eteorum
596 4743 781 4797 successores,
798 4727 876 4782 robis

10 4826 12 4833 '
75 4828 102 4875 et
132 4816 223 4873 eidem
250 4816 417 4872 monasterio
447 4815 619 4882 contulerint,
645 4815 749 4871 scilicet
778 4815 875 4870 vallem

75 4908 174 4978 ipsam,
201 4905 248 4960 ubi
275 4903 474 4961 monasterinm
503 4910 693 4959 constructum
731 4911 781 4969 est,
813 4919 875 4960 cum

75 4994 200 5052 terminis
215 4995 281 5062 suis,
299 4993 426 5048 videlicet
440 5008 454 5046 a
470 5000 561 5046 monte
586 4991 687 5047 Samba
702 5006 787 5063 usque
803 4992 876 5047 llez·

74 5085 208 5151 zenbacb,
234 5098 295 5139 curn
318 5081 464 5146 montibus,
487 5081 613 5146 collibus,
642 5079 738 5152 pratis,
756 5080 876 5150 pascuis,

74 5174 163 5237 silvis,
181 5172 307 5236 vallibus,
325 5170 405 5227 cultis
421 5178 447 5225 et
462 5169 583 5234 incultis,
607 5185 639 5224 er
660 5176 778 5240 utraque
801 5175 876 5239 parte

73 5263 220 5327 montium,
244 5261 270 5315 in
294 5260 431 5331 integrum
457 5267 539 5330 atque
559 5275 609 5330 per
623 5265 707 5313 totum
723 5273 783 5313 cum
799 5257 877 5313 deei-

75 5344 875 5418 mationibusinliortunowa,Kippenhein,ecclesiamcum

75 5438 272 5505 decimatione,
292 5437 436 5494 eeclesiam
450 5436 477 5491 in
493 5436 649 5492 Sunthnven
671 5449 734 5491 cum
754 5433 878 5490 decima·

76 5530 164 5595 tione,
180 5526 283 5600 praedia
294 5526 421 5582 hanbach
433 5541 494 5581 cum
504 5524 630 5591 ecelesia,
644 5525 802 5595 Berghusen
817 5539 878 5579 eum

78 5616 208 5684 eeclesia,
229 5614 395 5687 Krossingen
415 5631 477 5671 cum
504 5614 621 5671 eeclesia
640 5620 666 5670 et
686 5612 878 5682 decimatione,

929 3172 1014 3226 nostri
1038 3172 1102 3227 Jesu
1125 3170 1224 3227 Christi
1248 3171 1337 3227 aliena
1363 3170 1417 3240 irat,
1442 3180 1525 3244 atque
1554 3173 1581 3227 in
1605 3183 1726 3230 extremo

928 3261 1056 3317 examine
1071 3259 1201 3316 districtae
1223 3259 1319 3316 ultioni
1343 3260 1489 3328 subjaceat.
1509 3261 1620 3318 Cunctis
1634 3269 1725 3317 autem

929 3349 1017 3407 eidem
1051 3348 1111 3405 loeo
1145 3356 1219 3419 justa
1255 3349 1431 3405 servantibus
1463 3349 1498 3405 sit
1531 3367 1582 3422 pax
1616 3349 1725 3406 Domini

927 3438 1018 3494 nostri
1040 3438 1106 3494 lesu
1125 3436 1235 3503 Christi,
1256 3445 1391 3505 quatenus
1414 3444 1440 3493 et
1457 3437 1501 3493 hic
1515 3436 1631 3495 fructum
1645 3438 1724 3495 benaa

928 3535 1044 3591 aetionis
1073 3535 1223 3605 percipiant
1256 3542 1282 3590 et
1314 3534 1386 3605 apud
1425 3534 1574 3590 districtum
1603 3534 1726 3606 judicem

928 3623 1038 3695 praemia
1053 3630 1162 3679 aeternas
1176 3621 1253 3692 pacis
1268 3621 1419 3679 inveniant.
1435 3626 1532 3679 tmen.

964 3725 1060 3779 Datum
1085 3719 1213 3776 Laterani
1244 3736 1293 3790 per
1324 3735 1432 3775 manum
1457 3721 1573 3776 Beronis
1590 3715 1726 3793 capellani

927 3819 954 3869 et
969 3809 1117 3881 scriptoris,
1136 3825 1167 3863 ur
1180 3809 1275 3865 Nonas
1288 3808 1408 3878 Aprilis,
1426 3808 1520 3865 indict.
1531 3824 1579 3873 ru,
1596 3810 1725 3866 incarna-

927 3900 1008 3955 tionis
1023 3897 1172 3955 Dominieae
1185 3912 1256 3953 anno
1273 3899 1352 3961 titt,
1361 3895 1533 3969 pontificatus
1542 3913 1607 3953 vero
1621 3897 1727 3955 domini

928 3987 1002 4043 Lucii
1026 3989 1051 4042 ll
1071 4003 1149 4059 papae
1170 4000 1243 4042 anno
1261 3984 1362 4057 primo.

1275 4095 1376 4152 xviii.

931 4214 1118 4286 Prioilepirrm
1129 4211 1396 4351 pwmmar‘ffis'
1406 4211 1725 4284 Zenonisffleieherrhal·

1144 4395 1235 4464 (Anno
1256 4393 1335 4459 1111,
1350 4391 1440 4463 April.
1457 4392 1497 4463 5.)

1103 4505 1297 4580 [bonumeam
1312 4504 1404 4569 Belca,
1421 4504 1469 4573 ill,
1485 4504 1559 4577 tao]

966 4633 1067 4687 Locrus
1081 4629 1237 4701 episcopus,
1260 4643 1355 4684 servus
1377 4643 1519 4685 serrorum
1544 4627 1604 4695 Dei,
1620 4627 1728 4686 dilectis

930 4719 992 4775 liliis
1021 4720 1143 4775 Lauzorrr
1169 4717 1288 4773 llallenai
1302 4716 1448 4788 praeposito
1462 4717 1576 4789 ejusque
1600 4715 1727 4773 iratribus

933 4817 985 4863 tarn
1010 4807 1190 4879 presentibus
1213 4821 1294 4877 quam
1324 4804 1430 4873 laturis,
1462 4804 1616 4878 regularem
1644 4805 1726 4863 ritem

932 4896 1072 4968 professis,
1089 4896 1115 4949 in
1130 4903 1303 4966 perpetuum.

968 4992 1152 5057 Desiderium,
1177 4992 1250 5064 quod
1271 4991 1307 5047 ad
1335 4989 1476 5062 religionis
1503 4989 1674 5061 propositum
1699 4998 1726 5048 et

932 5083 1081 5137 animarum
1114 5080 1226 5137 salutem
1258 5079 1397 5151 pertinere
1426 5087 1602 5147 monstratur,
1636 5079 1728 5137 animo

933 5187 984 5226 nos
1000 5170 1077 5225 decet
1091 5170 1185 5225 libenti
1209 5169 1362 5227 concedere
1377 5174 1404 5224 et
1418 5167 1565 5239 petentium
1585 5167 1730 5225 desideriis

932 5275 1088 5331 congruum
1117 5257 1251 5329 impertiri
1277 5255 1450 5328 suffragium.
1487 5256 1648 5327 Eapropter,
1683 5257 1730 5312 di·

932 5346 996 5403 lecti
1015 5345 1044 5400 in
1065 5343 1180 5400 Domino
1204 5342 1261 5411 liiii,
1281 5343 1379 5400 vestris
1399 5343 1479 5415 justis
1496 5343 1729 5416 postulationibus

932 5434 1083 5492 elementer
1100 5431 1255 5503 annuimus,
1280 5439 1307 5487 et
1330 5432 1473 5504 praelatam
1493 5433 1640 5490 ecelesiam
1658 5434 1731 5489 liel-

933 5537 1046 5595 1ensen,
1074 5520 1101 5575 in
1121 5536 1174 5594 qua
1193 5519 1287 5577 divino
1313 5520 1459 5594 mancipati
1490 5521 1557 5580 estis
1585 5521 1731 5594 obsequio,

935 5610 988 5667 sub
1001 5608 1073 5666 beati
1087 5609 1160 5667 Petri
1175 5619 1203 5668 et
1218 5618 1311 5668 nostra
1330 5612 1500 5685 protectione
1517 5611 1691 5685 suscipimus,
1707 5617 1735 5666 et
