3750 6000
14 282 19 287 -
100 240 168 298 1367

573 239 752 298 WILLELlll
769 240 1099 303 namnsnotutartsts
1116 240 1276 300 ueremur

1686 240 1751 298 1888

100 381 155 430 rus,
172 365 279 421 animos
308 364 428 422 omnium
454 365 552 434 timori,
568 379 709 422 sermones
736 365 820 421 amori
844 365 896 421 ob·
910 367 938 428 A
952 365 987 422 de
1014 366 1098 421 fratre
1123 365 1236 422 victoria
1262 364 1388 421 inflexus.
1416 365 1472 422 Sed
1499 367 1597 422 harum
1610 379 1750 421 causarum

101 453 342 511 strictoshabebat.

136 543 220 614 §tta
237 543 345 599 Statura
358 542 486 600 minimos
504 543 752 619 supergredieus‚a
771 543 900 600 maximis

102 632 261 687 vincebatur
271 651 276 686 ε
285 632 359 688 crine
371 633 448 706 nigro
460 633 570 702 etjuxta
581 633 696 688 frontem
705 633 822 704 profugo
834 633 900 704 (81),

102 720 188 776 oculis
202 720 281 776 dulce
301 722 412 790 serenis,
429 722 540 777 thoroso
565 730 683 793 pectore,
699 737 813 778 carnoso
837 737 901 778 cor-

103 825 184 879 pore.
201 809 370 864 Facetiamm
382 826 432 882 pro
442 818 564 882 tempore
574 811 689 881 plenus;
705 827 755 866 nec
765 827 816 882 pro
830 811 902 866 mole

104 898 288 972 negotiorum,
305 914 366 953 cum
395 913 426 955 se
453 899 636 954 communioni
661 899 787 968 dedisset,
813 900 903 954 minus

102 985 247 1057 Jucundus.
263 987 351 1041 illinus
376 987 511 1058 pugnacis
534 987 624 1052 fnmae,
638 988 772 1060 Scipionis
785 988 904 1045 Africani

107 1075 207 1130 dictum
221 1076 444 1147 repraesentabat,
462 1079 686 1148 «Imperatorem
704 1093 749 1133 me
767 1093 829 1134 mea
843 1095 905 1134 ma-

106 1173 159 1233 ter,
175 1180 229 1219 non
241 1164 412 1231 bellatorem,
428 1163 544 1237 peperit.
558 1188 568 1213 n
586 1163 760 1237 Quapropter
774 1167 906 1238 sapientia

107 1252 173 1309 nulli
196 1270 314 1324 unquam
329 1254 386 1324 (85)
396 1253 590 1309 modernorum
611 1270 705 1327 regum
720 1255 865 1323 secundus,
880 1263 907 1312 et

103 1335 179 1415 'pene
204 1341 293 1398 dicam
322 1342 444 1397 omnium
468 1350 668 1399 antecessorum
694 1343 722 1398 in
741 1344 839 1417 Anglia
862 1345 905 1398 f-

108 1430 159 1487 cile
171 1431 229 1503 (86)
250 1430 363 1502 primus,
379 1430 509 1486 libentius
538 1431 657 1487 bellabat
684 1433 798 1489 consilio
826 1450 907 1506 quam

108 1518 224 1592 gladio:
245 1519 380 1587 vincebat,
411 1519 434 1574 si
461 1526 579 1590 poterat,
612 1521 745 1593 sanguine
774 1521 908 1587 nullo;si

108 1607 187 1662 aliter
209 1623 263 1663 non
293 1615 407 1679 potemt,
424 1622 522 1679 pauco.
541 1607 670 1664 Omnium
699 1617 754 1665 tota
778 1610 832 1666 rita
846 1627 908 1666 orn-

954 460 1076 512 tenorem
1092 454 1176 511 multo
1186 454 1332 510 verborum
1347 452 1460 510 circuitu
1474 454 1531 527 egit
1550 454 1682 510 dominus
1698 454 1750 509 Ed-

954 560 1049 600 merus
1064 545 1137 614 (88);
1151 559 1210 610 nos,
1226 558 1275 615 pro
1290 542 1670 614 pleniorenotitia,Paschalia
1680 559 1747 614 sape

955 632 1021 689 dicti
1047 633 1187 703 apostolici
1216 632 1319 704 scripta
1347 631 1382 689 ad
1409 635 1480 690 hanc
1503 648 1562 689 rem
1592 632 1750 705 pertinentia

956 721 1156 776 subnectemus.

991 810 1004 881 ξ
1019 811 1081 867 111.
1099 833 1110 858 ι
1128 810 1267 867 Paschalis
1277 811 1424 881 episcopus
1437 812 1554 869 ilenrico
1562 811 1622 885 regi
1630 812 1749 867 salntem

957 898 989 954 ln
1005 898 1089 954 literis
1103 915 1172 970 quas
1186 916 1273 970 nuper
1286 900 1322 956 ad
1346 916 1396 957 nos
1417 917 1467 972 per
1490 901 1657 956 familiarem
1672 908 1749 966 tunm,

957 996 1055 1044 nostrae
1069 988 1220 1045 dilectionis
1235 989 1327 1053 lilium,
1340 990 1465 1046 clericum
1476 989 1653 1046 Willelmum
1668 993 1748 1044 trans·

957 1076 1066 1144 misisti,
1092 1083 1120 1133 et
1142 1093 1266 1148 personae
1290 1085 1342 1135 lure
1376 1079 1534 1149 sospitatem
1561 1078 1748 1150 cognovimus,

959 1173 985 1222 et
1013 1181 1153 1222 successus
1180 1182 1326 1238 prosperos
1352 1183 1421 1239 quos
1437 1168 1496 1236 tibi,
1518 1168 1655 1238 superatis
1682 1166 1750 1239 regni

960 1254 1136 1321 adversariis,
1152 1255 1308 1327 benignitas
1327 1256 1418 1312 diviua
1440 1255 1751 1319 concessit;audirimas

960 1352 1091 1414 praeterea
1105 1351 1220 1415 optatam
1237 1344 1342 1400 uirilem
1363 1345 1486 1401 sobolem
1509 1361 1542 1401 eu
1558 1344 1681 1417 ingenua
1694 1351 1719 1399 te
1730 1352 1751 1398 et

960 1431 1098 1505 religiosa
1123 1433 1240 1505 conjuge
1267 1435 1430 1505 suscepisse.
1447 1434 1526 1503 Quod
1554 1433 1679 1504 profecto
1699 1448 1751 1489 euru

961 1532 1012 1572 nos
1037 1516 1226 1584 laetificaverit,
1236 1521 1397 1589 oportunum
1426 1519 1476 1574 rati
1504 1535 1600 1573 sumus
1615 1533 1689 1574 nunc
1713 1517 1753 1571 tibi

962 1613 1098 1676 praecepla
1112 1615 1139 1661 et
1153 1606 1316 1662 voluntalem
1331 1607 1382 1662 Dei
1410 1607 1526 1663 validius
1539 1607 1688 1672 inculcare,
1701 1621 1754 1662 cum

107 1695 171 1751 nino
186 1696 395 1753 obscoenitatum
410 1696 614 1768 cupidinearum
634 1714 742 1770 expers,
756 1698 813 1769 (81)
834 1716 907 1771 quo·
922 1728 948 1792 B
963 1694 1140 1765 amplioribus
1163 1695 1300 1751 boneficiis
1322 1695 1484 1769 benignitati
1498 1697 1557 1765 ejus
1577 1704 1603 1750 te
1623 1695 1754 1767 prospicis

107 1785 181 1840 niam
197 1785 267 1856 (ute
288 1785 403 1841 consciis
427 1786 592 1858 accepimus)
615 1801 669 1843 non
698 1786 799 1843 effreni
827 1789 906 1844 rolu-
963 1783 1300 1854 debitoremNosquoque
1310 1784 1409 1841 divinis
1419 1783 1755 1856 beneficiisbenignitatem

107 1880 193 1944 ptate,
209 1873 257 1929 sed
271 1873 418 1947 gignendre
433 1874 520 1945 prolis
534 1877 616 1944 643
633 1877 799 1944 amore(88),
811 1877 908 1934 naulic-

106 1979 170 2017 rum
198 1964 302 2035 grcmio
326 1961 510 2019 infunderetur
526 1980 532 2017 :
548 1980 599 2020 nec
613 1965 772 2037 dignaretur
795 1967 908 2023 adrenae

108 2052 281 2109 delectationi
296 2052 420 2125 praebcre
435 2068 587 2120 assensum,
602 2053 654 2109 nisi
673 2054 719 2111 ubi
736 2056 843 2128 regium
859 2073 907 2112 se-

108 2157 171 2197 men
186 2141 336 2212 procedere
350 2149 444 2212 posset
457 2142 486 2197 iu
500 2140 644 2207 effectum;
661 2141 803 2199 effundens
825 2151 906 2201 natu-

108 2247 167 2287 ram
177 2238 207 2286 nt
220 2229 358 2298 dominus,
375 2245 429 2286 non
444 2230 636 2302 obtemperans
650 2231 758 2287 libidini
773 2240 802 2288 ut
816 2233 905 2288 famu·

108 2317 162 2375 lus.
188 2319 263 2376 Cibis
291 2317 476 2375 indifferenter
505 2326 592 2386 utens,
616 2321 759 2391 magisque
794 2321 907 2392 explens

108 2410 237 2477 esuriem,
255 2425 334 2479 quam
350 2407 441 2463 multis
464 2407 587 2463 obsoniis
611 2422 711 2479 urgens
733 2409 905 2481 ingluviem3

108 2497 184 2570 potui
198 2513 337 2567 uunquam
352 2504 453 2568 praeter
466 2495 535 2552 sitim
552 2495 707 2571 indulgens.
729 2497 908 2555 Continentia

108 2587 251 2642 minimum
273 2600 416 2641 excessum
444 2584 544 2640 tumin
571 2585 627 2640 suis
643 2592 699 2640 tum
727 2585 756 2641 in
783 2587 908 2642 omnibus

109 2688 254 2732 execrans.
272 2673 366 2730 Somni
380 2673 483 2746 gravis,
499 2681 526 2728 et
541 2689 622 2746 quem
641 2673 769 2744 frequens
784 2675 907 2731 roncatio

108 2765 332 2833 interrumperet.
352 2761 498 2818 Facultatis
535 2761 562 2816 in
590 2761 706 2818 dicendo
734 2764 821 2833 magis
848 2764 906 2819 for-

107 2852 183 2908 tuitae
206 2866 287 2922 quarn
314 2848 484 2915 elaboratae3
511 2864 563 2906 nec
590 2850 752 2922 precipitis,
772 2851 821 2907 sed
845 2867 907 2906 ura-

114 2948 191 2997 lurae.

142 3029 234 3102 gild.
252 3027 360 3082 Pietatis
375 3026 404 3081 in
423 3027 510 3082 Deum
533 3027 725 3098 praedicanda,
742 3029 907 3085 monasterie

107 3117 135 3174 in
163 3116 307 3189 Angliaet
333 3116 503 3171 Normennia
530 3116 700 3183 construxit;
717 3118 815 3189 quibus
843 3118 906 3189 quia

109 3208 230 3265 nondum
257 3221 414 3278 supremam
438 3221 549 3260 manum
563 3206 705 3275 imposuit,
720 3222 774 3279 ego
797 3223 906 3278 alnoque

108 3295 217 3353 interim
229 3294 362 3365 judicium
392 3310 483 3349 meum
506 3291 654 3361 differrem,
670 3293 780 3350 nisime
801 3296 905 3352 lladin-

109 3385 236 3459 gcnsium
251 3383 366 3438 fratrum
392 3382 509 3438 charitas
532 3390 620 3439 tacere
641 3397 696 3438 non
716 3384 830 3439 sineret.
850 3387 907 3441 lloc

107 3474 154 3530 ille
167 3473 321 3530 coenobium
335 3471 405 3527 inter
419 3471 474 3526 duo
489 3470 600 3526 flumina
614 3470 745 3526 lleneiam
755 3481 782 3528 et
793 3475 907 3529 Tamen·

109 3580 167 3620 sem
182 3561 329 3629 constituit,
341 3560 402 3616 loco
417 3558 463 3614 ubi
479 3575 550 3630 pene
578 3562 701 3617 omnium
724 3563 907 3619 itinerantium

110 3653 146 3709 ad
161 3651 350 3724 populosiores
364 3650 446 3706 urbes
463 3649 573 3722 Angliae
596 3661 689 3721 posset
703 3668 764 3708 esse
779 3653 908 3709 diversa·

109 3740 353 3813 rium3posuitque
383 3739 420 3793 ibi
456 3740 608 3796 monachos
631 3741 837 3808 cluniacenses,
863 3742 910 3812 qui

110 3839 173 3887 suut
187 3830 267 3887 hodie
282 3828 444 3899 praeclarum
461 3829 608 3885 sanctitatis
627 3831 797 3901 exemplum,
813 3831 910 3901 hospi-

110 3920 217 3977 talitatis
244 3917 385 3973 indelessae
413 3925 440 3972 et
460 3918 547 3975 dulcis
576 3918 708 3975 indicium
727 3938 733 3974 ε
749 3919 844 3975 rideas
872 3918 911 3974 ibi

108 4009 182 4082 quod
197 4023 250 4063 non
266 4005 339 4074 alibi,
354 4014 384 4061 ut
407 4005 468 4076 plus
485 4006 614 4078 hospites,
631 4006 693 4062 totis
709 4007 784 4062 horis
799 4008 908 4063 venien-

112 4107 160 4166 tes,
176 4108 257 4171 quam
272 4095 456 4150 inhabitantes
473 4094 620 4149 insumant.
636 4096 845 4165 Praeproperum
867 4112 911 4153 me

110 4195 137 4244 et
162 4186 331 4242 adulatorem
359 4183 475 4237 fortasse
513 4182 573 4253 quis
601 4183 709 4251 dixerit,
738 4184 810 4254 quod
840 4201 912 4240 nunc

110 4276 228 4349 primum
243 4279 400 4329 nascentem
415 4269 579 4343 religionem
603 4278 677 4327 tento
698 4272 809 4327 cllerarn
839 4289 912 4344 pra·-

113 4366 204 4431 conio,
220 4360 344 4417 nesciens
368 4358 433 4431 qnid
456 4367 569 4415 ventura
593 4359 680 4431 pariet
700 4360 778 4429 dics;
795 4361 842 4416 scd
859 4361 912 4431 ipsi

962 1877 1083 1927 nostram
1098 1889 1181 1943 penes
1195 1881 1220 1928 te
1235 1874 1341 1929 sociare
1355 1882 1482 1946 optamus
1495 1888 1502 1943 ;
1518 1874 1564 1929 sed
1579 1889 1670 1945 grave
1685 1871 1756 1927 nobis

962 1963 1088 2032 estquis
1104 1962 1156 2018 ida
1173 1962 1253 2017 nobis
1269 1963 1369 2018 videris
1385 1972 1513 2034 expetere
1527 1963 1605 2033 quod
1621 1963 1756 2034 (wlpra-

960 2059 1032 2106 stare
1043 2066 1095 2106 non
1111 2066 1264 2122 possumus.
1278 2052 1308 2107 Si
1322 2051 1396 2106 enim
1422 2052 1625 2107 consentiamus
1653 2058 1702 2105 aut
1717 2065 1756 2119 pa·

961 2139 1061 2195 tiamur
1069 2140 1244 2195 investituras
1258 2149 1330 2195 atua
1341 2140 1499 2197 excellentia
1517 2140 1588 2205 lieri,
1600 2148 1626 2194 et
1638 2146 1757 2194 nostrum

961 2227 1056 2300 procul
1071 2228 1154 2285 dubio
1182 2236 1210 2284 et
1224 2238 1298 2284 tuum
1322 2229 1374 2285 erit
1388 2229 1506 2284 immane
1527 2227 1689 2300 periculum.
1706 2226 1758 2295 Qua

960 2304 990 2372 in
1005 2333 1035 2373 re
1050 2317 1229 2389 contemplari
1242 2327 1268 2373 te
1282 2318 1406 2374 volumus
1420 2318 1486 2390 quid
1505 2325 1622 2374 autnon
1641 2314 1757 2372 faciendo

961 2407 1072 2478 perdas,
1087 2414 1132 2461 aut
1158 2406 1283 2463 faciendo
1297 2408 1441 2480 conquiras
1458 2423 1528 2463 :noa
1542 2407 1616 2463 enim
1645 2406 1676 2461 in
1700 2419 1758 2477 pro-

962 2495 1094 2551 hibitione
1119 2494 1172 2552 bac
1187 2496 1252 2550 nihil
1267 2497 1383 2568 amplius
1397 2496 1569 2564 obedientiae,
1586 2495 1656 2550 nihil
1666 2495 1756 2549 libera-

961 2584 1052 2651 litatis,
1068 2600 1118 2654 per
1136 2583 1268 2641 ecclesias
1296 2584 1480 2641 nanciscimur
1496 2604 1503 2650 ;
1519 2600 1570 2641 nee
1585 2584 1637 2639 tibi
1662 2583 1756 2638 debita

960 2673 1102 2743 potestatis
1129 2674 1257 2742 autjuris
1285 2674 1445 2729 subtrahere
1472 2673 1623 2744 quiequam
1643 2672 1755 2738 nitimur,

961 2762 1012 2817 nisi
1025 2771 1054 2818 ut
1067 2778 1134 2835 erga
1150 2769 1175 2817 te
1187 2762 1236 2818 Dei
1250 2763 1291 2818 ira
1303 2762 1448 2829 minuatur,
1465 2771 1491 2818 et
1506 2763 1545 2817 sic
1565 2761 1613 2816 tibi
1630 2775 1758 2833 prospera

961 2851 1235 2924 cunctacontingaut.
1244 2852 1369 2906 ditenim
1381 2852 1513 2907 Dominus
1522 2871 1528 2906 ι
1537 2851 1758 2920 lionorificoatet

962 2956 1008 2995 me
1019 2941 1279 3012 honorificarem-gui
1297 2947 1393 2997 netem
1415 2944 1606 2996 contemneret
1619 2955 1665 2994 ma
1677 2941 1758 2994 creat

962 3029 1105 3099 iprobilcs.
1119 3032 1202 3097 645
1216 3030 1298 3085 Dices
1313 3030 1404 3102 itaque
1415 3031 1470 3085 mei
1485 3029 1535 3084 lroc
1540 3029 1618 3100 juris
1634 3032 1688 3084 ert.
1704 3027 1760 3082 Non

961 3117 1054 3188 utique
1070 3135 1075 3171 :
1089 3133 1143 3173 non
1158 3125 1200 3172 est
1214 3117 1427 3188 imperatorium,
1435 3132 1490 3172 non
1503 3115 1680 3187 regium,sed
1694 3114 1759 3170 diri-

958 3224 1023 3262 num
1036 3224 1042 3261 :
1054 3206 1140 3262 solius
1155 3206 1227 3262 illius
1236 3214 1275 3263 est
1285 3208 1330 3276 qui
1338 3206 1405 3261 dixit
1413 3208 1467 3279 Epo
1478 3223 1540 3262 ram
1550 3207 1668 3262 ostium.
1687 3204 1760 3261 Unde

961 3312 1008 3367 pro
1024 3296 1084 3367 ipso
1099 3304 1124 3351 te
1140 3311 1218 3369 rogo,
1229 3297 1306 3366 cujus
1320 3298 1372 3352 hoe
1387 3312 1487 3351 munus
1496 3302 1545 3359 est,
1556 3302 1584 3348 ut
1595 3294 1698 3348 reddas
1714 3295 1760 3347 hoc

959 3385 1011 3456 ipsi
1024 3404 1031 3452 ;
1046 3383 1098 3456 ipsi
1112 3384 1241 3452 dimittas,
1260 3385 1337 3455 cujus
1359 3384 1443 3440 amori
1458 3384 1541 3439 etiam
1563 3400 1629 3452 quae
1646 3392 1692 3437 tua
1704 3388 1760 3436 sunl

961 3474 1053 3529 debes.
1069 3476 1126 3529 Nos
1148 3482 1237 3529 autem
1266 3490 1319 3529 cur
1347 3479 1400 3529 tuae
1415 3473 1601 3529 obniteremur
1619 3469 1760 3536 voluntati,

962 3575 1010 3614 cur
1024 3558 1220 3614 obsisteremus
1234 3559 1348 3630 gralia,
1366 3557 1417 3612 nisi
1432 3557 1490 3622 Dei,
1507 3556 1534 3610 in
1559 3555 1647 3626 hujus
1664 3551 1761 3626 negotii

962 3663 1108 3712 consensu,
1125 3647 1261 3702 sciremus
1278 3662 1328 3702 nos
1349 3645 1479 3701 voluntati
1504 3644 1626 3711 obviare,
1647 3643 1761 3715 gratiam

963 3737 1180 3792 amittere‘lCur
1194 3736 1241 3791 tibi
1257 3736 1401 3807 quicquam
1424 3749 1596 3806 negaremus,
1613 3733 1688 3802 quod
1707 3731 1761 3786 cui·

964 3841 1046 3896 quam
1061 3834 1129 3881 essct
1144 3824 1297 3880 mortalium
1321 3822 1535 3889 concedendum,
1552 3837 1617 3877 cum
1633 3819 1762 3875 beneficia

963 3913 998 3969 de
1013 3922 1037 3969 te
1052 3914 1182 3983 ampliora
1203 3913 1427 3984 sumpserimus?
1444 3910 1583 3982 Prospice,
1603 3908 1642 3964 fili
1665 3909 1761 3965 chans-

964 4002 1040 4070 sime,
1056 4011 1146 4057 utrum
1162 4003 1246 4058 decus
1258 4018 1294 4057 an
1309 4001 1429 4057 dedecus
1444 3999 1492 4054 tibi
1507 3999 1550 4067 sit,
1567 3999 1640 4068 quod
1652 3998 1761 4068 sapien·

964 4091 1083 4146 tissimus
1105 4106 1138 4146 ac
1152 4091 1378 4162 religiosissimus
1393 4089 1598 4146 Gallicanorum
1619 4089 1761 4159 episcopo·

964 4196 1023 4235 rum
1039 4180 1186 4235 Anselmus
1201 4189 1314 4253 propter
1328 4182 1379 4236 hoc
1397 4188 1442 4234 luo
1457 4177 1533 4233 lateri
1544 4177 1705 4242 adhaerere,
1721 4183 1761 4231 tuo

966 4278 1074 4327 veretur
1095 4269 1122 4324 in
1146 4284 1232 4341 regno
1256 4268 1413 4325 consistere.
1430 4267 1483 4334 Qui
1508 4273 1581 4321 tanta
1595 4264 1630 4320 dc
1646 4272 1672 4321 te
1692 4264 1762 4318 boae

967 4361 1099 4414 hactenus
1123 4357 1273 4423 audierant,
1290 4358 1355 4429 quid
1378 4357 1413 4411 de
1430 4364 1457 4411 te
1478 4354 1599 4410 sentient
1613 4354 1628 4409 1
1641 4352 1707 4423 quid
1722 4353 1761 4407 lo-

110 4455 150 4524 (ut
165 4452 257 4522 spero)
273 4466 334 4506 cum
350 4448 401 4503 Dei
417 4447 506 4519 gratia
535 4448 670 4503 enitentur
684 4458 714 4504 ut
728 4450 755 4503 in
770 4449 843 4505 bono
859 4449 909 4505 du·
924 4447 951 4506 D
965 4455 1092 4518 quentur,
1110 4461 1174 4501 cum
1188 4447 1239 4500 boc
1250 4446 1331 4501 fuerit
1346 4447 1374 4499 in
1389 4443 1548 4516 regionibus
1565 4439 1762 4514 divulgatum?

111 4549 181 4597 rent.
198 4540 258 4611 Ego
274 4554 329 4593 non
355 4536 488 4592 erubesco
517 4536 540 4590 si
557 4536 659 4592 sanctis
674 4537 739 4593 viris
760 4537 912 4603 blandiar,-

111 4638 138 4686 et
152 4626 336 4697 bonumquod
351 4625 377 4678 in
391 4640 434 4679 me
456 4639 509 4678 non
536 4625 634 4691 haben,
652 4625 678 4679 in
693 4625 756 4681 aliis
776 4626 907 4682 admirer.

111 4717 286 4775 Investituras
303 4712 479 4769 ecclesiarum
502 4712 561 4767 Deo
576 4719 603 4768 et
616 4722 713 4770 sancto
728 4715 805 4769 Petro
828 4713 913 4769 remi-

98 4807 153 4873 sit,
170 4813 232 4880 post
246 4803 344 4859 multas
373 4800 574 4857 controversias
601 4801 673 4856 inter
699 4818 761 4857 eum
783 4809 808 4858 et
825 4803 910 4870 644

111 4897 271 4953 Anselmum
287 4889 519 4961 archiepiscopum
535 4889 664 4945 habitas:
681 4890 728 4945 vix
748 4890 856 4946 tandem
877 4890 911 4946 ad

109 4983 344 5050 consentiendum,
368 4994 419 5052 pro
440 4978 547 5050 ingenti
571 4979 621 5034 Dei
643 4978 741 5052 gratia,
762 4978 912 5052 ingloriosa

145 5288 204 5360 (at)
218 5291 338 5360 Prosego
355 5302 381 5342 a.
395 5299 420 5344 c.
436 5284 462 5343 d.
474 5301 499 5342 e.
515 5285 525 5341 l
539 5285 578 5352 8.,
592 5285 718 5357 profero,
734 5300 760 5339 a.

146 5361 204 5429 (88)
217 5360 297 5416 Nulli
310 5374 447 5432 aegeam.
464 5373 487 5413 s.
503 5372 528 5415 c.
544 5357 572 5413 d.
588 5355 655 5423 cb,
666 5370 851 5430 nunqname
867 5358 906 5421 1.,

109 5430 311 5492 mollimen
322 5430 408 5494 nulli,
425 5429 471 5486 te.

143 5501 201 5571 (86)
216 5501 318 5555 facilc.
329 5515 353 5554 a.
367 5516 389 5553 s.
400 5516 424 5554 c.
441 5501 469 5555 d.
485 5515 501 5554 e
516 5503 532 5555 2
546 5542 553 5567 ,
567 5500 623 5567 le,
641 5500 727 5555 omitt.
743 5499 799 5553 ine
816 5498 840 5552 l.

102 5573 198 5700 diff)
210 5570 428 5650 obscaenitatem
437 5571 787 5653 cupidinearumteepcra.
804 5565 904 5650 Confer

158 5641 373 5700 meeberrenscm
384 5638 418 5696 de
430 5639 538 5696 llenncr
552 5641 646 5699 indole
659 5658 689 5699 m
702 5642 754 5699 hoc
763 5653 902 5713 precipuo

967 4534 1022 4606 lpsi
1036 4535 1083 4607 qui
1098 4549 1188 4590 coram
1203 4543 1228 4589 te
1240 4544 1301 4590 tuos
1320 4550 1450 4589 excessus
1461 4531 1603 4600 extollunt,
1620 4547 1682 4585 curu
1694 4544 1762 4601 prae·

967 4623 1052 4678 sentia
1069 4632 1113 4679 tua
1136 4623 1283 4689 caruerint,
1298 4623 1350 4678 boc
1371 4622 1494 4694 prolecto
1510 4620 1627 4676 solidius
1651 4619 1762 4674 infama-

968 4713 1041 4767 bunt.
1059 4713 1125 4769 Redi
1136 4728 1213 4785 ergo,
1225 4711 1384 4768 charissime
1400 4709 1447 4778 lili,
1458 4710 1496 4766 ad
1510 4724 1558 4765 cor
1573 4716 1648 4763 tuum
1658 4714 1763 4778 propter

966 4801 1180 4857 misericordiam
1208 4800 1259 4856 Dei
1281 4808 1307 4856 et
1335 4807 1445 4872 propter
1475 4813 1598 4855 amorem
1628 4793 1763 4867 Unigeniti

965 4891 1145 4962 deprecamur
1159 4909 1165 4945 :
1182 4904 1280 4946 revoca
1293 4897 1432 4961 pastorem
1449 4896 1534 4954 tuum,
1546 4901 1647 4943 revoca
1657 4892 1761 4957 patrem

966 4987 1059 5047 tuum;
1076 4986 1102 5036 et
1116 4979 1139 5036 ei
1154 4978 1229 5052 quid,
1245 4977 1317 5050 quod
1339 4993 1393 5034 non
1417 4977 1572 5049 opinamur,
1585 4975 1697 5049 gravius
1714 4970 1762 5027 ad·

963 5290 1038 5340 casu,
1054 5289 1115 5329 cum
1131 5271 1248 5327 llenrico
1263 5268 1512 5339 huntingdoniensi
1526 5267 1560 5324 de
1574 5266 1683 5324 eodem.

1007 5347 1050 5410 88)
1070 5346 1178 5400 Amore.
1195 5359 1221 5398 a.
1238 5358 1261 5396 s.
1278 5358 1303 5396 c.
1314 5342 1344 5394 d.
1364 5341 1421 5406 la,
1437 5340 1543 5396 orneris
1559 5356 1585 5395 e.

1006 5418 1051 5477 89)
1073 5415 1217 5470 Ederarcs.
1228 5413 1295 5469 Vide
1309 5411 1438 5467 Eadmeri
1448 5411 1520 5467 llirt.
1533 5411 1685 5479 alanorum,
1697 5408 1759 5465 edit.

959 5478 1136 5544 actaeona.
1153 5485 1232 5541 tora.

993 5560 1049 5630 (eo)
1062 5556 1146 5625 Quod.
1162 5574 1187 5614 c.
1203 5557 1231 5612 d.
1247 5571 1272 5612 e.
1289 5554 1361 5628 quod
1373 5556 1488 5613 orrrairro
1500 5566 1526 5609 a.
1537 5569 1561 5608 s.
1576 5552 1586 5609 1
1606 5556 1635 5609 2.
