3750 6000
67 220 138 299 terr

545 240 659 298 Gustu
677 244 800 300 REGUll
823 238 1032 302 auetoubtt.
1057 277 1091 286 —
1114 249 1179 303 Llli.
1204 250 1227 304 1.

1647 255 1716 307 tote

67 361 358 434 rumintelligeutiam.
379 363 433 427 Qui
461 365 533 418 enim
561 361 618 418 fieri
642 368 729 433 potest
757 361 812 429 89
838 365 902 424 utp
918 359 1151 429 Prosequebantur
1191 361 1262 417 dicta
1303 363 1456 433 lachrymas,
1489 365 1717 435 suspiriorumque

68 450 183 505 serviret
199 452 271 506 vitiis
284 453 330 522 qui
358 453 489 507 medullas
517 452 624 508 intimas
659 451 786 518 hauriret,
820 450 865 520 qui

70 541 139 589 totas
153 536 330 608 cogitationes
344 547 523 602 consumeret,
541 538 568 591 in
593 537 791 608 Scripturarum
815 552 865 591 ex-

70 624 368 694 positionibusiNam
384 626 479 697 etipse
504 627 604 682 fatetur
630 628 656 681 in
690 628 759 683 libro
789 629 865 684 tertio

70 727 153 781 super
168 713 321 769 Samuelem
337 718 404 786 (tt),
416 716 599 787 expositiones
608 733 673 784 suae,
689 716 711 770 si
726 731 779 772 non
793 716 865 772 alind

70 799 197 857 efferrem
229 803 373 860 lectoribus
400 806 623 873 emolumentum,
653 806 704 860 lroo
735 807 787 860 sibi
811 821 866 862 uon

70 889 241 946 mediocriter
254 893 385 957 valerent,
412 893 562 963 quoddam
590 896 648 950 luec
676 895 750 950 omni
778 894 865 950 studio

71 980 180 1051 agebat,
190 980 322 1037 lubricum
338 983 464 1037 saeeuliet
493 984 586 1038 inanes
608 985 785 1056 cogitationes
806 992 868 1054 post

71 1073 178 1139 tergum
192 1070 312 1138 ponebat
327 1090 333 1124 :
350 1070 496 1125 defaecatus
511 1071 601 1140 itaque
616 1072 686 1126 vitiis
709 1073 816 1131 subibat
839 1075 866 1127 in

70 1157 198 1212 interiora
223 1158 366 1212 velaminis
393 1180 398 1213 :
430 1176 489 1228 quae
509 1159 579 1215 intus
600 1170 742 1232 exceperat
763 1164 865 1229 auimo,

71 1244 143 1298 foras
158 1244 272 1302 efferens
285 1263 409 1302 sermone
423 1249 566 1321 castigato.

104 1351 178 1423 260.
192 1353 384 1410 Verumtamen
399 1355 550 1425 animiejus
584 1373 650 1428 ptura
676 1360 811 1426 sanctitas,
840 1369 867 1415 et

70 1447 161 1494 sancta
177 1441 286 1510 puritas,
303 1443 392 1515 magis
421 1451 541 1513 temporo
570 1445 628 1514 (78)
657 1445 745 1500 obitus
774 1448 865 1503 excel-

69 1527 127 1582 lunt
145 1530 202 1599 (10)
218 1545 224 1597 ;
241 1531 372 1600 siquidem
389 1532 522 1586 continuis
536 1542 637 1603 septem
651 1534 866 1592 bebdomadibus

71 1619 201 1674 stomachi
217 1618 406 1691 indignatione
428 1621 504 1677 cibos
519 1639 663 1691 nauseans,
684 1641 811 1699 aegroque
840 1635 867 1683 et

919 446 1074 504 difficultas.
1108 450 1168 506 lam
1192 465 1257 506 vero
1286 451 1419 518 noctibus,
1446 452 1507 522 quia
1536 453 1645 508 deerant
1672 454 1718 522 qui

918 534 1078 591 docerentur
1097 537 1139 592 vel
1166 538 1250 594 verba
1279 541 1442 609 exciperent,
1480 540 1633 595 lucubrabat
1661 542 1718 613 ipse

920 626 1346 698 pernoxingratiarumactione
1374 637 1400 683 et
1429 629 1592 700 psalmorum
1627 637 1717 695 cautu,

920 713 1035 784 implens
1049 715 1238 786 sapientissimi
1256 716 1304 772 viri
1320 717 1430 782 dictum,
1448 725 1478 772 ut
1498 733 1633 788 nunquam
1664 719 1720 772 mi·

920 818 970 857 nus
984 803 1058 857 solus
1072 802 1129 875 (88)
1140 813 1209 861 esset
1224 822 1304 876 quam
1316 823 1375 861 oum
1387 806 1459 861 solus
1474 815 1553 861 esset.
1571 806 1598 862 Si
1612 808 1719 876 quando

920 907 984 948 vero
994 908 1076 962 sopor
1089 893 1218 964 irreperet
1227 894 1372 966 palpebris,
1399 895 1444 965 qui
1471 904 1527 951 erat
1550 896 1674 951 modicus
1696 904 1723 952 et

919 981 1020 1051 gravis,
1046 981 1188 1036 confestim
1230 1000 1356 1039 excussus
1380 984 1554 1056 turbatusque
1595 983 1720 1040 affectum

920 1068 977 1123 Deo
993 1085 1101 1141 semper
1114 1071 1244 1126 intentum
1259 1072 1310 1127 hac
1332 1087 1399 1128 voce
1428 1073 1581 1143 prodebat:
1614 1097 1624 1121 ι
1663 1074 1722 1146 (et)

921 1156 1043 1228 Suscipe,
1061 1159 1186 1225 Domine,
1202 1177 1309 1215 servum
1324 1169 1398 1216 tuum
1415 1162 1440 1216 iu
1457 1161 1557 1217 bonum
1572 1162 1629 1233 (88)
1646 1177 1720 1228 ;ιιοιι

921 1246 1116 1301 calumnientur
1130 1265 1173 1302 rue
1188 1249 1295 1319 superbi
1313 1270 1342 1304 ιιι
1360 1282 1395 1290 -
1412 1275 1423 1298 ιι
1441 1252 1497 1321 (86)
1506 1251 1557 1305 Fac
1565 1267 1625 1305 cum
1642 1267 1719 1305 servo

922 1344 966 1389 tuo
981 1336 1127 1391 seeundum
1150 1337 1361 1393 misericordiam
1383 1348 1495 1395 tuam·
1527 1341 1591 1394 llaec
1618 1347 1645 1394 et
1666 1339 1719 1394 alie

921 1449 954 1488 ex
971 1434 1089 1504 reliquiis
1105 1436 1244 1491 memorie
1259 1436 1402 1506 praeteritae
1430 1437 1498 1492 ultro
1525 1437 1564 1492 ori
1601 1453 1720 1492 occurre·

920 1522 986 1577 hant
1000 1523 1135 1594 exempla,
1153 1541 1212 1594 quae
1234 1526 1377 1597 promebat
1390 1542 1438 1597 per
1466 1534 1615 1595 temporum
1643 1527 1719 1581 inter·

920 1611 1002 1679 valta,
1019 1620 1098 1683 prout
1110 1613 1259 1668 leniebatur
1273 1614 1361 1670 infesti
1376 1615 1464 1670 morbi
1482 1615 1617 1686 angustia.
1644 1615 1720 1669 Ferie

72 1715 189 1778 angusto
209 1708 324 1778 suspirio
345 1709 456 1764 patirum
481 1713 633 1781 producens
661 1713 729 1770 adeo
752 1724 782 1771 up
808 1714 985 1780 eumssvero
1001 1701 1076 1754 tertia
1096 1709 1157 1756 ante
1170 1703 1361 1758 escensionem
1390 1703 1509 1769 Domini,
1538 1704 1719 1758 invalescente

71 1793 279 1851 incommoditas
294 1796 362 1853 lecto
377 1807 568 1868 prosterneret,
586 1818 637 1857 non
654 1810 743 1858 tamen
767 1805 869 1862 littera·

71 1882 134 1936 lium
151 1884 299 1939 studiorum
313 1887 407 1956 rejecit
420 1904 541 1958 operam.
562 1889 634 1944 Totis
662 1893 734 1946 enim
763 1894 866 1962 diebus,

70 1979 169 2042 praeter
184 1972 307 2028 debitum
324 1976 482 2046 psalmodiae
498 1994 621 2048 pensum,
634 1982 749 2035 assiduis
764 1982 797 2037 ad
823 1984 867 2038 di-

75 2059 192 2130 scipulos
215 2060 384 2130 lectionibus,
409 2066 629 2136 ruminandisque
651 2077 677 2123 et
698 2069 870 2127 absolvendis

73 2149 250 2218 quaestionum
267 2149 476 2218 difficultatibus,
506 2156 680 2226 gravedinem
710 2159 870 2214 valetudinis

71 2237 209 2309 decipere,
226 2255 357 2310 suspense
384 2241 489 2295 interim
522 2244 693 2315 cogitatione,
724 2249 867 2303 nitebatur.

73 2325 249 2398 Evangelium
272 2330 533 2398 quoquelobannis,
551 2333 623 2401 quod
645 2333 804 2390 difficultate
827 2337 868 2391 sui

68 2423 174 2469 mentes
188 2416 338 2487 legentium
354 2426 469 2483 exercet,
487 2420 528 2473 bis
543 2420 650 2484 diebus,
665 2422 757 2494 lingua
790 2424 869 2479 inter·

68 2513 199 2572 praetatus
213 2505 335 2577 tnglica,
348 2507 539 2563 condescendit
548 2510 752 2565 minusimbutis
763 2513 865 2569 Latina:

68 2591 235 2662 subindeque
249 2595 378 2650 monebat
393 2596 548 2665 discipulos,
565 2598 657 2652 diceus
673 2617 701 2652 ει
715 2601 821 2667 Discite,
838 2602 868 2655 li-

68 2679 133 2748 lioli,
151 2681 215 2736 dum
247 2685 387 2741 vobiscum
416 2702 474 2739 sum
493 2705 499 2747 ;
521 2687 611 2742 nescio
638 2689 709 2741 enim
738 2689 867 2758 quamdiu

68 2768 220 2839 subsistam,
248 2781 275 2826 et
302 2774 324 2826 si
346 2783 406 2842 post
432 2775 568 2829 modicum
599 2776 674 2830 tollat
702 2794 744 2832 me
774 2779 869 2834 l'actor

69 2873 154 2923 meus,
171 2868 196 2913 et
209 2868 358 2915 revertetur
372 2863 482 2932 spiritus
498 2880 574 2918 naeus
588 2865 622 2918 ad
643 2881 705 2918 eum
730 2866 775 2934 qui
796 2867 868 2920 misit

69 2942 157 3011 illum,
173 2952 199 2999 ct
214 2945 240 2998 in
256 2947 325 3000 banc
339 2948 421 3000 vitam
437 2948 529 3002 venire
556 2949 687 3003 concessit
702 2967 709 3015 ς
738 2951 784 3004 diu
799 2951 865 3017 vixi,

922 1788 956 1842 ad
983 1796 1131 1843 extremum
1147 1788 1329 1855 incommodo,
1360 1792 1407 1860 9(
1440 1791 1561 1846 modicus
1587 1799 1675 1846 tumor
1692 1790 1720 1844 in

922 1876 1037 1948 pedibus
1051 1879 1184 1948 apparuit,
1207 1880 1278 1933 baud
1293 1877 1390 1934 dubius
1410 1880 1506 1934 vicinae
1532 1881 1626 1935 mortis
1647 1895 1719 1950 prae-

922 1992 1004 2048 sagus
1020 1984 1046 2031 et
1062 1976 1152 2031 index.
1169 1977 1253 2044 Tune,
1292 1979 1377 2033 accita
1399 1980 1620 2051 congregatione,
1640 1979 1717 2043 innn,

922 2079 979 2126 ctus
991 2077 1018 2126 et
1041 2072 1255 2127 communicatus
1272 2091 1277 2127 :
1294 2073 1386 2128 osculo
1403 2074 1507 2128 cunctis
1532 2073 1625 2137 libato,
1641 2072 1719 2126 futu-

921 2176 979 2214 ram
994 2160 1034 2214 sui
1050 2161 1237 2216 memoriama
1263 2162 1377 2232 singulis
1398 2162 1557 2231 implorans,
1580 2160 1718 2216 nonnullis

922 2249 1000 2303 etiam
1043 2248 1245 2304 familiariorem
1283 2251 1428 2304 amicitiam
1453 2251 1572 2305 emeritis
1596 2250 1713 2311 xeniola.

922 2352 982 2406 quae
998 2337 1024 2390 iu
1035 2336 1144 2391 secretis
1165 2337 1292 2401 habehat,
1310 2338 1423 2410 largitus
1446 2345 1493 2393 est.
1524 2339 1645 2393 Dievero
1661 2338 1718 2390 As-

921 2420 1064 2485 censionis,
1074 2436 1134 2474 cum
1144 2421 1201 2490 jam
1217 2422 1317 2489 anima,
1341 2421 1467 2494 fragilem
1491 2437 1567 2477 usum
1594 2421 1717 2490 corporis

921 2523 1016 2576 exosa,
1039 2508 1186 2580 egredique
1220 2510 1339 2581 gestiens
1367 2511 1519 2581 palpitaret,
1548 2517 1641 2564 contra
1657 2523 1716 2563 ora·

922 2597 1022 2652 tarium
1036 2598 1063 2650 iu
1085 2614 1137 2668 quo
1164 2606 1341 2653 consueverat
1361 2614 1448 2665 orare,
1478 2599 1565 2654 cilicio
1584 2598 1716 2667 subiecto,

921 2685 1095 2748 decumbens,
1112 2686 1215 2742 illibato
1239 2702 1319 2742 sensu
1343 2699 1370 2742 et
1396 2687 1473 2742 hilari
1505 2687 1579 2743 vultu
1604 2687 1719 2757 Spiritus
1807 2748 1810 2752 Δ

921 2782 1005 2835 sancti
1020 2781 1134 2852 gratiam
1146 2781 1286 2849 invitabat,
1302 2781 1395 2836 (licens
1422 2801 1427 2835 :
1455 2807 1467 2828 ιι
1493 2781 1516 2838 0
1544 2798 1588 2836 rex
1613 2781 1718 2853 gloriae,

921 2870 1037 2924 Domine
1051 2870 1190 2936 virtutum,
1208 2871 1252 2940 qui
1269 2870 1446 2940 triumphator
1457 2870 1537 2925 hodie
1551 2886 1631 2940 snper
1657 2885 1719 2925 um·

920 2975 969 3013 nes
984 2959 1068 3013 coelos
1084 2958 1236 3026 ascendisti,
1253 2975 1286 3014 ne
1312 2958 1482 3028 derelinquas
1502 2974 1550 3012 nos
1573 2960 1719 3026 orphanos,

70 3031 139 3088 bene
154 3035 286 3088 consuluit
296 3035 361 3088 mihi
375 3036 509 3090 Dominus
520 3053 596 3091 naeus
609 3039 635 3091 in
651 3041 702 3094 hoc
718 3039 781 3094 vitae
804 3055 866 3110 spa·
880 3069 905 3133 C
919 3047 967 3103 sed
983 3047 1058 3101 mitre
1073 3063 1233 3118 promrssum
1253 3048 1338 3103 patris
1348 3048 1375 3101 jn
1395 3063 1444 3101 nos
1473 3046 1600 3117 spirirum
1624 3047 1720 3103 verpa.

71 3121 109 3176 tio
125 3139 132 3175 :
149 3122 228 3192 cupio
242 3125 298 3193 jam
323 3124 432 3179 dissolvi
447 3134 473 3180 et
488 3142 546 3181 esse
560 3143 620 3181 cum
637 3128 754 3183 Christo.
775 3151 787 3175 ιι

113 3255 256 3329 90261.
279 3257 440 3330 Plerumque
455 3275 503 3328 spe
519 3269 645 3331 metuque
667 3261 780 3329 libratis,
804 3280 866 3318 eum

70 3354 192 3400 neutrum
219 3347 448 3416 praeponderaret,
478 3347 622 3414 inferebat,
648 3372 660 3401 ι
694 3351 864 3407 Horrendum

70 3444 109 3488 est
129 3434 247 3489 incidere
262 3435 288 3487 in
305 3452 400 3489 manus
415 3437 464 3490 Dei
474 3437 589 3491 viventis
613 3440 680 3509 (80).
701 3463 711 3486 ιι
729 3465 787 3489 -ιι
805 3442 866 3495 Νοιι

69 3521 105 3577 ita
119 3524 191 3577 inter
205 3540 253 3578 vos
278 3524 331 3578 vixi
346 3532 374 3578 ut
390 3525 487 3594 pudeat
498 3543 540 3579 me
557 3527 658 3593 vivere,
668 3528 715 3582 sed
730 3545 779 3584 nee
798 3531 866 3585 mori

73 3612 163 3674 timeo,
180 3613 242 3680 quia
251 3613 351 3666 bouum
363 3613 509 3667 Dominum
519 3615 652 3669 babemus
663 3630 669 3684 ;
681 3639 691 3663 ιι
705 3618 865 3672 sanctissimi

70 3700 205 3755 Ambrosii
240 3702 379 3755 morientis
406 3701 505 3756 dietum
538 3711 673 3758 mutuatus
700 3707 766 3775 (81).
792 3707 866 3761 Felix

71 3789 115 3860 qui
131 3798 184 3845 tam
200 3806 293 3844 secura
313 3790 472 3859 loquebatur
494 3793 669 3857 conscientia,
689 3801 717 3846 ut
745 3810 794 3849 nee
823 3796 866 3850 vi-

70 3895 132 3934 vere
143 3879 325 3945 erubesceret,
342 3895 392 3934 nec
408 3880 475 3934 mori
486 3889 618 3934 uretueret
635 3899 642 3943 ;
665 3882 709 3936 hio
741 3898 797 3937 non
825 3900 866 3938 re-

70 3969 168 4023 veritus
182 3976 306 4038 aspectus
320 3969 469 4035 bominum,
482 3969 535 4023 illie
548 3971 678 4024 occultum
695 3972 744 4025 Dei
771 3988 865 4043 aequa-

68 4057 178 4111 nimiter
210 4064 368 4126 exspectans
409 4057 563 4113 arbitrium.
594 4058 686 4128 Saepe,
716 4059 743 4114 vi
766 4059 867 4115 doloris

68 4161 186 4214 pressus,
214 4145 257 4198 his
279 4146 411 4213 exemplis
430 4147 589 4217 respirabat.
608 4171 619 4194 ιι
644 4151 749 4203 durum
771 4149 867 4219 probat

68 4232 175 4302 fornax,
210 4242 237 4287 et
264 4235 351 4288 virum
376 4236 479 4304 justum
520 4237 641 4291 caminus
668 4238 863 4294 tentationis.»

71 4354 81 4380 ι
111 4332 173 4386 Νοιι
201 4339 261 4385 sunt
289 4333 432 4403 condigne
459 4335 597 4404 passiones
631 4333 710 4404 hujus
739 4335 866 4406 temporis

920 3136 953 3190 tis
971 3154 976 3189 :
996 3160 1007 3183 ι
1024 3137 1075 3190 hac
1089 3137 1210 3191 oratioue
1225 3134 1303 3190 finita
1329 3137 1385 3205 (87)
1415 3151 1569 3207 supremum
1594 3133 1693 3190 efflavit
1709 3154 1717 3202 ;

919 3224 1097 3293 subsequente
1113 3231 1140 3278 ot
1155 3224 1276 3279 omnium
1294 3223 1406 3280 naribus
1419 3222 1538 3295 expletis
1552 3222 1609 3292 (88)
1626 3223 1718 3292 odore,

920 3323 1028 3392 qualem
1044 3338 1093 3376 nec
1108 3322 1233 3377 cinnama
1248 3338 1299 3377 nec
1311 3322 1432 3401 balsamp
1447 3322 1557 3391 spirant,
1582 3319 1629 3375 sed
1645 3336 1721 3390 para·

919 3411 1031 3477 disiaco,
1054 3418 1080 3465 et
1094 3426 1173 3481 quem
1188 3410 1308 3467 vernalis
1321 3411 1472 3479 ubieunque
1487 3409 1605 3464 locorum
1634 3409 1723 3463 exalat

919 3500 1020 3556 laetitia.
1053 3500 1182 3553 Humerus
1212 3509 1252 3554 est
1278 3508 1341 3556 tuuc
1364 3500 1390 3553 in
1419 3499 1516 3554 eodem
1543 3498 1717 3562 nrouasterio,

920 3597 977 3666 (89)
992 3597 1039 3652 sed
1050 3597 1131 3651 modo
1146 3613 1206 3652 cum
1219 3596 1299 3651 beato
1314 3595 1459 3652 cuthberto
1484 3597 1608 3651 Dunelmi
1637 3596 1717 3650 situm

919 3686 994 3739 fame
1010 3684 1165 3740 confirmat.

954 3773 1029 3845 262.
1050 3773 1160 3844 Sepulta
1175 3781 1289 3827 osteum
1305 3789 1337 3829 eo
1362 3781 1500 3846 gestorum
1531 3775 1619 3829 omnis
1646 3789 1715 3845 pene

919 3872 1013 3928 notitia
1028 3870 1156 3940 usquead
1170 3880 1409 3942 nostratempora.
1439 3873 1519 3927 Adeo
1541 3873 1629 3926 nullus
1666 3877 1718 3925 Λιι-

919 3959 1183 4032 glorumstudiorum
1222 3959 1280 4024 ejus
1307 3960 1430 4024 aemuluS,
1459 3961 1547 4014 nullus
1574 3961 1721 4031 gloriarum

920 4048 978 4117 ejus
992 4065 1095 4121 sequax
1110 4047 1169 4116 fuit,
1187 4049 1232 4117 qui
1247 4048 1355 4103 omissae
1370 4056 1487 4103 monete
1513 4049 1611 4103 lineam
1622 4064 1716 4116 perse-

920 4153 1068 4214 queretur:
1085 4143 1163 4213 pauci
1179 4159 1246 4212 quos
1260 4159 1353 4212 aequus
1380 4144 1480 4198 amavit
1490 4144 1577 4208 Jesus,
1595 4143 1718 4211 quamvis

919 4241 1013 4297 litteris
1026 4257 1080 4296 nou
1094 4241 1249 4314 ignobiliter
1265 4241 1413 4306 informati,
1431 4249 1486 4296 tota
1510 4241 1563 4295 vitu
1585 4241 1720 4312 ingratum

918 4338 1141 4401 consumpserunt
1152 4330 1287 4385 silentium
1303 4349 1310 4398 ;
1326 4330 1382 4398 alii,
1397 4330 1442 4385 vix
1459 4328 1553 4401 primis
1567 4328 1649 4383 labris
1659 4331 1716 4398 (90)

70 4419 237 4476 adlaturam
251 4421 367 4494 gloriam
383 4439 442 4492 quae
456 4425 620 4480 revelabitur
636 4424 665 4478 in
678 4424 758 4479 uobis
768 4423 835 4493 (82).
849 4447 860 4473 ι
879 4427 907 4490 1)
921 4418 981 4475 illas
994 4427 1142 4491 gustantes,
1159 4418 1288 4491 ignavum
1301 4418 1479 4475 confoverunt
1493 4418 1590 4473 otium.
1610 4418 1718 4473 ltacum

104 4618 162 4687 (Π)
178 4619 210 4673 le
226 4619 294 4674 libre
311 4622 396 4676 tertie
411 4635 496 4692 seper
514 4620 684 4677 Samuelem.
724 4617 791 4688 Quae
807 4635 867 4676 seu·

70 4687 152 4743 tentia
183 4690 342 4758 exprimitur
369 4692 395 4744 iu
419 4691 532 4763 prologo
564 4691 598 4744 ad
627 4691 724 4746 librum
751 4691 868 4762 primum

69 4758 256 4829 Expositionis
283 4761 436 4831 allegoricae
457 4762 484 4814 in
517 4761 671 4816 Samuelem
698 4763 867 4832 prophetam,

69 4847 96 4900 p.
115 4829 178 4892 208,
195 4839 264 4885 tout.
285 4833 377 4885 tlt-tv.
394 4833 474 4886 Bedae
489 4830 588 4900 Opera,
604 4833 727 4896 Basileus,
752 4835 830 4886 156³.

104 4903 160 4972 (78)
182 4901 322 4971 Tempore.
338 4904 364 4957 d.
377 4918 402 4956 e.
419 4918 467 4967 m,
482 4905 613 4973 proxime
630 4907 763 4973 tempore,
780 4917 805 4956 a.
835 4917 862 4957 c.

70 4970 213 5044 l.‚prime
229 4978 362 5044 ternpore,
380 4990 405 5026 s.

102 5041 160 5114 (te)
175 5043 341 5098 lieceiluot.
361 5060 385 5098 c.
398 5045 425 5098 d.
440 5060 476 5106 e..
494 5045 640 5111 excelluit,
657 5061 681 5097 a.
703 5061 728 5097 s.
744 5043 762 5096 l.

104 5117 161 5181 (80)
178 5115 387 5169 Horrendum...
404 5118 535 5169 uiuentis.
555 5116 640 5168 lleltr.
663 5133 688 5180 x,
707 5117 748 5168 ll.

104 5185 161 5252 (81)
192 5185 348 5239 ituraeam.
366 5203 390 5239 u.
408 5187 438 5238 d.
459 5204 485 5238 e.
506 5189 649 5250 imitetur,
664 5204 722 5240 a.s.
740 5187 756 5240 Ι.

103 5259 162 5322 (82)
180 5255 238 5309 Noe
254 5260 356 5310 siant...
373 5258 405 5311 ire
421 5258 509 5311 crebis.
529 5259 605 5309 llum.
618 5273 675 5320 ιιιι,
691 5261 734 5311 ts.

103 5325 162 5393 (83)
178 5326 325 5396 :tunquam
341 5329 438 5381 miuus
451 5329 537 5387 solus,
555 5328 645 5395 Scipio
661 5329 797 5381 Africanus
826 5329 865 5381 di-

66 5413 128 5453 ccre
158 5396 271 5454 solerter.
291 5421 300 5442 ι
319 5415 346 5450 se
374 5414 511 5465 utinquam
541 5399 628 5450 vuinus
656 5400 769 5452 otiosum
795 5417 862 5464 esse,

66 5485 147 5537 quam
163 5484 224 5521 curu
241 5469 429 5528 otiosus;rrec
445 5470 533 5522 minus
569 5470 665 5529 solum,
696 5486 775 5537 quum
803 5488 864 5523 rum

66 5539 138 5596 solus
153 5545 234 5593 essct.
259 5563 268 5583 ι
286 5541 397 5604 Cranno,
415 5541 451 5594 fle
466 5541 554 5610 offic,
572 5540 617 5592 lib.
636 5554 675 5603 ur,
691 5556 718 5594 c.
748 5543 773 5592 l.

103 5611 162 5683 (86)
177 5608 324 5682 suscipe„
341 5612 462 5682 superbi.
482 5611 552 5664 Psal.
578 5627 650 5677 cxix,
664 5611 728 5666 tea.

958 4618 1196 4744 (t5tllnbonem.
1214 4619 1241 4675 d.
1271 4636 1308 4689 e.,
1332 4621 1365 4676 iu
1393 4620 1471 4687 boue,
1503 4636 1540 4690 c.,
1569 4620 1658 4676 omitt.
1691 4618 1720 4673 in

922 4705 947 4744 a.
964 4706 989 4744 s.
1022 4731 1029 4744 .

957 4759 1015 4830 (86)
1031 4764 1124 4818 Fae...
1142 4766 1231 4819 tuam.
1249 4762 1322 4817 Psal.
1342 4778 1415 4825 cxix,
1433 4763 1494 4816 tat.

956 4832 1016 4903 (87)
1033 4834 1200 4904 Supremam
1217 4832 1330 4905 efflaret.
1356 4833 1476 4902 Epistola
1496 4832 1522 4885 in
1544 4847 1598 4901 qua
1620 4832 1719 4886 deseri·

921 4902 1151 4958 bunturlledrein
1180 4905 1307 4960 extremis
1326 4904 1404 4976 positi
1423 4903 1515 4966 verba,
1544 4903 1580 4955 ab
1609 4919 1660 4955 uuo
1686 4919 1718 4955 ex

922 4975 982 5041 ejus
1015 4973 1158 5044 discipulis,
1185 4975 1231 5043 qui
1265 4977 1323 5038 ejus
1352 4975 1429 5029 morti
1464 4989 1586 5040 praesens
1615 4973 1716 5037 arferat,

920 5045 991 5098 editu
1006 5052 1045 5097 cst
1061 5046 1086 5097 iu
1104 5048 1261 5111 Stut'ertsou,
1279 5047 1472 5102 intraturum
1489 5050 1515 5099 fo
1532 5044 1612 5108 Bede,
1626 5047 1717 5098 llisfo·

920 5117 962 5168 rie
977 5117 1180 5170 ecelesiastica.

955 5186 1012 5254 (stt)
1032 5187 1169 5256 llrplelis.
1187 5187 1217 5242 d.
1239 5203 1262 5240 o.
1279 5204 1333 5247 ιιι..
1349 5189 1479 5257 oppletis,
1497 5206 1524 5242 a.
1545 5205 1567 5244 s.
1598 5205 1621 5241 e.
1638 5187 1659 5238 Ι.

955 5258 1074 5322 ((8οι86ιί
1121 5259 1231 5312 attede...
1270 5262 1347 5324 tertre
1379 5262 1542 5326 ceresieumt.
1581 5258 1717 5321 AElfridus,

920 5328 1060 5398 presbyter
1075 5327 1152 5379 aute
1167 5344 1228 5381 ussit
1241 5344 1255 5379 e
1283 5329 1387 5382 erou·
1414 5332 1483 5383 liuto
1512 5331 1653 5384 abstulisse
1682 5332 1717 5382 di-

919 5399 998 5460 eitur,
1029 5414 1114 5465 eaque
1135 5399 1160 5450 in
1188 5398 1333 5452 ratlrerlruli
1361 5400 1530 5454 ltuuclrueusi
1570 5404 1719 5467 leuatum)

919 5468 1032 5523 ecclesia
1046 5469 1211 5537 deposuisse,
1229 5470 1300 5524 cirea
1317 5470 1420 5524 initium
1451 5472 1583 5526 undecimi
1616 5475 1717 5524 neritii.

955 5540 1012 5610 (00)
1028 5540 1132 5594 dubria.
1149 5556 1173 5593 a.
1191 5557 1216 5593 s.
1232 5557 1258 5593 c.
1279 5540 1309 5608 l.,
1323 5542 1410 5612 libris,
1428 5543 1489 5597 de.
1506 5561 1547 5597 m.
